{
    "2023-06-30": {
        "Tax Effect Of Unusual Items": NaN,
        "Tax Rate For Calcs": NaN,
        "Normalized EBITDA": NaN,
        "Total Unusual Items": NaN,
        "Total Unusual Items Excluding Goodwill": NaN,
        "Net Income From Continuing Operation Net Minority Interest": NaN,
        "Reconciled Depreciation": NaN,
        "Reconciled Cost Of Revenue": NaN,
        "EBITDA": NaN,
        "EBIT": NaN,
        "Net Interest Income": NaN,
        "Interest Expense": NaN,
        "Normalized Income": NaN,
        "Net Income From Continuing And Discontinued Operation": NaN,
        "Total Expenses": NaN,
        "Diluted Average Shares": NaN,
        "Basic Average Shares": NaN,
        "Diluted EPS": NaN,
        "Basic EPS": NaN,
        "Diluted NI Availto Com Stockholders": NaN,
        "Net Income Common Stockholders": NaN,
        "Net Income": NaN,
        "Minority Interests": NaN,
        "Net Income Including Noncontrolling Interests": NaN,
        "Net Income Continuous Operations": NaN,
        "Tax Provision": NaN,
        "Pretax Income": NaN,
        "Other Income Expense": NaN,
        "Other Non Operating Income Expenses": NaN,
        "Special Income Charges": NaN,
        "Gain On Sale Of Ppe": NaN,
        "Restructuring And Mergern Acquisition": NaN,
        "Earnings From Equity Interest": NaN,
        "Gain On Sale Of Security": NaN,
        "Net Non Operating Interest Income Expense": NaN,
        "Interest Expense Non Operating": NaN,
        "Operating Income": NaN,
        "Operating Expense": NaN,
        "Other Operating Expenses": 153000000.0,
        "Depreciation Amortization Depletion Income Statement": NaN,
        "Depreciation And Amortization In Income Statement": 153000000.0,
        "Research And Development": NaN,
        "Selling General And Administration": NaN,
        "Gross Profit": NaN,
        "Cost Of Revenue": NaN,
        "Total Revenue": NaN,
        "Operating Revenue": NaN
    },
    "2023-03-31": {
        "Tax Effect Of Unusual Items": NaN,
        "Tax Rate For Calcs": NaN,
        "Normalized EBITDA": NaN,
        "Total Unusual Items": NaN,
        "Total Unusual Items Excluding Goodwill": NaN,
        "Net Income From Continuing Operation Net Minority Interest": NaN,
        "Reconciled Depreciation": NaN,
        "Reconciled Cost Of Revenue": NaN,
        "EBITDA": NaN,
        "EBIT": NaN,
        "Net Interest Income": NaN,
        "Interest Expense": NaN,
        "Normalized Income": NaN,
        "Net Income From Continuing And Discontinued Operation": NaN,
        "Total Expenses": NaN,
        "Diluted Average Shares": NaN,
        "Basic Average Shares": NaN,
        "Diluted EPS": NaN,
        "Basic EPS": NaN,
        "Diluted NI Availto Com Stockholders": NaN,
        "Net Income Common Stockholders": NaN,
        "Net Income": NaN,
        "Minority Interests": NaN,
        "Net Income Including Noncontrolling Interests": NaN,
        "Net Income Continuous Operations": NaN,
        "Tax Provision": NaN,
        "Pretax Income": NaN,
        "Other Income Expense": NaN,
        "Other Non Operating Income Expenses": NaN,
        "Special Income Charges": NaN,
        "Gain On Sale Of Ppe": NaN,
        "Restructuring And Mergern Acquisition": NaN,
        "Earnings From Equity Interest": NaN,
        "Gain On Sale Of Security": NaN,
        "Net Non Operating Interest Income Expense": NaN,
        "Interest Expense Non Operating": NaN,
        "Operating Income": NaN,
        "Operating Expense": NaN,
        "Other Operating Expenses": 153000000.0,
        "Depreciation Amortization Depletion Income Statement": NaN,
        "Depreciation And Amortization In Income Statement": 153000000.0,
        "Research And Development": NaN,
        "Selling General And Administration": NaN,
        "Gross Profit": NaN,
        "Cost Of Revenue": NaN,
        "Total Revenue": NaN,
        "Operating Revenue": NaN
    },
    "2022-12-31": {
        "Tax Effect Of Unusual Items": NaN,
        "Tax Rate For Calcs": NaN,
        "Normalized EBITDA": NaN,
        "Total Unusual Items": NaN,
        "Total Unusual Items Excluding Goodwill": NaN,
        "Net Income From Continuing Operation Net Minority Interest": NaN,
        "Reconciled Depreciation": NaN,
        "Reconciled Cost Of Revenue": NaN,
        "EBITDA": NaN,
        "EBIT": NaN,
        "Net Interest Income": NaN,
        "Interest Expense": NaN,
        "Normalized Income": NaN,
        "Net Income From Continuing And Discontinued Operation": NaN,
        "Total Expenses": NaN,
        "Diluted Average Shares": NaN,
        "Basic Average Shares": NaN,
        "Diluted EPS": NaN,
        "Basic EPS": NaN,
        "Diluted NI Availto Com Stockholders": NaN,
        "Net Income Common Stockholders": NaN,
        "Net Income": NaN,
        "Minority Interests": NaN,
        "Net Income Including Noncontrolling Interests": NaN,
        "Net Income Continuous Operations": NaN,
        "Tax Provision": NaN,
        "Pretax Income": NaN,
        "Other Income Expense": NaN,
        "Other Non Operating Income Expenses": NaN,
        "Special Income Charges": NaN,
        "Gain On Sale Of Ppe": NaN,
        "Restructuring And Mergern Acquisition": NaN,
        "Earnings From Equity Interest": NaN,
        "Gain On Sale Of Security": NaN,
        "Net Non Operating Interest Income Expense": NaN,
        "Interest Expense Non Operating": NaN,
        "Operating Income": NaN,
        "Operating Expense": NaN,
        "Other Operating Expenses": 202000000.0,
        "Depreciation Amortization Depletion Income Statement": NaN,
        "Depreciation And Amortization In Income Statement": 147000000.0,
        "Research And Development": NaN,
        "Selling General And Administration": NaN,
        "Gross Profit": NaN,
        "Cost Of Revenue": NaN,
        "Total Revenue": NaN,
        "Operating Revenue": NaN
    },
    "2022-09-30": {
        "Tax Effect Of Unusual Items": NaN,
        "Tax Rate For Calcs": NaN,
        "Normalized EBITDA": NaN,
        "Total Unusual Items": NaN,
        "Total Unusual Items Excluding Goodwill": NaN,
        "Net Income From Continuing Operation Net Minority Interest": NaN,
        "Reconciled Depreciation": NaN,
        "Reconciled Cost Of Revenue": NaN,
        "EBITDA": NaN,
        "EBIT": NaN,
        "Net Interest Income": NaN,
        "Interest Expense": NaN,
        "Normalized Income": NaN,
        "Net Income From Continuing And Discontinued Operation": NaN,
        "Total Expenses": NaN,
        "Diluted Average Shares": NaN,
        "Basic Average Shares": NaN,
        "Diluted EPS": NaN,
        "Basic EPS": NaN,
        "Diluted NI Availto Com Stockholders": NaN,
        "Net Income Common Stockholders": NaN,
        "Net Income": NaN,
        "Minority Interests": NaN,
        "Net Income Including Noncontrolling Interests": NaN,
        "Net Income Continuous Operations": NaN,
        "Tax Provision": NaN,
        "Pretax Income": NaN,
        "Other Income Expense": NaN,
        "Other Non Operating Income Expenses": NaN,
        "Special Income Charges": NaN,
        "Gain On Sale Of Ppe": NaN,
        "Restructuring And Mergern Acquisition": NaN,
        "Earnings From Equity Interest": NaN,
        "Gain On Sale Of Security": NaN,
        "Net Non Operating Interest Income Expense": NaN,
        "Interest Expense Non Operating": NaN,
        "Operating Income": NaN,
        "Operating Expense": NaN,
        "Other Operating Expenses": 149000000.0,
        "Depreciation Amortization Depletion Income Statement": NaN,
        "Depreciation And Amortization In Income Statement": NaN,
        "Research And Development": NaN,
        "Selling General And Administration": NaN,
        "Gross Profit": NaN,
        "Cost Of Revenue": NaN,
        "Total Revenue": NaN,
        "Operating Revenue": NaN
    },
    "2022-06-30": {
        "Tax Effect Of Unusual Items": 19328193.832599,
        "Tax Rate For Calcs": 0.257709,
        "Normalized EBITDA": 1024000000.0,
        "Total Unusual Items": 75000000.0,
        "Total Unusual Items Excluding Goodwill": 75000000.0,
        "Net Income From Continuing Operation Net Minority Interest": 549000000.0,
        "Reconciled Depreciation": 161000000.0,
        "Reconciled Cost Of Revenue": 2767000000.0,
        "EBITDA": 1099000000.0,
        "EBIT": 938000000.0,
        "Net Interest Income": -30000000.0,
        "Interest Expense": 30000000.0,
        "Normalized Income": 493328193.832599,
        "Net Income From Continuing And Discontinued Operation": 549000000.0,
        "Total Expenses": 2987000000.0,
        "Diluted Average Shares": 186000000.0,
        "Basic Average Shares": 182000000.0,
        "Diluted EPS": 2.95,
        "Basic EPS": 3.01,
        "Diluted NI Availto Com Stockholders": 549000000.0,
        "Net Income Common Stockholders": 549000000.0,
        "Net Income": 549000000.0,
        "Minority Interests": -125000000.0,
        "Net Income Including Noncontrolling Interests": 674000000.0,
        "Net Income Continuous Operations": 674000000.0,
        "Tax Provision": 234000000.0,
        "Pretax Income": 908000000.0,
        "Other Income Expense": 281000000.0,
        "Other Non Operating Income Expenses": 206000000.0,
        "Special Income Charges": 75000000.0,
        "Gain On Sale Of Ppe": -4000000.0,
        "Restructuring And Mergern Acquisition": -75000000.0,
        "Earnings From Equity Interest": 35000000.0,
        "Gain On Sale Of Security": 180000000.0,
        "Net Non Operating Interest Income Expense": -30000000.0,
        "Interest Expense Non Operating": 30000000.0,
        "Operating Income": 657000000.0,
        "Operating Expense": 220000000.0,
        "Other Operating Expenses": 161000000.0,
        "Research And Development": 7000000.0,
        "Selling General And Administration": 52000000.0,
        "Gross Profit": 877000000.0,
        "Cost Of Revenue": 2767000000.0,
        "Total Revenue": 3644000000.0,
        "Operating Revenue": 3644000000.0
    },
    "2023-09-30": {
        "Tax Effect Of Unusual Items": -12741228.070175,
        "Tax Rate For Calcs": 0.153509,
        "Normalized EBITDA": 44000000.0,
        "Total Unusual Items": -83000000.0,
        "Total Unusual Items Excluding Goodwill": -83000000.0,
        "Net Income From Continuing Operation Net Minority Interest": -168000000.0,
        "Reconciled Depreciation": 163000000.0,
        "Reconciled Cost Of Revenue": 2469000000.0,
        "EBITDA": -39000000.0,
        "EBIT": -202000000.0,
        "Net Interest Income": -26000000.0,
        "Interest Expense": 26000000.0,
        "Normalized Income": -97741228.070175,
        "Net Income From Continuing And Discontinued Operation": -168000000.0,
        "Total Expenses": 2697000000.0,
        "Diluted Average Shares": 178000000.0,
        "Basic Average Shares": 178000000.0,
        "Diluted EPS": -0.94,
        "Basic EPS": -0.94,
        "Diluted NI Availto Com Stockholders": -168000000.0,
        "Net Income Common Stockholders": -168000000.0,
        "Net Income": -168000000.0,
        "Minority Interests": 25000000.0,
        "Net Income Including Noncontrolling Interests": -193000000.0,
        "Net Income Continuous Operations": -193000000.0,
        "Tax Provision": -35000000.0,
        "Pretax Income": -228000000.0,
        "Other Income Expense": -107000000.0,
        "Other Non Operating Income Expenses": 16000000.0,
        "Special Income Charges": -21000000.0,
        "Gain On Sale Of Ppe": 1000000.0,
        "Restructuring And Mergern Acquisition": 22000000.0,
        "Earnings From Equity Interest": -40000000.0,
        "Gain On Sale Of Security": -62000000.0,
        "Net Non Operating Interest Income Expense": -26000000.0,
        "Interest Expense Non Operating": 26000000.0,
        "Operating Income": -95000000.0,
        "Operating Expense": 228000000.0,
        "Other Operating Expenses": 163000000.0,
        "Depreciation Amortization Depletion Income Statement": 163000000.0,
        "Depreciation And Amortization In Income Statement": 163000000.0,
        "Research And Development": 9000000.0,
        "Selling General And Administration": 56000000.0,
        "Gross Profit": 133000000.0,
        "Cost Of Revenue": 2469000000.0,
        "Total Revenue": 2602000000.0,
        "Operating Revenue": 2602000000.0
    },
    "2023-12-31": {
        "Tax Effect Of Unusual Items": 26880000.0,
        "Tax Rate For Calcs": 0.21,
        "Normalized EBITDA": -14000000.0,
        "Total Unusual Items": 128000000.0,
        "Total Unusual Items Excluding Goodwill": 128000000.0,
        "Net Income From Continuing Operation Net Minority Interest": -150000000.0,
        "Reconciled Depreciation": 163000000.0,
        "Reconciled Cost Of Revenue": 2425000000.0,
        "EBITDA": 114000000.0,
        "EBIT": -49000000.0,
        "Net Interest Income": -28000000.0,
        "Interest Expense": 28000000.0,
        "Normalized Income": -251120000.0,
        "Net Income From Continuing And Discontinued Operation": -150000000.0,
        "Total Expenses": 2734000000.0,
        "Diluted Average Shares": 178466610.0,
        "Basic Average Shares": 178466610.0,
        "Diluted EPS": -0.84,
        "Basic EPS": -0.84,
        "Diluted NI Availto Com Stockholders": -150000000.0,
        "Net Income Common Stockholders": -150000000.0,
        "Net Income": -150000000.0,
        "Minority Interests": 77000000.0,
        "Net Income Including Noncontrolling Interests": -227000000.0,
        "Net Income Continuous Operations": -227000000.0,
        "Tax Provision": 150000000.0,
        "Pretax Income": -77000000.0,
        "Other Income Expense": 90000000.0,
        "Other Non Operating Income Expenses": 11000000.0,
        "Special Income Charges": 79000000.0,
        "Gain On Sale Of Ppe": 0.0,
        "Restructuring And Mergern Acquisition": -165000000.0,
        "Earnings From Equity Interest": -49000000.0,
        "Gain On Sale Of Security": 49000000.0,
        "Net Non Operating Interest Income Expense": -28000000.0,
        "Interest Expense Non Operating": 28000000.0,
        "Operating Income": -139000000.0,
        "Operating Expense": 309000000.0,
        "Other Operating Expenses": NaN,
        "Depreciation Amortization Depletion Income Statement": 163000000.0,
        "Depreciation And Amortization In Income Statement": 163000000.0,
        "Research And Development": 14000000.0,
        "Selling General And Administration": 64000000.0,
        "Gross Profit": 170000000.0,
        "Cost Of Revenue": 2425000000.0,
        "Total Revenue": 2595000000.0,
        "Operating Revenue": 2595000000.0
    },
    "2024-03-31": {
        "Tax Effect Of Unusual Items": -13403076.923077,
        "Tax Rate For Calcs": 0.055385,
        "Normalized EBITDA": 105000000.0,
        "Total Unusual Items": -242000000.0,
        "Total Unusual Items Excluding Goodwill": -242000000.0,
        "Net Income From Continuing Operation Net Minority Interest": -252000000.0,
        "Reconciled Depreciation": 161000000.0,
        "Reconciled Cost Of Revenue": 2404000000.0,
        "EBITDA": -137000000.0,
        "EBIT": -298000000.0,
        "Net Interest Income": -27000000.0,
        "Interest Expense": 27000000.0,
        "Normalized Income": -23403076.923077,
        "Net Income From Continuing And Discontinued Operation": -252000000.0,
        "Total Expenses": 2636000000.0,
        "Diluted Average Shares": 179000000.0,
        "Basic Average Shares": 179000000.0,
        "Diluted EPS": -1.41,
        "Basic EPS": -1.41,
        "Diluted NI Availto Com Stockholders": -252000000.0,
        "Net Income Common Stockholders": -252000000.0,
        "Net Income": -252000000.0,
        "Minority Interests": 55000000.0,
        "Net Income Including Noncontrolling Interests": -307000000.0,
        "Net Income Continuous Operations": -307000000.0,
        "Tax Provision": -18000000.0,
        "Pretax Income": -325000000.0,
        "Other Income Expense": -261000000.0,
        "Other Non Operating Income Expenses": 8000000.0,
        "Special Income Charges": -213000000.0,
        "Gain On Sale Of Ppe": -11000000.0,
        "Restructuring And Mergern Acquisition": 202000000.0,
        "Earnings From Equity Interest": -27000000.0,
        "Gain On Sale Of Security": -29000000.0,
        "Net Non Operating Interest Income Expense": -27000000.0,
        "Interest Expense Non Operating": 27000000.0,
        "Operating Income": -37000000.0,
        "Operating Expense": 232000000.0,
        "Other Operating Expenses": NaN,
        "Depreciation Amortization Depletion Income Statement": 161000000.0,
        "Depreciation And Amortization In Income Statement": NaN,
        "Research And Development": 11000000.0,
        "Selling General And Administration": 60000000.0,
        "Gross Profit": 195000000.0,
        "Cost Of Revenue": 2404000000.0,
        "Total Revenue": 2599000000.0,
        "Operating Revenue": 2599000000.0
    },
    "2024-06-30": {
        "Tax Effect Of Unusual Items": -5670000.0,
        "Tax Rate For Calcs": 0.21,
        "Normalized EBITDA": 322000000.0,
        "Total Unusual Items": -27000000.0,
        "Total Unusual Items Excluding Goodwill": -27000000.0,
        "Net Income From Continuing Operation Net Minority Interest": 20000000.0,
        "Reconciled Depreciation": 163000000.0,
        "Reconciled Cost Of Revenue": 2533000000.0,
        "EBITDA": 295000000.0,
        "EBIT": 132000000.0,
        "Net Interest Income": -40000000.0,
        "Interest Expense": 40000000.0,
        "Normalized Income": 41330000.0,
        "Net Income From Continuing And Discontinued Operation": 20000000.0,
        "Total Expenses": 2778000000.0,
        "Diluted Average Shares": 181000000.0,
        "Basic Average Shares": 180000000.0,
        "Diluted EPS": 0.11,
        "Basic EPS": 0.11,
        "Diluted NI Availto Com Stockholders": 20000000.0,
        "Net Income Common Stockholders": 20000000.0,
        "Net Income": 20000000.0,
        "Minority Interests": -11000000.0,
        "Net Income Including Noncontrolling Interests": 31000000.0,
        "Net Income Continuous Operations": 31000000.0,
        "Tax Provision": 61000000.0,
        "Pretax Income": 92000000.0,
        "Other Income Expense": 4000000.0,
        "Other Non Operating Income Expenses": 9000000.0,
        "Special Income Charges": -24000000.0,
        "Gain On Sale Of Ppe": -6000000.0,
        "Restructuring And Mergern Acquisition": 18000000.0,
        "Earnings From Equity Interest": 22000000.0,
        "Gain On Sale Of Security": -3000000.0,
        "Net Non Operating Interest Income Expense": -40000000.0,
        "Interest Expense Non Operating": 40000000.0,
        "Operating Income": 128000000.0,
        "Operating Expense": 245000000.0,
        "Other Operating Expenses": NaN,
        "Depreciation Amortization Depletion Income Statement": 163000000.0,
        "Depreciation And Amortization In Income Statement": NaN,
        "Research And Development": 13000000.0,
        "Selling General And Administration": 69000000.0,
        "Gross Profit": 373000000.0,
        "Cost Of Revenue": 2533000000.0,
        "Total Revenue": 2906000000.0,
        "Operating Revenue": 2906000000.0
    },
    "2024-09-30": {
        "Tax Effect Of Unusual Items": -7350000.0,
        "Tax Rate For Calcs": 0.21,
        "Normalized EBITDA": 422000000.0,
        "Total Unusual Items": -35000000.0,
        "Total Unusual Items Excluding Goodwill": -35000000.0,
        "Net Income From Continuing Operation Net Minority Interest": 90000000.0,
        "Reconciled Depreciation": 159000000.0,
        "Reconciled Cost Of Revenue": 2393000000.0,
        "EBITDA": 387000000.0,
        "EBIT": 228000000.0,
        "Net Interest Income": -44000000.0,
        "Interest Expense": 44000000.0,
        "Normalized Income": 117650000.0,
        "Net Income From Continuing And Discontinued Operation": 90000000.0,
        "Total Expenses": 2634000000.0,
        "Diluted Average Shares": 234000000.0,
        "Basic Average Shares": 232000000.0,
        "Diluted EPS": 0.38,
        "Basic EPS": 0.39,
        "Diluted NI Availto Com Stockholders": 90000000.0,
        "Net Income Common Stockholders": 90000000.0,
        "Net Income": 90000000.0,
        "Minority Interests": -8000000.0,
        "Net Income Including Noncontrolling Interests": 98000000.0,
        "Net Income Continuous Operations": 98000000.0,
        "Tax Provision": 86000000.0,
        "Pretax Income": 184000000.0,
        "Other Income Expense": -42000000.0,
        "Other Non Operating Income Expenses": 12000000.0,
        "Special Income Charges": -31000000.0,
        "Gain On Sale Of Ppe": -1000000.0,
        "Restructuring And Mergern Acquisition": 30000000.0,
        "Earnings From Equity Interest": -19000000.0,
        "Gain On Sale Of Security": -4000000.0,
        "Net Non Operating Interest Income Expense": -44000000.0,
        "Interest Expense Non Operating": 44000000.0,
        "Operating Income": 270000000.0,
        "Operating Expense": 241000000.0,
        "Other Operating Expenses": NaN,
        "Depreciation Amortization Depletion Income Statement": 159000000.0,
        "Depreciation And Amortization In Income Statement": NaN,
        "Research And Development": 16000000.0,
        "Selling General And Administration": 66000000.0,
        "Gross Profit": 511000000.0,
        "Cost Of Revenue": 2393000000.0,
        "Total Revenue": 2904000000.0,
        "Operating Revenue": 2904000000.0
    }
}