{
    "2023-06-30": {
        "Tax Effect Of Unusual Items": 0.0,
        "Tax Rate For Calcs": 0.241066,
        "Normalized EBITDA": 2311000000.0,
        "Total Unusual Items": 0.0,
        "Total Unusual Items Excluding Goodwill": 0.0,
        "Net Income From Continuing Operation Net Minority Interest": 1338000000.0,
        "Reconciled Cost Of Revenue": 9908000000.0,
        "EBITDA": 2311000000.0,
        "EBIT": 2311000000.0,
        "Net Interest Income": -386000000.0,
        "Interest Expense": 548000000.0,
        "Interest Income": 162000000.0,
        "Normalized Income": 1338000000.0,
        "Net Income From Continuing And Discontinued Operation": 1338000000.0,
        "Total Expenses": 11892000000.0,
        "Rent Expense Supplemental": 1106000000.0,
        "Total Operating Income As Reported": 2163000000.0,
        "Diluted Average Shares": 719345000.0,
        "Basic Average Shares": 653602000.0,
        "Diluted EPS": 1.88,
        "Basic EPS": 2.05,
        "Diluted NI Availto Com Stockholders": 1338000000.0,
        "Average Dilution Earnings": NaN,
        "Net Income Common Stockholders": 1338000000.0,
        "Net Income": 1338000000.0,
        "Net Income Including Noncontrolling Interests": 1338000000.0,
        "Net Income Continuous Operations": 1338000000.0,
        "Tax Provision": 425000000.0,
        "Pretax Income": 1763000000.0,
        "Other Income Expense": -14000000.0,
        "Other Non Operating Income Expenses": -14000000.0,
        "Special Income Charges": 0.0,
        "Other Special Charges": NaN,
        "Impairment Of Capital Assets": NaN,
        "Restructuring And Mergern Acquisition": 0.0,
        "Net Non Operating Interest Income Expense": -386000000.0,
        "Interest Expense Non Operating": 548000000.0,
        "Interest Income Non Operating": 162000000.0,
        "Operating Income": 2163000000.0,
        "Operating Expense": 1984000000.0,
        "Other Operating Expenses": 1495000000.0,
        "Selling General And Administration": 489000000.0,
        "Selling And Marketing Expense": 489000000.0,
        "Gross Profit": 4147000000.0,
        "Cost Of Revenue": 9908000000.0,
        "Total Revenue": 14055000000.0,
        "Operating Revenue": 13175000000.0
    },
    "2023-03-31": {
        "Tax Effect Of Unusual Items": NaN,
        "Tax Rate For Calcs": NaN,
        "Normalized EBITDA": NaN,
        "Total Unusual Items": NaN,
        "Total Unusual Items Excluding Goodwill": NaN,
        "Net Income From Continuing Operation Net Minority Interest": NaN,
        "Reconciled Cost Of Revenue": NaN,
        "EBITDA": NaN,
        "EBIT": NaN,
        "Net Interest Income": NaN,
        "Interest Expense": NaN,
        "Interest Income": NaN,
        "Normalized Income": NaN,
        "Net Income From Continuing And Discontinued Operation": NaN,
        "Total Expenses": NaN,
        "Rent Expense Supplemental": NaN,
        "Total Operating Income As Reported": NaN,
        "Diluted Average Shares": NaN,
        "Basic Average Shares": NaN,
        "Diluted EPS": NaN,
        "Basic EPS": NaN,
        "Diluted NI Availto Com Stockholders": NaN,
        "Average Dilution Earnings": NaN,
        "Net Income Common Stockholders": NaN,
        "Net Income": NaN,
        "Net Income Including Noncontrolling Interests": NaN,
        "Net Income Continuous Operations": NaN,
        "Tax Provision": NaN,
        "Pretax Income": NaN,
        "Other Income Expense": NaN,
        "Other Non Operating Income Expenses": NaN,
        "Special Income Charges": NaN,
        "Other Special Charges": -8000000.0,
        "Impairment Of Capital Assets": 0.0,
        "Restructuring And Mergern Acquisition": NaN,
        "Net Non Operating Interest Income Expense": NaN,
        "Interest Expense Non Operating": NaN,
        "Interest Income Non Operating": NaN,
        "Operating Income": NaN,
        "Operating Expense": NaN,
        "Other Operating Expenses": NaN,
        "Selling General And Administration": NaN,
        "Selling And Marketing Expense": NaN,
        "Gross Profit": NaN,
        "Cost Of Revenue": NaN,
        "Total Revenue": NaN,
        "Operating Revenue": NaN
    },
    "2022-12-31": {
        "Tax Effect Of Unusual Items": NaN,
        "Tax Rate For Calcs": NaN,
        "Normalized EBITDA": NaN,
        "Total Unusual Items": NaN,
        "Total Unusual Items Excluding Goodwill": NaN,
        "Net Income From Continuing Operation Net Minority Interest": NaN,
        "Reconciled Cost Of Revenue": NaN,
        "EBITDA": NaN,
        "EBIT": NaN,
        "Net Interest Income": NaN,
        "Interest Expense": NaN,
        "Interest Income": NaN,
        "Normalized Income": NaN,
        "Net Income From Continuing And Discontinued Operation": NaN,
        "Total Expenses": NaN,
        "Rent Expense Supplemental": NaN,
        "Total Operating Income As Reported": NaN,
        "Diluted Average Shares": NaN,
        "Basic Average Shares": NaN,
        "Diluted EPS": NaN,
        "Basic EPS": NaN,
        "Diluted NI Availto Com Stockholders": NaN,
        "Average Dilution Earnings": NaN,
        "Net Income Common Stockholders": NaN,
        "Net Income": NaN,
        "Net Income Including Noncontrolling Interests": NaN,
        "Net Income Continuous Operations": NaN,
        "Tax Provision": NaN,
        "Pretax Income": NaN,
        "Other Income Expense": NaN,
        "Other Non Operating Income Expenses": NaN,
        "Special Income Charges": NaN,
        "Other Special Charges": 4000000.0,
        "Impairment Of Capital Assets": 0.0,
        "Restructuring And Mergern Acquisition": NaN,
        "Net Non Operating Interest Income Expense": NaN,
        "Interest Expense Non Operating": NaN,
        "Interest Income Non Operating": NaN,
        "Operating Income": NaN,
        "Operating Expense": NaN,
        "Other Operating Expenses": NaN,
        "Selling General And Administration": NaN,
        "Selling And Marketing Expense": NaN,
        "Gross Profit": NaN,
        "Cost Of Revenue": NaN,
        "Total Revenue": NaN,
        "Operating Revenue": NaN
    },
    "2022-09-30": {
        "Tax Effect Of Unusual Items": NaN,
        "Tax Rate For Calcs": NaN,
        "Normalized EBITDA": NaN,
        "Total Unusual Items": NaN,
        "Total Unusual Items Excluding Goodwill": NaN,
        "Net Income From Continuing Operation Net Minority Interest": NaN,
        "Reconciled Cost Of Revenue": NaN,
        "EBITDA": NaN,
        "EBIT": NaN,
        "Net Interest Income": NaN,
        "Interest Expense": NaN,
        "Interest Income": NaN,
        "Normalized Income": NaN,
        "Net Income From Continuing And Discontinued Operation": NaN,
        "Total Expenses": NaN,
        "Rent Expense Supplemental": NaN,
        "Total Operating Income As Reported": NaN,
        "Diluted Average Shares": NaN,
        "Basic Average Shares": NaN,
        "Diluted EPS": NaN,
        "Basic EPS": NaN,
        "Diluted NI Availto Com Stockholders": NaN,
        "Average Dilution Earnings": 14000000.0,
        "Net Income Common Stockholders": NaN,
        "Net Income": NaN,
        "Net Income Including Noncontrolling Interests": NaN,
        "Net Income Continuous Operations": NaN,
        "Tax Provision": NaN,
        "Pretax Income": NaN,
        "Other Income Expense": NaN,
        "Other Non Operating Income Expenses": NaN,
        "Special Income Charges": NaN,
        "Other Special Charges": NaN,
        "Impairment Of Capital Assets": 0.0,
        "Restructuring And Mergern Acquisition": NaN,
        "Net Non Operating Interest Income Expense": NaN,
        "Interest Expense Non Operating": NaN,
        "Interest Income Non Operating": NaN,
        "Operating Income": NaN,
        "Operating Expense": NaN,
        "Other Operating Expenses": NaN,
        "Selling General And Administration": NaN,
        "Selling And Marketing Expense": NaN,
        "Gross Profit": NaN,
        "Cost Of Revenue": NaN,
        "Total Revenue": NaN,
        "Operating Revenue": NaN
    },
    "2022-06-30": {
        "Tax Effect Of Unusual Items": 0.0,
        "Tax Rate For Calcs": 0.210614,
        "Normalized EBITDA": 1071000000.0,
        "Total Unusual Items": 0.0,
        "Total Unusual Items Excluding Goodwill": 0.0,
        "Net Income From Continuing Operation Net Minority Interest": 476000000.0,
        "Reconciled Cost Of Revenue": 10517000000.0,
        "EBITDA": 1071000000.0,
        "EBIT": 1071000000.0,
        "Net Interest Income": -439000000.0,
        "Interest Expense": 468000000.0,
        "Interest Income": 29000000.0,
        "Normalized Income": 476000000.0,
        "Net Income From Continuing And Discontinued Operation": 476000000.0,
        "Total Expenses": 12405000000.0,
        "Rent Expense Supplemental": 1039000000.0,
        "Total Operating Income As Reported": 1017000000.0,
        "Diluted Average Shares": 718532000.0,
        "Basic Average Shares": 650346000.0,
        "Diluted EPS": 0.68,
        "Basic EPS": 0.73,
        "Diluted NI Availto Com Stockholders": 476000000.0,
        "Net Income Common Stockholders": 476000000.0,
        "Net Income": 476000000.0,
        "Net Income Including Noncontrolling Interests": 476000000.0,
        "Net Income Continuous Operations": 476000000.0,
        "Tax Provision": 127000000.0,
        "Pretax Income": 603000000.0,
        "Other Income Expense": 25000000.0,
        "Other Non Operating Income Expenses": 25000000.0,
        "Special Income Charges": 0.0,
        "Other Special Charges": NaN,
        "Impairment Of Capital Assets": 0.0,
        "Restructuring And Mergern Acquisition": 0.0,
        "Net Non Operating Interest Income Expense": -439000000.0,
        "Interest Expense Non Operating": 468000000.0,
        "Interest Income Non Operating": 29000000.0,
        "Operating Income": 1017000000.0,
        "Operating Expense": 1888000000.0,
        "Other Operating Expenses": 1384000000.0,
        "Selling General And Administration": 504000000.0,
        "Selling And Marketing Expense": 504000000.0,
        "Gross Profit": 2905000000.0,
        "Cost Of Revenue": 10517000000.0,
        "Total Revenue": 13422000000.0,
        "Operating Revenue": 12551000000.0
    },
    "2022-03-31": {
        "Diluted EPS": -2.52,
        "Total Revenue": NaN,
        "Gross Profit": 543,
        "Operating Income": NaN,
        "EBIT": NaN,
        "Net Income": NaN
    },
    "2021-12-31": {
        "Diluted EPS": -1.4,
        "Total Revenue": NaN,
        "Gross Profit": NaN,
        "Operating Income": -780,
        "EBIT": -780,
        "Net Income": -931
    },
    "2021-09-30": {
        "Diluted EPS": 0.25,
        "Total Revenue": NaN,
        "Gross Profit": NaN,
        "Operating Income": 595,
        "EBIT": 595,
        "Net Income": 169
    },
    "2021-06-30": {
        "Diluted EPS": 0.03,
        "Total Revenue": NaN,
        "Gross Profit": 869,
        "Operating Income": 441,
        "EBIT": 441,
        "Net Income": 19
    },
    "2021-03-31": {
        "Diluted EPS": -1.97,
        "Total Revenue": NaN,
        "Gross Profit": NaN,
        "Operating Income": NaN,
        "EBIT": NaN,
        "Net Income": NaN
    },
    "2020-12-31": {
        "Diluted EPS": -3.57,
        "Total Revenue": NaN,
        "Gross Profit": NaN,
        "Operating Income": NaN,
        "EBIT": NaN,
        "Net Income": NaN
    },
    "2020-09-30": {
        "Diluted EPS": -4.71,
        "Total Revenue": NaN,
        "Gross Profit": NaN,
        "Operating Income": NaN,
        "EBIT": NaN,
        "Net Income": NaN
    },
    "2020-06-30": {
        "Diluted EPS": -4.82,
        "Total Revenue": NaN,
        "Gross Profit": NaN,
        "Operating Income": NaN,
        "EBIT": NaN,
        "Net Income": NaN
    },
    "2020-03-31": {
        "Diluted EPS": -5.26,
        "Total Revenue": NaN,
        "Gross Profit": 798,
        "Operating Income": NaN,
        "EBIT": NaN,
        "Net Income": NaN
    },
    "2019-12-31": {
        "Diluted EPS": 0.93,
        "Total Revenue": NaN,
        "Gross Profit": NaN,
        "Operating Income": 729,
        "EBIT": 729,
        "Net Income": 414
    },
    "2019-09-30": {
        "Diluted EPS": 0.96,
        "Total Revenue": NaN,
        "Gross Profit": NaN,
        "Operating Income": 808,
        "EBIT": 808,
        "Net Income": 425
    },
    "2019-06-30": {
        "Diluted EPS": 1.49,
        "Total Revenue": NaN,
        "Gross Profit": NaN,
        "Operating Income": NaN,
        "EBIT": NaN,
        "Net Income": 662
    },
    "2019-03-31": {
        "Diluted EPS": 0.41,
        "Total Revenue": NaN,
        "Gross Profit": NaN,
        "Operating Income": 375,
        "EBIT": 375,
        "Net Income": 185
    },
    "2018-12-31": {
        "Diluted EPS": 0.68,
        "Total Revenue": NaN,
        "Gross Profit": NaN,
        "Operating Income": 571,
        "EBIT": 571,
        "Net Income": 325
    },
    "2018-09-30": {
        "Diluted EPS": 0.81,
        "Total Revenue": NaN,
        "Gross Profit": NaN,
        "Operating Income": 685,
        "EBIT": 685,
        "Net Income": 372
    },
    "2018-06-30": {
        "Diluted EPS": 1.2,
        "Total Revenue": NaN,
        "Gross Profit": NaN,
        "Operating Income": NaN,
        "EBIT": NaN,
        "Net Income": 556
    },
    "2018-03-31": {
        "Diluted EPS": 0.34,
        "Total Revenue": NaN,
        "Gross Profit": NaN,
        "Operating Income": 396,
        "EBIT": 396,
        "Net Income": 159
    },
    "2017-12-31": {
        "Diluted EPS": -1.17,
        "Total Revenue": NaN,
        "Gross Profit": NaN,
        "Operating Income": 639,
        "EBIT": 639,
        "Net Income": -583
    },
    "2017-09-30": {
        "Diluted EPS": 1.36,
        "Total Revenue": NaN,
        "Gross Profit": NaN,
        "Operating Income": NaN,
        "EBIT": NaN,
        "Net Income": 661
    },
    "2017-06-30": {
        "Diluted EPS": 1.75,
        "Total Revenue": NaN,
        "Gross Profit": NaN,
        "Operating Income": NaN,
        "EBIT": NaN,
        "Net Income": 864
    },
    "2017-03-31": {
        "Diluted EPS": 0.67,
        "Total Revenue": NaN,
        "Gross Profit": NaN,
        "Operating Income": 737,
        "EBIT": 737,
        "Net Income": 340
    },
    "2016-12-31": {
        "Diluted EPS": 0.43,
        "Total Revenue": NaN,
        "Gross Profit": NaN,
        "Operating Income": 543,
        "EBIT": 543,
        "Net Income": 197
    },
    "2016-09-30": {
        "Diluted EPS": 1.4,
        "Total Revenue": NaN,
        "Gross Profit": NaN,
        "Operating Income": NaN,
        "EBIT": NaN,
        "Net Income": 737
    },
    "2016-06-30": {
        "Diluted EPS": 1.68,
        "Total Revenue": NaN,
        "Gross Profit": NaN,
        "Operating Income": NaN,
        "EBIT": NaN,
        "Net Income": 950
    },
    "2016-03-31": {
        "Diluted EPS": 1.14,
        "Total Revenue": NaN,
        "Gross Profit": NaN,
        "Operating Income": NaN,
        "EBIT": NaN,
        "Net Income": 700
    },
    "2015-12-31": {
        "Diluted EPS": 4.87,
        "Total Revenue": NaN,
        "Gross Profit": NaN,
        "Operating Income": NaN,
        "EBIT": NaN,
        "Net Income": NaN
    },
    "2015-09-30": {
        "Diluted EPS": 2.49,
        "Total Revenue": NaN,
        "Gross Profit": NaN,
        "Operating Income": NaN,
        "EBIT": NaN,
        "Net Income": NaN
    },
    "2015-06-30": {
        "Diluted EPS": 2.41,
        "Total Revenue": NaN,
        "Gross Profit": NaN,
        "Operating Income": NaN,
        "EBIT": NaN,
        "Net Income": NaN
    },
    "2015-03-31": {
        "Diluted EPS": 1.3,
        "Total Revenue": NaN,
        "Gross Profit": NaN,
        "Operating Income": NaN,
        "EBIT": NaN,
        "Net Income": 932
    },
    "2014-12-31": {
        "Diluted EPS": 0.83,
        "Total Revenue": NaN,
        "Gross Profit": NaN,
        "Operating Income": 860,
        "EBIT": 860,
        "Net Income": 596
    },
    "2014-09-30": {
        "Diluted EPS": 1.28,
        "Total Revenue": NaN,
        "Gross Profit": NaN,
        "Operating Income": NaN,
        "EBIT": NaN,
        "Net Income": 942
    },
    "2014-06-30": {
        "Diluted EPS": 1.17,
        "Total Revenue": NaN,
        "Gross Profit": NaN,
        "Operating Income": NaN,
        "EBIT": NaN,
        "Net Income": 864
    },
    "2014-03-31": {
        "Diluted EPS": 0.65,
        "Total Revenue": NaN,
        "Gross Profit": NaN,
        "Operating Income": 730,
        "EBIT": 730,
        "Net Income": 480
    },
    "2013-12-31": {
        "Diluted EPS": -6.98,
        "Total Revenue": NaN,
        "Gross Profit": NaN,
        "Operating Income": 115,
        "EBIT": 115,
        "Net Income": NaN
    },
    "2013-09-30": {
        "Diluted EPS": 1.02,
        "Total Revenue": NaN,
        "Gross Profit": NaN,
        "Operating Income": 701,
        "EBIT": 701,
        "Net Income": 289
    },
    "2013-06-30": {
        "Diluted EPS": 0.79,
        "Total Revenue": NaN,
        "Gross Profit": NaN,
        "Operating Income": 512,
        "EBIT": 512,
        "Net Income": 220
    },
    "2013-03-31": {
        "Diluted EPS": -1.37,
        "Total Revenue": NaN,
        "Gross Profit": NaN,
        "Operating Income": 71,
        "EBIT": 71,
        "Net Income": -341
    },
    "2012-12-31": {
        "Diluted EPS": -1.14,
        "Total Revenue": NaN,
        "Gross Profit": NaN,
        "Operating Income": 44,
        "EBIT": 44,
        "Net Income": 263
    },
    "2012-09-30": {
        "Diluted EPS": -0.71,
        "Total Revenue": NaN,
        "Gross Profit": NaN,
        "Operating Income": 51,
        "EBIT": 51,
        "Net Income": -238
    },
    "2012-06-30": {
        "Diluted EPS": -0.72,
        "Total Revenue": NaN,
        "Gross Profit": NaN,
        "Operating Income": 142,
        "EBIT": 142,
        "Net Income": -241
    },
    "2012-03-31": {
        "Diluted EPS": -4.95,
        "Total Revenue": NaN,
        "Gross Profit": 885,
        "Operating Income": -89,
        "EBIT": -89,
        "Net Income": NaN
    },
    "2011-12-31": {
        "Diluted EPS": -13.19,
        "Total Revenue": NaN,
        "Gross Profit": NaN,
        "Operating Income": -766,
        "EBIT": -766,
        "Net Income": NaN
    },
    "2011-09-30": {
        "Diluted EPS": -0.48,
        "Total Revenue": NaN,
        "Gross Profit": NaN,
        "Operating Income": 39,
        "EBIT": 39,
        "Net Income": -162
    },
    "2011-06-30": {
        "Diluted EPS": -0.85,
        "Total Revenue": NaN,
        "Gross Profit": 900,
        "Operating Income": -78,
        "EBIT": -78,
        "Net Income": -286
    },
    "2011-03-31": {
        "Diluted EPS": -1.31,
        "Total Revenue": NaN,
        "Gross Profit": 775,
        "Operating Income": -232,
        "EBIT": -232,
        "Net Income": -436
    },
    "2010-12-31": {
        "Diluted EPS": -0.25,
        "Total Revenue": NaN,
        "Gross Profit": NaN,
        "Operating Income": 68,
        "EBIT": 68,
        "Net Income": -98
    },
    "2010-09-30": {
        "Diluted EPS": 0.39,
        "Total Revenue": NaN,
        "Gross Profit": NaN,
        "Operating Income": 342,
        "EBIT": 342,
        "Net Income": 143
    },
    "2010-06-30": {
        "Diluted EPS": -0.03,
        "Total Revenue": NaN,
        "Gross Profit": NaN,
        "Operating Income": 196,
        "EBIT": 196,
        "Net Income": -11
    },
    "2010-03-31": {
        "Diluted EPS": -1.52,
        "Total Revenue": NaN,
        "Gross Profit": 708,
        "Operating Income": -298,
        "EBIT": -298,
        "Net Income": -505
    },
    "2009-12-31": {
        "Diluted EPS": -0.99,
        "Total Revenue": NaN,
        "Gross Profit": 737,
        "Operating Income": -390,
        "EBIT": -390,
        "Net Income": -344
    },
    "2009-09-30": {
        "Diluted EPS": -1.26,
        "Total Revenue": NaN,
        "Gross Profit": 824,
        "Operating Income": -194,
        "EBIT": -194,
        "Net Income": -359
    },
    "2009-06-30": {
        "Diluted EPS": -1.39,
        "Total Revenue": NaN,
        "Gross Profit": 749,
        "Operating Income": -226,
        "EBIT": -226,
        "Net Income": -390
    },
    "2009-03-31": {
        "Diluted EPS": -1.35,
        "Total Revenue": NaN,
        "Gross Profit": 769,
        "Operating Income": -194,
        "EBIT": -194,
        "Net Income": -375
    },
    "2023-09-30": {
        "Tax Effect Of Unusual Items": -199427536.231884,
        "Tax Rate For Calcs": 0.210145,
        "Normalized EBITDA": 796000000.0,
        "Total Unusual Items": -949000000.0,
        "Total Unusual Items Excluding Goodwill": -949000000.0,
        "Net Income From Continuing Operation Net Minority Interest": -545000000.0,
        "Reconciled Cost Of Revenue": 10795000000.0,
        "EBITDA": -153000000.0,
        "EBIT": -153000000.0,
        "Net Interest Income": -369000000.0,
        "Interest Expense": 537000000.0,
        "Interest Income": 168000000.0,
        "Normalized Income": 204572463.768116,
        "Net Income From Continuing And Discontinued Operation": -545000000.0,
        "Total Expenses": 12756000000.0,
        "Rent Expense Supplemental": 1087000000.0,
        "Total Operating Income As Reported": -223000000.0,
        "Diluted Average Shares": 654119000.0,
        "Basic Average Shares": 654119000.0,
        "Diluted EPS": -0.83,
        "Basic EPS": -0.83,
        "Diluted NI Availto Com Stockholders": -545000000.0,
        "Average Dilution Earnings": 0.0,
        "Net Income Common Stockholders": -545000000.0,
        "Net Income": -545000000.0,
        "Net Income Including Noncontrolling Interests": -545000000.0,
        "Net Income Continuous Operations": -545000000.0,
        "Tax Provision": -145000000.0,
        "Pretax Income": -690000000.0,
        "Other Income Expense": -1047000000.0,
        "Other Non Operating Income Expenses": -98000000.0,
        "Special Income Charges": -949000000.0,
        "Other Special Charges": 949000000.0,
        "Impairment Of Capital Assets": 0.0,
        "Restructuring And Mergern Acquisition": 0.0,
        "Net Non Operating Interest Income Expense": -369000000.0,
        "Interest Expense Non Operating": 537000000.0,
        "Interest Income Non Operating": 168000000.0,
        "Operating Income": 726000000.0,
        "Operating Expense": 1961000000.0,
        "Other Operating Expenses": 1531000000.0,
        "Selling General And Administration": 430000000.0,
        "Selling And Marketing Expense": 430000000.0,
        "Gross Profit": 2687000000.0,
        "Cost Of Revenue": 10795000000.0,
        "Total Revenue": 13482000000.0,
        "Operating Revenue": 12614000000.0
    },
    "2023-12-31": {
        "Tax Effect Of Unusual Items": -1890000.0,
        "Tax Rate For Calcs": 0.21,
        "Normalized EBITDA": 560000000.0,
        "Total Unusual Items": -9000000.0,
        "Total Unusual Items Excluding Goodwill": -9000000.0,
        "Net Income From Continuing Operation Net Minority Interest": 19000000.0,
        "Reconciled Cost Of Revenue": 10436000000.0,
        "EBITDA": 551000000.0,
        "EBIT": 551000000.0,
        "Net Interest Income": -384000000.0,
        "Interest Expense": 519000000.0,
        "Interest Income": 135000000.0,
        "Normalized Income": 26110000.0,
        "Net Income From Continuing And Discontinued Operation": 19000000.0,
        "Total Expenses": 12397000000.0,
        "Rent Expense Supplemental": 1052000000.0,
        "Total Operating Income As Reported": 656000000.0,
        "Diluted Average Shares": 657079000.0,
        "Basic Average Shares": 654725000.0,
        "Diluted EPS": 0.03,
        "Basic EPS": 0.03,
        "Diluted NI Availto Com Stockholders": -14000000.0,
        "Average Dilution Earnings": NaN,
        "Net Income Common Stockholders": 19000000.0,
        "Net Income": 19000000.0,
        "Net Income Including Noncontrolling Interests": 19000000.0,
        "Net Income Continuous Operations": 19000000.0,
        "Tax Provision": 13000000.0,
        "Pretax Income": 32000000.0,
        "Other Income Expense": -249000000.0,
        "Other Non Operating Income Expenses": -240000000.0,
        "Special Income Charges": -9000000.0,
        "Other Special Charges": 7000000.0,
        "Impairment Of Capital Assets": 0.0,
        "Restructuring And Mergern Acquisition": 2000000.0,
        "Net Non Operating Interest Income Expense": -384000000.0,
        "Interest Expense Non Operating": 519000000.0,
        "Interest Income Non Operating": 135000000.0,
        "Operating Income": 665000000.0,
        "Operating Expense": 1961000000.0,
        "Other Operating Expenses": 1519000000.0,
        "Selling General And Administration": 442000000.0,
        "Selling And Marketing Expense": 442000000.0,
        "Gross Profit": 2626000000.0,
        "Cost Of Revenue": 10436000000.0,
        "Total Revenue": 13062000000.0,
        "Operating Revenue": 12209000000.0
    },
    "2024-03-31": {
        "Tax Effect Of Unusual Items": -17118644.067797,
        "Tax Rate For Calcs": 0.244552,
        "Normalized EBITDA": 154000000.0,
        "Total Unusual Items": -70000000.0,
        "Total Unusual Items Excluding Goodwill": -70000000.0,
        "Net Income From Continuing Operation Net Minority Interest": -312000000.0,
        "Reconciled Cost Of Revenue": 10549000000.0,
        "EBITDA": 84000000.0,
        "EBIT": 84000000.0,
        "Net Interest Income": -379000000.0,
        "Interest Expense": 497000000.0,
        "Interest Income": 118000000.0,
        "Normalized Income": -259118644.067797,
        "Net Income From Continuing And Discontinued Operation": -312000000.0,
        "Total Expenses": 12493000000.0,
        "Rent Expense Supplemental": 1147000000.0,
        "Total Operating Income As Reported": 7000000.0,
        "Diluted Average Shares": 655847000.0,
        "Basic Average Shares": 655847000.0,
        "Diluted EPS": -0.48,
        "Basic EPS": -0.48,
        "Diluted NI Availto Com Stockholders": -312000000.0,
        "Average Dilution Earnings": NaN,
        "Net Income Common Stockholders": -312000000.0,
        "Net Income": -312000000.0,
        "Net Income Including Noncontrolling Interests": -312000000.0,
        "Net Income Continuous Operations": -312000000.0,
        "Tax Provision": -101000000.0,
        "Pretax Income": -413000000.0,
        "Other Income Expense": -111000000.0,
        "Other Non Operating Income Expenses": -41000000.0,
        "Special Income Charges": -70000000.0,
        "Other Special Charges": 57000000.0,
        "Impairment Of Capital Assets": NaN,
        "Restructuring And Mergern Acquisition": 13000000.0,
        "Net Non Operating Interest Income Expense": -379000000.0,
        "Interest Expense Non Operating": 497000000.0,
        "Interest Income Non Operating": 118000000.0,
        "Operating Income": 77000000.0,
        "Operating Expense": 1944000000.0,
        "Other Operating Expenses": 1536000000.0,
        "Selling General And Administration": 408000000.0,
        "Selling And Marketing Expense": 408000000.0,
        "Gross Profit": 2021000000.0,
        "Cost Of Revenue": 10549000000.0,
        "Total Revenue": 12570000000.0,
        "Operating Revenue": 11645000000.0
    },
    "2024-06-30": {
        "Tax Effect Of Unusual Items": 0.0,
        "Tax Rate For Calcs": 0.302529,
        "Normalized EBITDA": 1514000000.0,
        "Total Unusual Items": 0.0,
        "Total Unusual Items Excluding Goodwill": 0.0,
        "Net Income From Continuing Operation Net Minority Interest": 717000000.0,
        "Reconciled Cost Of Revenue": 10854000000.0,
        "EBITDA": 1514000000.0,
        "EBIT": 1514000000.0,
        "Net Interest Income": -358000000.0,
        "Interest Expense": 486000000.0,
        "Interest Income": 128000000.0,
        "Normalized Income": 717000000.0,
        "Net Income From Continuing And Discontinued Operation": 717000000.0,
        "Total Expenses": 12950000000.0,
        "Rent Expense Supplemental": 1148000000.0,
        "Total Operating Income As Reported": 1384000000.0,
        "Diluted Average Shares": 720302000.0,
        "Basic Average Shares": 656965000.0,
        "Diluted EPS": 1.01,
        "Basic EPS": 1.09,
        "Diluted NI Availto Com Stockholders": 717000000.0,
        "Average Dilution Earnings": NaN,
        "Net Income Common Stockholders": 717000000.0,
        "Net Income": 717000000.0,
        "Net Income Including Noncontrolling Interests": 717000000.0,
        "Net Income Continuous Operations": 717000000.0,
        "Tax Provision": 311000000.0,
        "Pretax Income": 1028000000.0,
        "Other Income Expense": 2000000.0,
        "Other Non Operating Income Expenses": 2000000.0,
        "Special Income Charges": 0.0,
        "Other Special Charges": NaN,
        "Impairment Of Capital Assets": NaN,
        "Restructuring And Mergern Acquisition": 0.0,
        "Net Non Operating Interest Income Expense": -358000000.0,
        "Interest Expense Non Operating": 486000000.0,
        "Interest Income Non Operating": 128000000.0,
        "Operating Income": 1384000000.0,
        "Operating Expense": 2096000000.0,
        "Other Operating Expenses": 1640000000.0,
        "Selling General And Administration": 456000000.0,
        "Selling And Marketing Expense": 456000000.0,
        "Gross Profit": 3480000000.0,
        "Cost Of Revenue": 10854000000.0,
        "Total Revenue": 14334000000.0,
        "Operating Revenue": 13397000000.0
    }
}