{
    "2023-03-31": {
        "Tax Effect Of Unusual Items": 0.0,
        "Tax Rate For Calcs": 0.284,
        "Normalized EBITDA": 181879000.0,
        "Total Unusual Items": 0.0,
        "Total Unusual Items Excluding Goodwill": 0.0,
        "Net Income From Continuing Operation Net Minority Interest": 42651000.0,
        "Reconciled Depreciation": 92554000.0,
        "Reconciled Cost Of Revenue": 1946931000.0,
        "EBIT": 89325000.0,
        "Net Interest Income": -29718000.0,
        "Interest Expense": 29718000.0,
        "Normalized Income": 42651000.0,
        "Net Income From Continuing And Discontinued Operation": 42651000.0,
        "Total Expenses": 3327595000.0,
        "Total Operating Income As Reported": 89999000.0,
        "Diluted Average Shares": 59544000.0,
        "Basic Average Shares": 59544000.0,
        "Diluted EPS": 0.72,
        "Basic EPS": 0.72,
        "Diluted NI Availto Com Stockholders": 42651000.0,
        "Net Income Common Stockholders": 42651000.0,
        "Net Income": 42651000.0,
        "Net Income Including Noncontrolling Interests": 42651000.0,
        "Net Income Continuous Operations": 42651000.0,
        "Tax Provision": 16956000.0,
        "Pretax Income": 59607000.0,
        "Other Income Expense": -674000.0,
        "Other Non Operating Income Expenses": -674000.0,
        "Special Income Charges": 0.0,
        "Other Special Charges": NaN,
        "Net Non Operating Interest Income Expense": -29718000.0,
        "Interest Expense Non Operating": 29718000.0,
        "Operating Income": 89999000.0,
        "Operating Expense": 1380664000.0,
        "Selling General And Administration": 1380664000.0,
        "Gross Profit": 1470663000.0,
        "Cost Of Revenue": 1946931000.0,
        "Total Revenue": 3417594000.0,
        "Operating Revenue": 3417594000.0
    },
    "2022-12-31": {
        "Tax Effect Of Unusual Items": 0.0,
        "Tax Rate For Calcs": 0.162,
        "Normalized EBITDA": 211898000.0,
        "Total Unusual Items": 0.0,
        "Total Unusual Items Excluding Goodwill": 0.0,
        "Net Income From Continuing Operation Net Minority Interest": 106697000.0,
        "Reconciled Depreciation": 68576000.0,
        "Reconciled Cost Of Revenue": 1383734000.0,
        "EBIT": 143322000.0,
        "Net Interest Income": -15946000.0,
        "Interest Expense": 15946000.0,
        "Normalized Income": 106697000.0,
        "Net Income From Continuing And Discontinued Operation": 106697000.0,
        "Total Expenses": 2341743000.0,
        "Total Operating Income As Reported": 132002000.0,
        "Diluted Average Shares": 59623000.0,
        "Basic Average Shares": 59333000.0,
        "Diluted EPS": 1.79,
        "Basic EPS": 1.8,
        "Diluted NI Availto Com Stockholders": 106697000.0,
        "Net Income Common Stockholders": 106697000.0,
        "Net Income": 106697000.0,
        "Net Income Including Noncontrolling Interests": 106697000.0,
        "Net Income Continuous Operations": 106697000.0,
        "Tax Provision": 20679000.0,
        "Pretax Income": 127376000.0,
        "Other Income Expense": 11320000.0,
        "Other Non Operating Income Expenses": 11320000.0,
        "Special Income Charges": 0.0,
        "Other Special Charges": 0.0,
        "Net Non Operating Interest Income Expense": -15946000.0,
        "Interest Expense Non Operating": 15946000.0,
        "Operating Income": 132002000.0,
        "Operating Expense": 958009000.0,
        "Selling General And Administration": 958009000.0,
        "Gross Profit": 1090011000.0,
        "Cost Of Revenue": 1383734000.0,
        "Total Revenue": 2473745000.0,
        "Operating Revenue": 2473745000.0
    },
    "2022-09-30": {
        "Tax Effect Of Unusual Items": 0.0,
        "Tax Rate For Calcs": 0.247,
        "Normalized EBITDA": 225990000.0,
        "Total Unusual Items": 0.0,
        "Total Unusual Items Excluding Goodwill": 0.0,
        "Net Income From Continuing Operation Net Minority Interest": 110982000.0,
        "Reconciled Depreciation": 66533000.0,
        "Reconciled Cost Of Revenue": 1461490000.0,
        "EBIT": 159457000.0,
        "Net Interest Income": -12039000.0,
        "Interest Expense": 12039000.0,
        "Normalized Income": 110982000.0,
        "Net Income From Continuing And Discontinued Operation": 110982000.0,
        "Total Expenses": 2464143000.0,
        "Total Operating Income As Reported": 177198000.0,
        "Diluted Average Shares": 60384000.0,
        "Basic Average Shares": 60053000.0,
        "Diluted EPS": 1.84,
        "Basic EPS": 1.85,
        "Diluted NI Availto Com Stockholders": 110982000.0,
        "Net Income Common Stockholders": 110982000.0,
        "Net Income": 110982000.0,
        "Net Income Including Noncontrolling Interests": 110982000.0,
        "Net Income Continuous Operations": 110982000.0,
        "Tax Provision": 36436000.0,
        "Pretax Income": 147418000.0,
        "Other Income Expense": -17741000.0,
        "Other Non Operating Income Expenses": -17741000.0,
        "Special Income Charges": 0.0,
        "Other Special Charges": NaN,
        "Net Non Operating Interest Income Expense": -12039000.0,
        "Interest Expense Non Operating": 12039000.0,
        "Operating Income": 177198000.0,
        "Operating Expense": 1002653000.0,
        "Selling General And Administration": 1002653000.0,
        "Gross Profit": 1179851000.0,
        "Cost Of Revenue": 1461490000.0,
        "Total Revenue": 2641341000.0,
        "Operating Revenue": 2641341000.0
    },
    "2022-06-30": {
        "Tax Effect Of Unusual Items": 0.0,
        "Tax Rate For Calcs": 0.243,
        "Normalized EBITDA": 264081000.0,
        "Total Unusual Items": 0.0,
        "Total Unusual Items Excluding Goodwill": 0.0,
        "Net Income From Continuing Operation Net Minority Interest": 144402000.0,
        "Reconciled Depreciation": 63110000.0,
        "Reconciled Cost Of Revenue": 1479707000.0,
        "EBIT": 200971000.0,
        "Net Interest Income": -10207000.0,
        "Interest Expense": 10207000.0,
        "Normalized Income": 144402000.0,
        "Net Income From Continuing And Discontinued Operation": 144402000.0,
        "Total Expenses": 2463744000.0,
        "Total Operating Income As Reported": 201682000.0,
        "Diluted Average Shares": 60782000.0,
        "Basic Average Shares": 60452000.0,
        "Diluted EPS": 2.38,
        "Basic EPS": 2.39,
        "Diluted NI Availto Com Stockholders": 144402000.0,
        "Net Income Common Stockholders": 144402000.0,
        "Net Income": 144402000.0,
        "Net Income Including Noncontrolling Interests": 144402000.0,
        "Net Income Continuous Operations": 144402000.0,
        "Tax Provision": 46362000.0,
        "Pretax Income": 190764000.0,
        "Other Income Expense": -711000.0,
        "Other Non Operating Income Expenses": -711000.0,
        "Special Income Charges": 0.0,
        "Other Special Charges": NaN,
        "Net Non Operating Interest Income Expense": -10207000.0,
        "Interest Expense Non Operating": 10207000.0,
        "Operating Income": 201682000.0,
        "Operating Expense": 984037000.0,
        "Selling General And Administration": 984037000.0,
        "Gross Profit": 1185719000.0,
        "Cost Of Revenue": 1479707000.0,
        "Total Revenue": 2665426000.0,
        "Operating Revenue": 2665426000.0
    },
    "2022-03-31": {
        "Diluted EPS": 2.26,
        "Total Revenue": NaN,
        "Gross Profit": NaN,
        "Operating Income": 203,
        "EBIT": 289,
        "Net Income": 140
    },
    "2021-12-31": {
        "Diluted EPS": 1.32,
        "Total Revenue": NaN,
        "Gross Profit": NaN,
        "Operating Income": 112,
        "EBIT": 178,
        "Net Income": 82
    },
    "2021-09-30": {
        "Diluted EPS": 2.68,
        "Total Revenue": NaN,
        "Gross Profit": NaN,
        "Operating Income": 229,
        "EBIT": 289,
        "Net Income": 170
    },
    "2021-06-30": {
        "Diluted EPS": 2.74,
        "Total Revenue": NaN,
        "Gross Profit": NaN,
        "Operating Income": 245,
        "EBIT": 303,
        "Net Income": 179
    },
    "2021-03-31": {
        "Diluted EPS": 2.81,
        "Total Revenue": NaN,
        "Gross Profit": NaN,
        "Operating Income": 252,
        "EBIT": 329,
        "Net Income": 186
    },
    "2020-12-31": {
        "Diluted EPS": 1.64,
        "Total Revenue": NaN,
        "Gross Profit": NaN,
        "Operating Income": 152,
        "EBIT": 209,
        "Net Income": 112
    },
    "2020-09-30": {
        "Diluted EPS": 2.13,
        "Total Revenue": NaN,
        "Gross Profit": NaN,
        "Operating Income": 257,
        "EBIT": 315,
        "Net Income": 147
    },
    "2020-06-30": {
        "Diluted EPS": 2.74,
        "Total Revenue": NaN,
        "Gross Profit": NaN,
        "Operating Income": 263,
        "EBIT": 319,
        "Net Income": 190
    },
    "2020-03-31": {
        "Diluted EPS": 0.63,
        "Total Revenue": NaN,
        "Gross Profit": NaN,
        "Operating Income": 78,
        "EBIT": 157,
        "Net Income": 44
    },
    "2019-12-31": {
        "Diluted EPS": 1.38,
        "Total Revenue": NaN,
        "Gross Profit": 929,
        "Operating Income": 126,
        "EBIT": 185,
        "Net Income": 96
    },
    "2019-09-30": {
        "Diluted EPS": 1.75,
        "Total Revenue": NaN,
        "Gross Profit": NaN,
        "Operating Income": 172,
        "EBIT": 229,
        "Net Income": 124
    },
    "2019-06-30": {
        "Diluted EPS": 1.73,
        "Total Revenue": NaN,
        "Gross Profit": NaN,
        "Operating Income": 171,
        "EBIT": 224,
        "Net Income": 125
    },
    "2019-03-31": {
        "Diluted EPS": 1.98,
        "Total Revenue": NaN,
        "Gross Profit": NaN,
        "Operating Income": 208,
        "EBIT": 278,
        "Net Income": 143
    },
    "2018-12-31": {
        "Diluted EPS": 0.74,
        "Total Revenue": NaN,
        "Gross Profit": 929,
        "Operating Income": 84,
        "EBIT": 139,
        "Net Income": 53
    },
    "2018-09-30": {
        "Diluted EPS": 1.56,
        "Total Revenue": NaN,
        "Gross Profit": NaN,
        "Operating Income": 154,
        "EBIT": 210,
        "Net Income": 116
    },
    "2018-06-30": {
        "Diluted EPS": 1.59,
        "Total Revenue": NaN,
        "Gross Profit": NaN,
        "Operating Income": 168,
        "EBIT": 224,
        "Net Income": 118
    },
    "2018-03-31": {
        "Diluted EPS": 1.84,
        "Total Revenue": NaN,
        "Gross Profit": NaN,
        "Operating Income": 198,
        "EBIT": 270,
        "Net Income": 137
    },
    "2017-12-31": {
        "Diluted EPS": 2.49,
        "Total Revenue": NaN,
        "Gross Profit": 874,
        "Operating Income": 87,
        "EBIT": 144,
        "Net Income": 185
    },
    "2017-09-30": {
        "Diluted EPS": 1.3,
        "Total Revenue": NaN,
        "Gross Profit": 948,
        "Operating Income": 157,
        "EBIT": 214,
        "Net Income": 96
    },
    "2017-06-30": {
        "Diluted EPS": 1.17,
        "Total Revenue": NaN,
        "Gross Profit": 993,
        "Operating Income": 147,
        "EBIT": 204,
        "Net Income": 87
    },
    "2017-03-31": {
        "Diluted EPS": 1.46,
        "Total Revenue": NaN,
        "Gross Profit": NaN,
        "Operating Income": 180,
        "EBIT": 257,
        "Net Income": 108
    },
    "2016-12-31": {
        "Diluted EPS": 0.85,
        "Total Revenue": NaN,
        "Gross Profit": 908,
        "Operating Income": 106,
        "EBIT": 165,
        "Net Income": 62
    },
    "2016-09-30": {
        "Diluted EPS": 1.53,
        "Total Revenue": NaN,
        "Gross Profit": 988,
        "Operating Income": 194,
        "EBIT": 254,
        "Net Income": 114
    },
    "2016-06-30": {
        "Diluted EPS": 1.68,
        "Total Revenue": NaN,
        "Gross Profit": NaN,
        "Operating Income": 217,
        "EBIT": 277,
        "Net Income": 125
    },
    "2016-03-31": {
        "Diluted EPS": 2.14,
        "Total Revenue": NaN,
        "Gross Profit": NaN,
        "Operating Income": 271,
        "EBIT": 350,
        "Net Income": 159
    },
    "2015-12-31": {
        "Diluted EPS": 0.74,
        "Total Revenue": NaN,
        "Gross Profit": 909,
        "Operating Income": 101,
        "EBIT": 163,
        "Net Income": 55
    },
    "2015-09-30": {
        "Diluted EPS": 1.63,
        "Total Revenue": NaN,
        "Gross Profit": NaN,
        "Operating Income": 206,
        "EBIT": 267,
        "Net Income": 120
    },
    "2015-06-30": {
        "Diluted EPS": 2.03,
        "Total Revenue": NaN,
        "Gross Profit": NaN,
        "Operating Income": 257,
        "EBIT": 320,
        "Net Income": 150
    },
    "2015-03-31": {
        "Diluted EPS": 2.0,
        "Total Revenue": NaN,
        "Gross Profit": NaN,
        "Operating Income": 263,
        "EBIT": 346,
        "Net Income": 148
    },
    "2014-12-31": {
        "Diluted EPS": 1.15,
        "Total Revenue": NaN,
        "Gross Profit": NaN,
        "Operating Income": 146,
        "EBIT": 212,
        "Net Income": 84
    },
    "2014-09-30": {
        "Diluted EPS": 1.66,
        "Total Revenue": NaN,
        "Gross Profit": NaN,
        "Operating Income": 209,
        "EBIT": 275,
        "Net Income": 122
    },
    "2014-06-30": {
        "Diluted EPS": 1.89,
        "Total Revenue": NaN,
        "Gross Profit": NaN,
        "Operating Income": 241,
        "EBIT": 305,
        "Net Income": 139
    },
    "2014-03-31": {
        "Diluted EPS": 2.01,
        "Total Revenue": NaN,
        "Gross Profit": NaN,
        "Operating Income": 256,
        "EBIT": 344,
        "Net Income": 147
    },
    "2013-12-31": {
        "Diluted EPS": 0.66,
        "Total Revenue": NaN,
        "Gross Profit": 702,
        "Operating Income": 91,
        "EBIT": 139,
        "Net Income": 49
    },
    "2013-09-30": {
        "Diluted EPS": 1.42,
        "Total Revenue": NaN,
        "Gross Profit": 763,
        "Operating Income": 171,
        "EBIT": 219,
        "Net Income": 104
    },
    "2013-06-30": {
        "Diluted EPS": 1.59,
        "Total Revenue": NaN,
        "Gross Profit": 779,
        "Operating Income": 195,
        "EBIT": 243,
        "Net Income": 117
    },
    "2013-03-31": {
        "Diluted EPS": 1.65,
        "Total Revenue": NaN,
        "Gross Profit": NaN,
        "Operating Income": 204,
        "EBIT": 268,
        "Net Income": 122
    },
    "2012-12-31": {
        "Diluted EPS": 0.88,
        "Total Revenue": NaN,
        "Gross Profit": 663,
        "Operating Income": 113,
        "EBIT": 159,
        "Net Income": 65
    },
    "2012-09-30": {
        "Diluted EPS": 1.21,
        "Total Revenue": NaN,
        "Gross Profit": 725,
        "Operating Income": 150,
        "EBIT": 196,
        "Net Income": 90
    },
    "2012-06-30": {
        "Diluted EPS": 1.34,
        "Total Revenue": NaN,
        "Gross Profit": 729,
        "Operating Income": 169,
        "EBIT": 212,
        "Net Income": 100
    },
    "2012-03-31": {
        "Diluted EPS": 1.79,
        "Total Revenue": NaN,
        "Gross Profit": 981,
        "Operating Income": 225,
        "EBIT": 280,
        "Net Income": 133
    },
    "2011-12-31": {
        "Diluted EPS": 0.89,
        "Total Revenue": NaN,
        "Gross Profit": 651,
        "Operating Income": 112,
        "EBIT": 153,
        "Net Income": 66
    },
    "2011-09-30": {
        "Diluted EPS": 1.41,
        "Total Revenue": NaN,
        "Gross Profit": 725,
        "Operating Income": 178,
        "EBIT": 219,
        "Net Income": 105
    },
    "2011-06-30": {
        "Diluted EPS": 1.46,
        "Total Revenue": NaN,
        "Gross Profit": 736,
        "Operating Income": 189,
        "EBIT": 229,
        "Net Income": 113
    },
    "2011-03-31": {
        "Diluted EPS": 1.35,
        "Total Revenue": NaN,
        "Gross Profit": 958,
        "Operating Income": 186,
        "EBIT": 239,
        "Net Income": 109
    },
    "2010-12-31": {
        "Diluted EPS": 0.57,
        "Total Revenue": NaN,
        "Gross Profit": 627,
        "Operating Income": 84,
        "EBIT": 123,
        "Net Income": 48
    },
    "2010-09-30": {
        "Diluted EPS": 1.03,
        "Total Revenue": NaN,
        "Gross Profit": 708,
        "Operating Income": 147,
        "EBIT": 186,
        "Net Income": 87
    },
    "2010-06-30": {
        "Diluted EPS": 1.16,
        "Total Revenue": NaN,
        "Gross Profit": 715,
        "Operating Income": 172,
        "EBIT": 209,
        "Net Income": 100
    },
    "2010-03-31": {
        "Diluted EPS": 1.19,
        "Total Revenue": NaN,
        "Gross Profit": 911,
        "Operating Income": 182,
        "EBIT": 232,
        "Net Income": 109
    },
    "2009-12-31": {
        "Diluted EPS": 0.37,
        "Total Revenue": NaN,
        "Gross Profit": 548,
        "Operating Income": 57,
        "EBIT": 93,
        "Net Income": 34
    },
    "2009-09-30": {
        "Diluted EPS": 0.65,
        "Total Revenue": NaN,
        "Gross Profit": 621,
        "Operating Income": 105,
        "EBIT": 140,
        "Net Income": 62
    },
    "2009-06-30": {
        "Diluted EPS": 0.83,
        "Total Revenue": NaN,
        "Gross Profit": 653,
        "Operating Income": 135,
        "EBIT": 169,
        "Net Income": 80
    },
    "2009-03-31": {
        "Diluted EPS": 0.98,
        "Total Revenue": NaN,
        "Gross Profit": 822,
        "Operating Income": 158,
        "EBIT": 203,
        "Net Income": 93
    },
    "2023-06-30": {
        "Tax Effect Of Unusual Items": 0.0,
        "Tax Rate For Calcs": 0.259,
        "Normalized EBITDA": 206472000.0,
        "Total Unusual Items": 0.0,
        "Total Unusual Items Excluding Goodwill": 0.0,
        "Net Income From Continuing Operation Net Minority Interest": 85362000.0,
        "Reconciled Depreciation": 70420000.0,
        "Reconciled Cost Of Revenue": 1537997000.0,
        "EBIT": 136052000.0,
        "Net Interest Income": -20869000.0,
        "Interest Expense": 20869000.0,
        "Normalized Income": 85362000.0,
        "Net Income From Continuing And Discontinued Operation": 85362000.0,
        "Total Expenses": 2551698000.0,
        "Total Operating Income As Reported": 134368000.0,
        "Diluted Average Shares": 59604000.0,
        "Basic Average Shares": 59451000.0,
        "Diluted EPS": 1.43,
        "Basic EPS": 1.44,
        "Diluted NI Availto Com Stockholders": 85362000.0,
        "Net Income Common Stockholders": 85362000.0,
        "Net Income": 85362000.0,
        "Net Income Including Noncontrolling Interests": 85362000.0,
        "Net Income Continuous Operations": 85362000.0,
        "Tax Provision": 29821000.0,
        "Pretax Income": 115183000.0,
        "Other Income Expense": 1684000.0,
        "Other Non Operating Income Expenses": 1684000.0,
        "Special Income Charges": 0.0,
        "Other Special Charges": NaN,
        "Net Non Operating Interest Income Expense": -20869000.0,
        "Interest Expense Non Operating": 20869000.0,
        "Operating Income": 134368000.0,
        "Operating Expense": 1013701000.0,
        "Selling General And Administration": 1013701000.0,
        "Gross Profit": 1148069000.0,
        "Cost Of Revenue": 1537997000.0,
        "Total Revenue": 2686066000.0,
        "Operating Revenue": 2686066000.0
    }
}