{
    "2023-06-30": {
        "Tax Effect Of Unusual Items": NaN,
        "Tax Rate For Calcs": NaN,
        "Normalized EBITDA": NaN,
        "Total Unusual Items": NaN,
        "Total Unusual Items Excluding Goodwill": NaN,
        "Net Income From Continuing Operation Net Minority Interest": NaN,
        "Reconciled Depreciation": NaN,
        "Reconciled Cost Of Revenue": NaN,
        "EBITDA": NaN,
        "EBIT": NaN,
        "Net Interest Income": NaN,
        "Interest Expense": NaN,
        "Interest Income": NaN,
        "Normalized Income": NaN,
        "Net Income From Continuing And Discontinued Operation": NaN,
        "Total Expenses": NaN,
        "Total Operating Income As Reported": NaN,
        "Diluted Average Shares": NaN,
        "Basic Average Shares": NaN,
        "Diluted EPS": NaN,
        "Basic EPS": NaN,
        "Diluted NI Availto Com Stockholders": NaN,
        "Net Income Common Stockholders": NaN,
        "Otherunder Preferred Stock Dividend": 11000000.0,
        "Net Income": NaN,
        "Minority Interests": NaN,
        "Net Income Including Noncontrolling Interests": NaN,
        "Net Income Continuous Operations": NaN,
        "Tax Provision": NaN,
        "Pretax Income": NaN,
        "Other Income Expense": NaN,
        "Other Non Operating Income Expenses": NaN,
        "Special Income Charges": NaN,
        "Other Special Charges": NaN,
        "Restructuring And Mergern Acquisition": 280000000.0,
        "Gain On Sale Of Security": NaN,
        "Net Non Operating Interest Income Expense": NaN,
        "Interest Expense Non Operating": NaN,
        "Interest Income Non Operating": NaN,
        "Operating Income": NaN,
        "Operating Expense": NaN,
        "Other Operating Expenses": -169000000.0,
        "Research And Development": NaN,
        "Selling General And Administration": NaN,
        "Gross Profit": NaN,
        "Cost Of Revenue": NaN,
        "Total Revenue": NaN,
        "Operating Revenue": NaN
    },
    "2023-03-31": {
        "Tax Effect Of Unusual Items": NaN,
        "Tax Rate For Calcs": NaN,
        "Normalized EBITDA": NaN,
        "Total Unusual Items": NaN,
        "Total Unusual Items Excluding Goodwill": NaN,
        "Net Income From Continuing Operation Net Minority Interest": NaN,
        "Reconciled Depreciation": NaN,
        "Reconciled Cost Of Revenue": NaN,
        "EBITDA": NaN,
        "EBIT": NaN,
        "Net Interest Income": NaN,
        "Interest Expense": NaN,
        "Interest Income": NaN,
        "Normalized Income": NaN,
        "Net Income From Continuing And Discontinued Operation": NaN,
        "Total Expenses": NaN,
        "Total Operating Income As Reported": NaN,
        "Diluted Average Shares": NaN,
        "Basic Average Shares": NaN,
        "Diluted EPS": NaN,
        "Basic EPS": NaN,
        "Diluted NI Availto Com Stockholders": NaN,
        "Net Income Common Stockholders": NaN,
        "Otherunder Preferred Stock Dividend": NaN,
        "Net Income": NaN,
        "Minority Interests": NaN,
        "Net Income Including Noncontrolling Interests": NaN,
        "Net Income Continuous Operations": NaN,
        "Tax Provision": NaN,
        "Pretax Income": NaN,
        "Other Income Expense": NaN,
        "Other Non Operating Income Expenses": NaN,
        "Special Income Charges": NaN,
        "Other Special Charges": NaN,
        "Restructuring And Mergern Acquisition": 150000000.0,
        "Gain On Sale Of Security": NaN,
        "Net Non Operating Interest Income Expense": NaN,
        "Interest Expense Non Operating": NaN,
        "Interest Income Non Operating": NaN,
        "Operating Income": NaN,
        "Operating Expense": NaN,
        "Other Operating Expenses": -10000000.0,
        "Research And Development": NaN,
        "Selling General And Administration": NaN,
        "Gross Profit": NaN,
        "Cost Of Revenue": NaN,
        "Total Revenue": NaN,
        "Operating Revenue": NaN
    },
    "2022-12-31": {
        "Tax Effect Of Unusual Items": NaN,
        "Tax Rate For Calcs": NaN,
        "Normalized EBITDA": NaN,
        "Total Unusual Items": NaN,
        "Total Unusual Items Excluding Goodwill": NaN,
        "Net Income From Continuing Operation Net Minority Interest": NaN,
        "Reconciled Depreciation": NaN,
        "Reconciled Cost Of Revenue": NaN,
        "EBITDA": NaN,
        "EBIT": NaN,
        "Net Interest Income": NaN,
        "Interest Expense": NaN,
        "Interest Income": NaN,
        "Normalized Income": NaN,
        "Net Income From Continuing And Discontinued Operation": NaN,
        "Total Expenses": NaN,
        "Total Operating Income As Reported": NaN,
        "Diluted Average Shares": NaN,
        "Basic Average Shares": NaN,
        "Diluted EPS": NaN,
        "Basic EPS": NaN,
        "Diluted NI Availto Com Stockholders": NaN,
        "Net Income Common Stockholders": NaN,
        "Otherunder Preferred Stock Dividend": 11000000.0,
        "Net Income": NaN,
        "Minority Interests": NaN,
        "Net Income Including Noncontrolling Interests": NaN,
        "Net Income Continuous Operations": NaN,
        "Tax Provision": NaN,
        "Pretax Income": NaN,
        "Other Income Expense": NaN,
        "Other Non Operating Income Expenses": NaN,
        "Special Income Charges": NaN,
        "Other Special Charges": 243000000.0,
        "Restructuring And Mergern Acquisition": NaN,
        "Gain On Sale Of Security": NaN,
        "Net Non Operating Interest Income Expense": NaN,
        "Interest Expense Non Operating": NaN,
        "Interest Income Non Operating": NaN,
        "Operating Income": NaN,
        "Operating Expense": NaN,
        "Other Operating Expenses": -1000000.0,
        "Research And Development": NaN,
        "Selling General And Administration": NaN,
        "Gross Profit": NaN,
        "Cost Of Revenue": NaN,
        "Total Revenue": NaN,
        "Operating Revenue": NaN
    },
    "2022-09-30": {
        "Tax Effect Of Unusual Items": NaN,
        "Tax Rate For Calcs": NaN,
        "Normalized EBITDA": NaN,
        "Total Unusual Items": NaN,
        "Total Unusual Items Excluding Goodwill": NaN,
        "Net Income From Continuing Operation Net Minority Interest": NaN,
        "Reconciled Depreciation": NaN,
        "Reconciled Cost Of Revenue": NaN,
        "EBITDA": NaN,
        "EBIT": NaN,
        "Net Interest Income": NaN,
        "Interest Expense": NaN,
        "Interest Income": NaN,
        "Normalized Income": NaN,
        "Net Income From Continuing And Discontinued Operation": NaN,
        "Total Expenses": NaN,
        "Total Operating Income As Reported": NaN,
        "Diluted Average Shares": NaN,
        "Basic Average Shares": NaN,
        "Diluted EPS": NaN,
        "Basic EPS": NaN,
        "Diluted NI Availto Com Stockholders": NaN,
        "Net Income Common Stockholders": NaN,
        "Otherunder Preferred Stock Dividend": 18000000.0,
        "Net Income": NaN,
        "Minority Interests": NaN,
        "Net Income Including Noncontrolling Interests": NaN,
        "Net Income Continuous Operations": NaN,
        "Tax Provision": NaN,
        "Pretax Income": NaN,
        "Other Income Expense": NaN,
        "Other Non Operating Income Expenses": NaN,
        "Special Income Charges": NaN,
        "Other Special Charges": NaN,
        "Restructuring And Mergern Acquisition": NaN,
        "Gain On Sale Of Security": NaN,
        "Net Non Operating Interest Income Expense": NaN,
        "Interest Expense Non Operating": NaN,
        "Interest Income Non Operating": NaN,
        "Operating Income": NaN,
        "Operating Expense": NaN,
        "Other Operating Expenses": 229000000.0,
        "Research And Development": NaN,
        "Selling General And Administration": NaN,
        "Gross Profit": NaN,
        "Cost Of Revenue": NaN,
        "Total Revenue": NaN,
        "Operating Revenue": NaN
    },
    "2022-06-30": {
        "Tax Effect Of Unusual Items": -68256000.0,
        "Tax Rate For Calcs": 0.216,
        "Normalized EBITDA": 2031000000.0,
        "Total Unusual Items": -316000000.0,
        "Total Unusual Items Excluding Goodwill": -316000000.0,
        "Net Income From Continuing Operation Net Minority Interest": 924000000.0,
        "Reconciled Depreciation": 2052000000.0,
        "Reconciled Cost Of Revenue": 4170000000.0,
        "EBITDA": 1715000000.0,
        "EBIT": 1715000000.0,
        "Net Interest Income": -532000000.0,
        "Interest Expense": 532000000.0,
        "Interest Income": 24000000.0,
        "Normalized Income": 1171744000.0,
        "Net Income From Continuing And Discontinued Operation": 924000000.0,
        "Total Expenses": 11019000000.0,
        "Total Operating Income As Reported": 3295000000.0,
        "Diluted Average Shares": 1776000000.0,
        "Basic Average Shares": 1770000000.0,
        "Diluted EPS": 0.51,
        "Basic EPS": 0.52,
        "Diluted NI Availto Com Stockholders": 924000000.0,
        "Net Income Common Stockholders": 924000000.0,
        "Otherunder Preferred Stock Dividend": 11000000.0,
        "Net Income": 924000000.0,
        "Minority Interests": -4000000.0,
        "Net Income Including Noncontrolling Interests": 928000000.0,
        "Net Income Continuous Operations": 928000000.0,
        "Tax Provision": 255000000.0,
        "Pretax Income": 1183000000.0,
        "Other Income Expense": -1849000000.0,
        "Other Non Operating Income Expenses": -1533000000.0,
        "Special Income Charges": -269000000.0,
        "Other Special Charges": 269000000.0,
        "Restructuring And Mergern Acquisition": NaN,
        "Gain On Sale Of Security": -47000000.0,
        "Net Non Operating Interest Income Expense": -532000000.0,
        "Total Other Finance Cost": NaN,
        "Interest Expense Non Operating": 532000000.0,
        "Interest Income Non Operating": 24000000.0,
        "Operating Income": 3564000000.0,
        "Operating Expense": 6849000000.0,
        "Other Operating Expenses": -172000000.0,
        "Research And Development": 1609000000.0,
        "Selling General And Administration": 5412000000.0,
        "Gross Profit": 10413000000.0,
        "Cost Of Revenue": 4170000000.0,
        "Total Revenue": 14583000000.0,
        "Operating Revenue": 14583000000.0
    },
    "2022-03-31": {
        "Diluted EPS": 2.51,
        "Total Revenue": NaN,
        "Gross Profit": NaN,
        "Operating Income": NaN,
        "EBIT": NaN,
        "Net Income": NaN
    },
    "2021-12-31": {
        "Diluted EPS": 2.26,
        "Total Revenue": NaN,
        "Gross Profit": NaN,
        "Operating Income": NaN,
        "EBIT": NaN,
        "Net Income": NaN
    },
    "2021-09-30": {
        "Diluted EPS": 1.78,
        "Total Revenue": NaN,
        "Gross Profit": NaN,
        "Operating Income": NaN,
        "EBIT": NaN,
        "Net Income": NaN
    },
    "2021-06-30": {
        "Diluted EPS": 0.42,
        "Total Revenue": NaN,
        "Gross Profit": NaN,
        "Operating Income": NaN,
        "EBIT": NaN,
        "Net Income": 766
    },
    "2021-03-31": {
        "Diluted EPS": 1.99,
        "Total Revenue": NaN,
        "Gross Profit": NaN,
        "Operating Income": NaN,
        "EBIT": NaN,
        "Net Income": NaN
    },
    "2020-12-31": {
        "Diluted EPS": -0.13,
        "Total Revenue": NaN,
        "Gross Profit": NaN,
        "Operating Income": NaN,
        "EBIT": NaN,
        "Net Income": 36
    },
    "2020-09-30": {
        "Diluted EPS": 1.29,
        "Total Revenue": NaN,
        "Gross Profit": NaN,
        "Operating Income": NaN,
        "EBIT": NaN,
        "Net Income": NaN
    },
    "2020-06-30": {
        "Diluted EPS": -0.46,
        "Total Revenue": NaN,
        "Gross Profit": NaN,
        "Operating Income": 752,
        "EBIT": NaN,
        "Net Income": -738
    },
    "2020-03-31": {
        "Diluted EPS": 2.02,
        "Total Revenue": NaN,
        "Gross Profit": NaN,
        "Operating Income": NaN,
        "EBIT": NaN,
        "Net Income": NaN
    },
    "2019-12-31": {
        "Diluted EPS": 1.88,
        "Total Revenue": NaN,
        "Gross Profit": NaN,
        "Operating Income": NaN,
        "EBIT": NaN,
        "Net Income": NaN
    },
    "2019-09-30": {
        "Diluted EPS": 1.26,
        "Total Revenue": NaN,
        "Gross Profit": NaN,
        "Operating Income": NaN,
        "EBIT": NaN,
        "Net Income": NaN
    },
    "2019-06-30": {
        "Diluted EPS": 0.49,
        "Total Revenue": NaN,
        "Gross Profit": NaN,
        "Operating Income": NaN,
        "EBIT": NaN,
        "Net Income": 741
    },
    "2019-03-31": {
        "Diluted EPS": 1.65,
        "Total Revenue": NaN,
        "Gross Profit": NaN,
        "Operating Income": NaN,
        "EBIT": NaN,
        "Net Income": NaN
    },
    "2018-12-31": {
        "Diluted EPS": -1.15,
        "Total Revenue": NaN,
        "Gross Profit": NaN,
        "Operating Income": NaN,
        "EBIT": NaN,
        "Net Income": NaN
    },
    "2018-09-30": {
        "Diluted EPS": 1.81,
        "Total Revenue": NaN,
        "Gross Profit": NaN,
        "Operating Income": NaN,
        "EBIT": NaN,
        "Net Income": NaN
    },
    "2018-06-30": {
        "Diluted EPS": 1.26,
        "Total Revenue": NaN,
        "Gross Profit": NaN,
        "Operating Income": NaN,
        "EBIT": NaN,
        "Net Income": NaN
    },
    "2018-03-31": {
        "Diluted EPS": 1.74,
        "Total Revenue": NaN,
        "Gross Profit": NaN,
        "Operating Income": NaN,
        "EBIT": NaN,
        "Net Income": NaN
    },
    "2017-12-31": {
        "Diluted EPS": 0.04,
        "Total Revenue": NaN,
        "Gross Profit": NaN,
        "Operating Income": NaN,
        "EBIT": NaN,
        "Net Income": 52
    },
    "2017-09-30": {
        "Diluted EPS": 1.01,
        "Total Revenue": NaN,
        "Gross Profit": NaN,
        "Operating Income": NaN,
        "EBIT": NaN,
        "Net Income": NaN
    },
    "2017-06-30": {
        "Diluted EPS": 1.19,
        "Total Revenue": NaN,
        "Gross Profit": NaN,
        "Operating Income": NaN,
        "EBIT": NaN,
        "Net Income": NaN
    },
    "2017-03-31": {
        "Diluted EPS": 1.06,
        "Total Revenue": NaN,
        "Gross Profit": NaN,
        "Operating Income": NaN,
        "EBIT": NaN,
        "Net Income": NaN
    },
    "2016-12-31": {
        "Diluted EPS": 0.85,
        "Total Revenue": NaN,
        "Gross Profit": NaN,
        "Operating Income": NaN,
        "EBIT": NaN,
        "Net Income": NaN
    },
    "2016-09-30": {
        "Diluted EPS": 0.97,
        "Total Revenue": NaN,
        "Gross Profit": NaN,
        "Operating Income": NaN,
        "EBIT": NaN,
        "Net Income": NaN
    },
    "2016-06-30": {
        "Diluted EPS": 0.98,
        "Total Revenue": NaN,
        "Gross Profit": NaN,
        "Operating Income": NaN,
        "EBIT": NaN,
        "Net Income": NaN
    },
    "2016-03-31": {
        "Diluted EPS": 0.83,
        "Total Revenue": NaN,
        "Gross Profit": NaN,
        "Operating Income": NaN,
        "EBIT": NaN,
        "Net Income": NaN
    },
    "2015-12-31": {
        "Diluted EPS": 0.93,
        "Total Revenue": NaN,
        "Gross Profit": NaN,
        "Operating Income": NaN,
        "EBIT": NaN,
        "Net Income": NaN
    },
    "2015-09-30": {
        "Diluted EPS": 0.74,
        "Total Revenue": NaN,
        "Gross Profit": NaN,
        "Operating Income": NaN,
        "EBIT": NaN,
        "Net Income": NaN
    },
    "2015-06-30": {
        "Diluted EPS": 0.83,
        "Total Revenue": NaN,
        "Gross Profit": NaN,
        "Operating Income": NaN,
        "EBIT": NaN,
        "Net Income": NaN
    },
    "2015-03-31": {
        "Diluted EPS": 0.63,
        "Total Revenue": NaN,
        "Gross Profit": NaN,
        "Operating Income": NaN,
        "EBIT": NaN,
        "Net Income": NaN
    },
    "2014-12-31": {
        "Diluted EPS": -0.5,
        "Total Revenue": NaN,
        "Gross Profit": NaN,
        "Operating Income": -415,
        "EBIT": -222,
        "Net Income": -810
    },
    "2014-09-30": {
        "Diluted EPS": 0.31,
        "Total Revenue": NaN,
        "Gross Profit": NaN,
        "Operating Income": 960,
        "EBIT": NaN,
        "Net Income": 506
    },
    "2014-06-30": {
        "Diluted EPS": 0.68,
        "Total Revenue": NaN,
        "Gross Profit": NaN,
        "Operating Income": NaN,
        "EBIT": NaN,
        "Net Income": NaN
    },
    "2014-03-31": {
        "Diluted EPS": 0.61,
        "Total Revenue": NaN,
        "Gross Profit": NaN,
        "Operating Income": NaN,
        "EBIT": NaN,
        "Net Income": 980
    },
    "2013-12-31": {
        "Diluted EPS": 0.7,
        "Total Revenue": NaN,
        "Gross Profit": NaN,
        "Operating Income": NaN,
        "EBIT": NaN,
        "Net Income": NaN
    },
    "2013-09-30": {
        "Diluted EPS": 0.6,
        "Total Revenue": NaN,
        "Gross Profit": NaN,
        "Operating Income": NaN,
        "EBIT": NaN,
        "Net Income": 964
    },
    "2013-06-30": {
        "Diluted EPS": 0.66,
        "Total Revenue": NaN,
        "Gross Profit": NaN,
        "Operating Income": NaN,
        "EBIT": NaN,
        "Net Income": NaN
    },
    "2013-03-31": {
        "Diluted EPS": 0.6,
        "Total Revenue": NaN,
        "Gross Profit": NaN,
        "Operating Income": NaN,
        "EBIT": NaN,
        "Net Income": 968
    },
    "2012-12-31": {
        "Diluted EPS": 0.98,
        "Total Revenue": NaN,
        "Gross Profit": NaN,
        "Operating Income": NaN,
        "EBIT": NaN,
        "Net Income": NaN
    },
    "2012-09-30": {
        "Diluted EPS": 1.01,
        "Total Revenue": NaN,
        "Gross Profit": NaN,
        "Operating Income": NaN,
        "EBIT": NaN,
        "Net Income": NaN
    },
    "2012-06-30": {
        "Diluted EPS": 0.8,
        "Total Revenue": NaN,
        "Gross Profit": NaN,
        "Operating Income": NaN,
        "EBIT": NaN,
        "Net Income": NaN
    },
    "2012-03-31": {
        "Diluted EPS": 0.56,
        "Total Revenue": NaN,
        "Gross Profit": NaN,
        "Operating Income": 978,
        "EBIT": NaN,
        "Net Income": 883
    },
    "2011-12-31": {
        "Diluted EPS": 0.73,
        "Total Revenue": NaN,
        "Gross Profit": NaN,
        "Operating Income": NaN,
        "EBIT": NaN,
        "Net Income": NaN
    },
    "2011-09-30": {
        "Diluted EPS": 0.01,
        "Total Revenue": NaN,
        "Gross Profit": NaN,
        "Operating Income": NaN,
        "EBIT": NaN,
        "Net Income": 13
    },
    "2011-06-30": {
        "Diluted EPS": 0.98,
        "Total Revenue": NaN,
        "Gross Profit": NaN,
        "Operating Income": NaN,
        "EBIT": NaN,
        "Net Income": NaN
    },
    "2011-03-31": {
        "Diluted EPS": 0.0,
        "Total Revenue": NaN,
        "Gross Profit": NaN,
        "Operating Income": 824,
        "EBIT": NaN,
        "Net Income": 723
    },
    "2010-12-31": {
        "Diluted EPS": 0.0,
        "Total Revenue": NaN,
        "Gross Profit": NaN,
        "Operating Income": NaN,
        "EBIT": NaN,
        "Net Income": NaN
    },
    "2009-12-31": {
        "Diluted EPS": 0.0,
        "Total Revenue": NaN,
        "Gross Profit": NaN,
        "Operating Income": NaN,
        "EBIT": NaN,
        "Net Income": NaN
    },
    "2023-09-30": {
        "Tax Effect Of Unusual Items": -8190000.0,
        "Tax Rate For Calcs": 0.09,
        "Normalized EBITDA": 4834000000.0,
        "Total Unusual Items": -91000000.0,
        "Total Unusual Items Excluding Goodwill": -91000000.0,
        "Net Income From Continuing Operation Net Minority Interest": 1778000000.0,
        "Reconciled Depreciation": 2235000000.0,
        "Reconciled Cost Of Revenue": 6485000000.0,
        "EBITDA": 4743000000.0,
        "EBIT": 2508000000.0,
        "Net Interest Income": -398000000.0,
        "Interest Expense": 555000000.0,
        "Interest Income": 157000000.0,
        "Normalized Income": 1860810000.0,
        "Net Income From Continuing And Discontinued Operation": 1778000000.0,
        "Total Expenses": 11580000000.0,
        "Total Operating Income As Reported": 2281000000.0,
        "Diluted Average Shares": 1771000000.0,
        "Basic Average Shares": 1767000000.0,
        "Diluted EPS": 1.0,
        "Basic EPS": 1.0,
        "Diluted NI Availto Com Stockholders": 1767000000.0,
        "Net Income Common Stockholders": 1767000000.0,
        "Otherunder Preferred Stock Dividend": 11000000.0,
        "Net Income": 1778000000.0,
        "Minority Interests": -3000000.0,
        "Net Income Including Noncontrolling Interests": 1781000000.0,
        "Net Income Continuous Operations": 1781000000.0,
        "Tax Provision": 172000000.0,
        "Pretax Income": 1953000000.0,
        "Other Income Expense": 4000000.0,
        "Other Non Operating Income Expenses": 95000000.0,
        "Special Income Charges": -66000000.0,
        "Other Special Charges": 66000000.0,
        "Restructuring And Mergern Acquisition": NaN,
        "Gain On Sale Of Security": -25000000.0,
        "Net Non Operating Interest Income Expense": -398000000.0,
        "Interest Expense Non Operating": 555000000.0,
        "Interest Income Non Operating": 157000000.0,
        "Operating Income": 2347000000.0,
        "Operating Expense": 5095000000.0,
        "Other Operating Expenses": NaN,
        "Research And Development": 1723000000.0,
        "Selling General And Administration": 3372000000.0,
        "Gross Profit": 7442000000.0,
        "Cost Of Revenue": 6485000000.0,
        "Total Revenue": 13927000000.0,
        "Operating Revenue": 13927000000.0
    },
    "2023-12-31": {
        "Tax Effect Of Unusual Items": -15686468.646865,
        "Tax Rate For Calcs": 0.320132,
        "Normalized EBITDA": 3901000000.0,
        "Total Unusual Items": -49000000.0,
        "Total Unusual Items Excluding Goodwill": -49000000.0,
        "Net Income From Continuing Operation Net Minority Interest": 822000000.0,
        "Reconciled Depreciation": 2076000000.0,
        "Reconciled Cost Of Revenue": 5704000000.0,
        "EBITDA": 3852000000.0,
        "EBIT": 1776000000.0,
        "Net Interest Income": -378000000.0,
        "Interest Expense": 564000000.0,
        "Interest Income": 186000000.0,
        "Normalized Income": 855313531.353135,
        "Net Income From Continuing And Discontinued Operation": 822000000.0,
        "Total Expenses": 11106000000.0,
        "Total Operating Income As Reported": 3195000000.0,
        "Diluted Average Shares": 1772000000.0,
        "Basic Average Shares": 1765940733.0,
        "Diluted EPS": 0.46,
        "Basic EPS": 0.465474,
        "Diluted NI Availto Com Stockholders": 779000000.0,
        "Net Income Common Stockholders": 779000000.0,
        "Otherunder Preferred Stock Dividend": NaN,
        "Net Income": 822000000.0,
        "Minority Interests": -2000000.0,
        "Net Income Including Noncontrolling Interests": 824000000.0,
        "Net Income Continuous Operations": 824000000.0,
        "Tax Provision": 388000000.0,
        "Pretax Income": 1212000000.0,
        "Other Income Expense": -1605000000.0,
        "Other Non Operating Income Expenses": -1556000000.0,
        "Special Income Charges": -282000000.0,
        "Other Special Charges": 282000000.0,
        "Restructuring And Mergern Acquisition": NaN,
        "Gain On Sale Of Security": -49000000.0,
        "Net Non Operating Interest Income Expense": -378000000.0,
        "Interest Expense Non Operating": 564000000.0,
        "Interest Income Non Operating": 186000000.0,
        "Operating Income": 3195000000.0,
        "Operating Expense": 5402000000.0,
        "Other Operating Expenses": 0.0,
        "Research And Development": 2209000000.0,
        "Selling General And Administration": 3193000000.0,
        "Gross Profit": 8597000000.0,
        "Cost Of Revenue": 5704000000.0,
        "Total Revenue": 14301000000.0,
        "Operating Revenue": 14301000000.0
    },
    "2024-03-31": {
        "Tax Effect Of Unusual Items": -36960000.0,
        "Tax Rate For Calcs": 0.22,
        "Normalized EBITDA": 4657000000.0,
        "Total Unusual Items": -168000000.0,
        "Total Unusual Items Excluding Goodwill": -168000000.0,
        "Net Income From Continuing Operation Net Minority Interest": 1369000000.0,
        "Reconciled Depreciation": 2074000000.0,
        "Reconciled Cost Of Revenue": 4094000000.0,
        "EBITDA": 4489000000.0,
        "EBIT": 2415000000.0,
        "Net Interest Income": -453000000.0,
        "Interest Expense": 660000000.0,
        "Interest Income": 207000000.0,
        "Normalized Income": 1500040000.0,
        "Net Income From Continuing And Discontinued Operation": 1369000000.0,
        "Total Expenses": 9348000000.0,
        "Total Operating Income As Reported": 2798000000.0,
        "Diluted Average Shares": 1773000000.0,
        "Basic Average Shares": 1769000000.0,
        "Diluted EPS": 0.77,
        "Basic EPS": 0.77,
        "Diluted NI Availto Com Stockholders": 1359000000.0,
        "Net Income Common Stockholders": 1359000000.0,
        "Otherunder Preferred Stock Dividend": 10000000.0,
        "Net Income": 1369000000.0,
        "Minority Interests": -3000000.0,
        "Net Income Including Noncontrolling Interests": 1372000000.0,
        "Net Income Continuous Operations": 1372000000.0,
        "Tax Provision": 383000000.0,
        "Pretax Income": 1755000000.0,
        "Other Income Expense": -754000000.0,
        "Other Non Operating Income Expenses": -586000000.0,
        "Special Income Charges": -164000000.0,
        "Other Special Charges": 164000000.0,
        "Restructuring And Mergern Acquisition": 164000000.0,
        "Gain On Sale Of Security": -4000000.0,
        "Net Non Operating Interest Income Expense": -453000000.0,
        "Interest Expense Non Operating": 660000000.0,
        "Interest Income Non Operating": 207000000.0,
        "Operating Income": 2962000000.0,
        "Operating Expense": 5254000000.0,
        "Other Operating Expenses": NaN,
        "Research And Development": 1939000000.0,
        "Selling General And Administration": 3315000000.0,
        "Gross Profit": 8216000000.0,
        "Cost Of Revenue": 4094000000.0,
        "Total Revenue": 12310000000.0,
        "Operating Revenue": 12310000000.0
    },
    "2024-06-30": {
        "Tax Effect Of Unusual Items": -337680000.0,
        "Tax Rate For Calcs": 0.36,
        "Normalized EBITDA": 5941000000.0,
        "Total Unusual Items": -938000000.0,
        "Total Unusual Items Excluding Goodwill": -938000000.0,
        "Net Income From Continuing Operation Net Minority Interest": 1370000000.0,
        "Reconciled Depreciation": 2131000000.0,
        "Reconciled Cost Of Revenue": 4202000000.0,
        "EBITDA": 5003000000.0,
        "EBIT": 2872000000.0,
        "Net Interest Income": -506000000.0,
        "Interest Expense": 726000000.0,
        "Interest Income": 220000000.0,
        "Normalized Income": 1970320000.0,
        "Net Income From Continuing And Discontinued Operation": 1370000000.0,
        "Total Expenses": 9527000000.0,
        "Total Operating Income As Reported": 3998000000.0,
        "Diluted Average Shares": 1771000000.0,
        "Basic Average Shares": 1768000000.0,
        "Diluted EPS": 0.77,
        "Basic EPS": 0.77,
        "Diluted NI Availto Com Stockholders": 1360000000.0,
        "Net Income Common Stockholders": 1360000000.0,
        "Otherunder Preferred Stock Dividend": 10000000.0,
        "Net Income": 1370000000.0,
        "Minority Interests": -3000000.0,
        "Net Income Including Noncontrolling Interests": 1373000000.0,
        "Net Income Continuous Operations": 1373000000.0,
        "Tax Provision": 773000000.0,
        "Pretax Income": 2146000000.0,
        "Other Income Expense": -2283000000.0,
        "Other Non Operating Income Expenses": -1345000000.0,
        "Special Income Charges": -937000000.0,
        "Other Special Charges": 937000000.0,
        "Restructuring And Mergern Acquisition": 937000000.0,
        "Gain On Sale Of Security": -1000000.0,
        "Net Non Operating Interest Income Expense": -506000000.0,
        "Interest Expense Non Operating": 726000000.0,
        "Interest Income Non Operating": 220000000.0,
        "Operating Income": 4935000000.0,
        "Operating Expense": 5325000000.0,
        "Other Operating Expenses": NaN,
        "Research And Development": 1948000000.0,
        "Selling General And Administration": 3377000000.0,
        "Gross Profit": 10260000000.0,
        "Cost Of Revenue": 4202000000.0,
        "Total Revenue": 14462000000.0,
        "Operating Revenue": 14462000000.0
    },
    "2024-09-30": {
        "Tax Effect Of Unusual Items": -19750000.0,
        "Tax Rate For Calcs": 0.25,
        "Normalized EBITDA": 4962000000.0,
        "Total Unusual Items": -79000000.0,
        "Total Unusual Items Excluding Goodwill": -79000000.0,
        "Net Income From Continuing Operation Net Minority Interest": 1561000000.0,
        "Reconciled Depreciation": 2079000000.0,
        "Reconciled Cost Of Revenue": 4212000000.0,
        "EBITDA": 4883000000.0,
        "EBIT": 2804000000.0,
        "Net Interest Income": -591000000.0,
        "Interest Expense": 720000000.0,
        "Interest Income": 129000000.0,
        "Normalized Income": 1620250000.0,
        "Net Income From Continuing And Discontinued Operation": 1561000000.0,
        "Total Expenses": 10547000000.0,
        "Total Operating Income As Reported": 3831000000.0,
        "Diluted Average Shares": 1772000000.0,
        "Basic Average Shares": 1769000000.0,
        "Diluted EPS": 0.88,
        "Basic EPS": 0.88,
        "Diluted NI Availto Com Stockholders": 1551000000.0,
        "Net Income Common Stockholders": 1551000000.0,
        "Otherunder Preferred Stock Dividend": 10000000.0,
        "Net Income": 1561000000.0,
        "Minority Interests": -3000000.0,
        "Net Income Including Noncontrolling Interests": 1564000000.0,
        "Net Income Continuous Operations": 1564000000.0,
        "Tax Provision": 520000000.0,
        "Pretax Income": 2084000000.0,
        "Other Income Expense": -1238000000.0,
        "Other Non Operating Income Expenses": -1159000000.0,
        "Special Income Charges": -82000000.0,
        "Other Special Charges": 82000000.0,
        "Restructuring And Mergern Acquisition": NaN,
        "Gain On Sale Of Security": 3000000.0,
        "Net Non Operating Interest Income Expense": -591000000.0,
        "Interest Expense Non Operating": 720000000.0,
        "Interest Income Non Operating": 129000000.0,
        "Operating Income": 3913000000.0,
        "Operating Expense": 6335000000.0,
        "Other Operating Expenses": NaN,
        "Research And Development": 2130000000.0,
        "Selling General And Administration": 4205000000.0,
        "Gross Profit": 10248000000.0,
        "Cost Of Revenue": 4212000000.0,
        "Total Revenue": 14460000000.0,
        "Operating Revenue": 14460000000.0
    }
}