{
    "2023-03-31": {
        "Tax Effect Of Unusual Items": -28268680.0,
        "Tax Rate For Calcs": 0.164,
        "Normalized EBITDA": 990075000.0,
        "Total Unusual Items": -172370000.0,
        "Total Unusual Items Excluding Goodwill": -172370000.0,
        "Net Income From Continuing Operation Net Minority Interest": 435402000.0,
        "Reconciled Depreciation": 241466000.0,
        "Reconciled Cost Of Revenue": 61161763000.0,
        "EBIT": 576239000.0,
        "Net Interest Income": -64109000.0,
        "Interest Expense": 64109000.0,
        "Interest Income": 8163000.0,
        "Normalized Income": 579503320.0,
        "Net Income From Continuing And Discontinued Operation": 435402000.0,
        "Total Expenses": 62724316000.0,
        "Total Operating Income As Reported": 560519000.0,
        "Diluted Average Shares": 204256000.0,
        "Basic Average Shares": 202316000.0,
        "Diluted EPS": 2.13,
        "Basic EPS": 2.15,
        "Diluted NI Availto Com Stockholders": 435402000.0,
        "Net Income Common Stockholders": 435402000.0,
        "Net Income": 435402000.0,
        "Minority Interests": 7189000.0,
        "Net Income Including Noncontrolling Interests": 428213000.0,
        "Net Income Continuous Operations": 428213000.0,
        "Tax Provision": 83917000.0,
        "Pretax Income": 512130000.0,
        "Other Income Expense": -156650000.0,
        "Other Non Operating Income Expenses": 15720000.0,
        "Special Income Charges": -172370000.0,
        "Other Special Charges": 15813000.0,
        "Write Off": 0.0,
        "Impairment Of Capital Assets": NaN,
        "Restructuring And Mergern Acquisition": 156557000.0,
        "Net Non Operating Interest Income Expense": -64109000.0,
        "Interest Expense Non Operating": 64109000.0,
        "Interest Income Non Operating": 8163000.0,
        "Operating Income": 732889000.0,
        "Operating Expense": 1562553000.0,
        "Depreciation Amortization Depletion Income Statement": 241466000.0,
        "Depreciation And Amortization In Income Statement": 241466000.0,
        "Amortization": 140785000.0,
        "Amortization Of Intangibles Income Statement": 140785000.0,
        "Depreciation Income Statement": 100681000.0,
        "Selling General And Administration": 1321087000.0,
        "Gross Profit": 2295442000.0,
        "Cost Of Revenue": 61161763000.0,
        "Total Revenue": 63457205000.0,
        "Operating Revenue": 63457205000.0
    },
    "2022-12-31": {
        "Tax Effect Of Unusual Items": -9888516.0,
        "Tax Rate For Calcs": 0.198,
        "Normalized EBITDA": 861353000.0,
        "Total Unusual Items": -49942000.0,
        "Total Unusual Items Excluding Goodwill": -49942000.0,
        "Net Income From Continuing Operation Net Minority Interest": 479745000.0,
        "Reconciled Depreciation": 171940000.0,
        "Reconciled Cost Of Revenue": 60700879000.0,
        "EBIT": 639471000.0,
        "Net Interest Income": -46016000.0,
        "Interest Expense": 46016000.0,
        "Interest Income": 14790000.0,
        "Normalized Income": 519798484.0,
        "Net Income From Continuing And Discontinued Operation": 479745000.0,
        "Total Expenses": 62163747000.0,
        "Total Operating Income As Reported": 633143000.0,
        "Diluted Average Shares": 206327000.0,
        "Basic Average Shares": 204032000.0,
        "Diluted EPS": 2.33,
        "Basic EPS": 2.35,
        "Diluted NI Availto Com Stockholders": 479745000.0,
        "Net Income Common Stockholders": 479745000.0,
        "Net Income": 479745000.0,
        "Minority Interests": 3575000.0,
        "Net Income Including Noncontrolling Interests": 476170000.0,
        "Net Income Continuous Operations": 476170000.0,
        "Tax Provision": 117285000.0,
        "Pretax Income": 593455000.0,
        "Other Income Expense": -43614000.0,
        "Other Non Operating Income Expenses": 6328000.0,
        "Special Income Charges": -49942000.0,
        "Other Special Charges": 12706000.0,
        "Write Off": 0.0,
        "Impairment Of Capital Assets": NaN,
        "Restructuring And Mergern Acquisition": 37236000.0,
        "Net Non Operating Interest Income Expense": -46016000.0,
        "Interest Expense Non Operating": 46016000.0,
        "Interest Income Non Operating": 14790000.0,
        "Operating Income": 683085000.0,
        "Operating Expense": 1462868000.0,
        "Depreciation Amortization Depletion Income Statement": 171940000.0,
        "Depreciation And Amortization In Income Statement": 171940000.0,
        "Amortization": 72398000.0,
        "Amortization Of Intangibles Income Statement": 72398000.0,
        "Depreciation Income Statement": 99542000.0,
        "Selling General And Administration": 1290928000.0,
        "Gross Profit": 2145953000.0,
        "Cost Of Revenue": 60700879000.0,
        "Total Revenue": 62846832000.0,
        "Operating Revenue": 62846832000.0
    },
    "2022-09-30": {
        "Tax Effect Of Unusual Items": -21246504.0,
        "Tax Rate For Calcs": 0.219,
        "Normalized EBITDA": 701441000.0,
        "Total Unusual Items": -97016000.0,
        "Total Unusual Items Excluding Goodwill": -97016000.0,
        "Net Income From Continuing Operation Net Minority Interest": 294737000.0,
        "Reconciled Depreciation": 170562000.0,
        "Reconciled Cost Of Revenue": 59188590000.0,
        "EBIT": 433863000.0,
        "Net Interest Income": -51523000.0,
        "Interest Expense": 51523000.0,
        "Interest Income": 10798000.0,
        "Normalized Income": 370506496.0,
        "Net Income From Continuing And Discontinued Operation": 294737000.0,
        "Total Expenses": 60622614000.0,
        "Total Operating Income As Reported": 454519000.0,
        "Diluted Average Shares": 209941000.0,
        "Basic Average Shares": 207203000.0,
        "Diluted EPS": 1.4,
        "Basic EPS": 1.42,
        "Diluted NI Availto Com Stockholders": 294737000.0,
        "Net Income Common Stockholders": 294737000.0,
        "Net Income": 294737000.0,
        "Minority Interests": -3939000.0,
        "Net Income Including Noncontrolling Interests": 298676000.0,
        "Net Income Continuous Operations": 298676000.0,
        "Tax Provision": 83664000.0,
        "Pretax Income": 382340000.0,
        "Other Income Expense": -117672000.0,
        "Other Non Operating Income Expenses": -20656000.0,
        "Special Income Charges": -97016000.0,
        "Other Special Charges": 15024000.0,
        "Write Off": 0.0,
        "Impairment Of Capital Assets": 0.0,
        "Restructuring And Mergern Acquisition": 81992000.0,
        "Net Non Operating Interest Income Expense": -51523000.0,
        "Interest Expense Non Operating": 51523000.0,
        "Interest Income Non Operating": 10798000.0,
        "Operating Income": 551535000.0,
        "Operating Expense": 1434024000.0,
        "Depreciation Amortization Depletion Income Statement": 170562000.0,
        "Depreciation And Amortization In Income Statement": 170562000.0,
        "Amortization": 73239000.0,
        "Amortization Of Intangibles Income Statement": 73239000.0,
        "Depreciation Income Statement": 97323000.0,
        "Selling General And Administration": 1263462000.0,
        "Gross Profit": 1985559000.0,
        "Cost Of Revenue": 59188590000.0,
        "Total Revenue": 61174149000.0,
        "Operating Revenue": 61174149000.0
    },
    "2022-06-30": {
        "Tax Effect Of Unusual Items": -34082022.0,
        "Tax Rate For Calcs": 0.237,
        "Normalized EBITDA": 845105000.0,
        "Total Unusual Items": -143806000.0,
        "Total Unusual Items Excluding Goodwill": -143806000.0,
        "Net Income From Continuing Operation Net Minority Interest": 406964000.0,
        "Reconciled Depreciation": 172114000.0,
        "Reconciled Cost Of Revenue": 58049232000.0,
        "EBIT": 529185000.0,
        "Net Interest Income": -52862000.0,
        "Interest Expense": 52862000.0,
        "Interest Income": 4795000.0,
        "Normalized Income": 516687978.0,
        "Net Income From Continuing And Discontinued Operation": 406964000.0,
        "Total Expenses": 59433498000.0,
        "Total Operating Income As Reported": 487297000.0,
        "Diluted Average Shares": 211738000.0,
        "Basic Average Shares": 208885000.0,
        "Diluted EPS": 1.92,
        "Basic EPS": 1.95,
        "Diluted NI Availto Com Stockholders": 406964000.0,
        "Net Income Common Stockholders": 406964000.0,
        "Net Income": 406964000.0,
        "Minority Interests": 43761000.0,
        "Net Income Including Noncontrolling Interests": 363203000.0,
        "Net Income Continuous Operations": 363203000.0,
        "Tax Provision": 113120000.0,
        "Pretax Income": 476323000.0,
        "Other Income Expense": -101918000.0,
        "Other Non Operating Income Expenses": 41888000.0,
        "Special Income Charges": -143806000.0,
        "Other Special Charges": 23442000.0,
        "Write Off": 0.0,
        "Impairment Of Capital Assets": 75936000.0,
        "Restructuring And Mergern Acquisition": 67870000.0,
        "Net Non Operating Interest Income Expense": -52862000.0,
        "Interest Expense Non Operating": 52862000.0,
        "Interest Income Non Operating": 4795000.0,
        "Operating Income": 631103000.0,
        "Operating Expense": 1384266000.0,
        "Depreciation Amortization Depletion Income Statement": 172114000.0,
        "Depreciation And Amortization In Income Statement": 172114000.0,
        "Amortization": 74925000.0,
        "Amortization Of Intangibles Income Statement": 74925000.0,
        "Depreciation Income Statement": 97189000.0,
        "Selling General And Administration": 1212152000.0,
        "Gross Profit": 2015369000.0,
        "Cost Of Revenue": 58049232000.0,
        "Total Revenue": 60064601000.0,
        "Operating Revenue": 60064601000.0
    },
    "2023-06-30": {
        "Tax Effect Of Unusual Items": -3430365.0,
        "Tax Rate For Calcs": 0.213,
        "Normalized EBITDA": 957069000.0,
        "Total Unusual Items": -16105000.0,
        "Total Unusual Items Excluding Goodwill": -16105000.0,
        "Net Income From Continuing Operation Net Minority Interest": 479581000.0,
        "Reconciled Depreciation": 274272000.0,
        "Reconciled Cost Of Revenue": 64682397000.0,
        "EBIT": 666692000.0,
        "Net Interest Income": -57864000.0,
        "Interest Expense": 57864000.0,
        "Interest Income": 10602000.0,
        "Normalized Income": 492255635.0,
        "Net Income From Continuing And Discontinued Operation": 479581000.0,
        "Total Expenses": 66260810000.0,
        "Total Operating Income As Reported": 670128000.0,
        "Diluted Average Shares": 204375000.0,
        "Basic Average Shares": 202349000.0,
        "Diluted EPS": 2.35,
        "Basic EPS": 2.37,
        "Diluted NI Availto Com Stockholders": 479581000.0,
        "Net Income Common Stockholders": 479581000.0,
        "Net Income": 479581000.0,
        "Minority Interests": 368000.0,
        "Net Income Including Noncontrolling Interests": 479213000.0,
        "Net Income Continuous Operations": 479213000.0,
        "Tax Provision": 129615000.0,
        "Pretax Income": 608828000.0,
        "Other Income Expense": -19541000.0,
        "Other Non Operating Income Expenses": -3436000.0,
        "Special Income Charges": -16105000.0,
        "Other Special Charges": -67102000.0,
        "Write Off": 0.0,
        "Impairment Of Capital Assets": 0.0,
        "Restructuring And Mergern Acquisition": 83207000.0,
        "Net Non Operating Interest Income Expense": -57864000.0,
        "Interest Expense Non Operating": 57864000.0,
        "Interest Income Non Operating": 10602000.0,
        "Operating Income": 686233000.0,
        "Operating Expense": 1578413000.0,
        "Depreciation Amortization Depletion Income Statement": 274272000.0,
        "Depreciation And Amortization In Income Statement": 274272000.0,
        "Amortization": 169768000.0,
        "Amortization Of Intangibles Income Statement": 169768000.0,
        "Depreciation Income Statement": 104504000.0,
        "Selling General And Administration": 1304141000.0,
        "Gross Profit": 2264646000.0,
        "Cost Of Revenue": 64682397000.0,
        "Total Revenue": 66947043000.0,
        "Operating Revenue": 66947043000.0
    },
    "2022-03-31": {
        "Diluted EPS": 2.59,
        "Total Revenue": NaN,
        "Gross Profit": NaN,
        "Operating Income": 780,
        "EBIT": 960,
        "Net Income": 548
    },
    "2021-12-31": {
        "Diluted EPS": 2.13,
        "Total Revenue": NaN,
        "Gross Profit": NaN,
        "Operating Income": 644,
        "EBIT": 825,
        "Net Income": 449
    },
    "2021-09-30": {
        "Diluted EPS": 2.08,
        "Total Revenue": NaN,
        "Gross Profit": NaN,
        "Operating Income": 562,
        "EBIT": 768,
        "Net Income": 438
    },
    "2021-06-30": {
        "Diluted EPS": 1.4,
        "Total Revenue": NaN,
        "Gross Profit": NaN,
        "Operating Income": 621,
        "EBIT": 752,
        "Net Income": 292
    },
    "2021-03-31": {
        "Diluted EPS": 2.1,
        "Total Revenue": NaN,
        "Gross Profit": NaN,
        "Operating Income": 624,
        "EBIT": 729,
        "Net Income": 435
    },
    "2020-12-31": {
        "Diluted EPS": 1.81,
        "Total Revenue": NaN,
        "Gross Profit": NaN,
        "Operating Income": 547,
        "EBIT": 652,
        "Net Income": 375
    },
    "2020-09-30": {
        "Diluted EPS": -23.6,
        "Total Revenue": NaN,
        "Gross Profit": NaN,
        "Operating Income": NaN,
        "EBIT": NaN,
        "Net Income": NaN
    },
    "2020-06-30": {
        "Diluted EPS": 1.41,
        "Total Revenue": NaN,
        "Gross Profit": NaN,
        "Operating Income": 405,
        "EBIT": 504,
        "Net Income": 289
    },
    "2020-03-31": {
        "Diluted EPS": 4.64,
        "Total Revenue": NaN,
        "Gross Profit": NaN,
        "Operating Income": 310,
        "EBIT": 410,
        "Net Income": 960
    },
    "2019-12-31": {
        "Diluted EPS": 0.9,
        "Total Revenue": NaN,
        "Gross Profit": NaN,
        "Operating Income": 263,
        "EBIT": 373,
        "Net Income": 188
    },
    "2019-09-30": {
        "Diluted EPS": 0.64,
        "Total Revenue": NaN,
        "Gross Profit": NaN,
        "Operating Income": 180,
        "EBIT": 293,
        "Net Income": 133
    },
    "2019-06-30": {
        "Diluted EPS": 1.43,
        "Total Revenue": NaN,
        "Gross Profit": NaN,
        "Operating Income": 407,
        "EBIT": 519,
        "Net Income": 302
    },
    "2019-03-31": {
        "Diluted EPS": 0.13,
        "Total Revenue": NaN,
        "Gross Profit": NaN,
        "Operating Income": 48,
        "EBIT": 184,
        "Net Income": 27
    },
    "2018-12-31": {
        "Diluted EPS": 1.84,
        "Total Revenue": NaN,
        "Gross Profit": NaN,
        "Operating Income": 478,
        "EBIT": 613,
        "Net Income": 394
    },
    "2018-09-30": {
        "Diluted EPS": 1.09,
        "Total Revenue": NaN,
        "Gross Profit": NaN,
        "Operating Income": 154,
        "EBIT": 341,
        "Net Income": 233
    },
    "2018-06-30": {
        "Diluted EPS": 1.25,
        "Total Revenue": NaN,
        "Gross Profit": NaN,
        "Operating Income": 389,
        "EBIT": 535,
        "Net Income": 276
    },
    "2018-03-31": {
        "Diluted EPS": 1.29,
        "Total Revenue": NaN,
        "Gross Profit": NaN,
        "Operating Income": 481,
        "EBIT": 607,
        "Net Income": 287
    },
    "2017-12-31": {
        "Diluted EPS": 3.9,
        "Total Revenue": NaN,
        "Gross Profit": NaN,
        "Operating Income": 419,
        "EBIT": 531,
        "Net Income": 862
    },
    "2017-09-30": {
        "Diluted EPS": -1.56,
        "Total Revenue": NaN,
        "Gross Profit": NaN,
        "Operating Income": -135,
        "EBIT": -23,
        "Net Income": -345
    },
    "2017-06-30": {
        "Diluted EPS": 0.23,
        "Total Revenue": NaN,
        "Gross Profit": NaN,
        "Operating Income": 170,
        "EBIT": 278,
        "Net Income": 50
    },
    "2017-03-31": {
        "Diluted EPS": 1.86,
        "Total Revenue": NaN,
        "Gross Profit": NaN,
        "Operating Income": 625,
        "EBIT": 731,
        "Net Income": 411
    },
    "2016-12-31": {
        "Diluted EPS": 1.11,
        "Total Revenue": NaN,
        "Gross Profit": NaN,
        "Operating Income": 400,
        "EBIT": 506,
        "Net Income": 247
    },
    "2016-09-30": {
        "Diluted EPS": 0.64,
        "Total Revenue": NaN,
        "Gross Profit": NaN,
        "Operating Income": 225,
        "EBIT": 328,
        "Net Income": 146
    },
    "2016-06-30": {
        "Diluted EPS": 1.55,
        "Total Revenue": NaN,
        "Gross Profit": NaN,
        "Operating Income": 529,
        "EBIT": 629,
        "Net Income": 349
    },
    "2016-03-31": {
        "Diluted EPS": 2.68,
        "Total Revenue": NaN,
        "Gross Profit": NaN,
        "Operating Income": 950,
        "EBIT": NaN,
        "Net Income": 603
    },
    "2015-12-31": {
        "Diluted EPS": 1.45,
        "Total Revenue": NaN,
        "Gross Profit": 965,
        "Operating Income": -178,
        "EBIT": -89,
        "Net Income": 330
    },
    "2015-09-30": {
        "Diluted EPS": 1.72,
        "Total Revenue": NaN,
        "Gross Profit": 974,
        "Operating Income": 542,
        "EBIT": 620,
        "Net Income": 361
    },
    "2015-06-30": {
        "Diluted EPS": 0.89,
        "Total Revenue": NaN,
        "Gross Profit": 891,
        "Operating Income": 333,
        "EBIT": 403,
        "Net Income": 214
    },
    "2015-03-31": {
        "Diluted EPS": -2.33,
        "Total Revenue": NaN,
        "Gross Profit": 912,
        "Operating Income": -364,
        "EBIT": -308,
        "Net Income": -513
    },
    "2014-12-31": {
        "Diluted EPS": -0.91,
        "Total Revenue": NaN,
        "Gross Profit": 752,
        "Operating Income": -88,
        "EBIT": -37,
        "Net Income": -200
    },
    "2014-09-30": {
        "Diluted EPS": 0.29,
        "Total Revenue": NaN,
        "Gross Profit": 873,
        "Operating Income": 210,
        "EBIT": 266,
        "Net Income": 66
    },
    "2014-06-30": {
        "Diluted EPS": -0.06,
        "Total Revenue": NaN,
        "Gross Profit": 692,
        "Operating Income": 111,
        "EBIT": 160,
        "Net Income": -13
    },
    "2014-03-31": {
        "Diluted EPS": 0.76,
        "Total Revenue": NaN,
        "Gross Profit": 730,
        "Operating Income": 301,
        "EBIT": 347,
        "Net Income": 180
    },
    "2013-12-31": {
        "Diluted EPS": 0.17,
        "Total Revenue": NaN,
        "Gross Profit": 688,
        "Operating Income": 160,
        "EBIT": 205,
        "Net Income": 41
    },
    "2013-09-30": {
        "Diluted EPS": 0.23,
        "Total Revenue": NaN,
        "Gross Profit": 568,
        "Operating Income": 114,
        "EBIT": 158,
        "Net Income": 51
    },
    "2013-06-30": {
        "Diluted EPS": 0.71,
        "Total Revenue": NaN,
        "Gross Profit": 562,
        "Operating Income": 135,
        "EBIT": 178,
        "Net Income": 168
    },
    "2013-03-31": {
        "Diluted EPS": 0.19,
        "Total Revenue": NaN,
        "Gross Profit": 717,
        "Operating Income": 350,
        "EBIT": 392,
        "Net Income": 46
    },
    "2012-12-31": {
        "Diluted EPS": 0.71,
        "Total Revenue": NaN,
        "Gross Profit": 661,
        "Operating Income": 299,
        "EBIT": 341,
        "Net Income": 169
    },
    "2012-09-30": {
        "Diluted EPS": 0.66,
        "Total Revenue": NaN,
        "Gross Profit": 703,
        "Operating Income": 321,
        "EBIT": 361,
        "Net Income": 163
    },
    "2012-06-30": {
        "Diluted EPS": 0.71,
        "Total Revenue": NaN,
        "Gross Profit": 668,
        "Operating Income": 324,
        "EBIT": 361,
        "Net Income": 181
    },
    "2012-03-31": {
        "Diluted EPS": 0.81,
        "Total Revenue": NaN,
        "Gross Profit": 680,
        "Operating Income": 377,
        "EBIT": 409,
        "Net Income": 212
    },
    "2011-12-31": {
        "Diluted EPS": 0.62,
        "Total Revenue": NaN,
        "Gross Profit": 584,
        "Operating Income": 281,
        "EBIT": 313,
        "Net Income": 162
    },
    "2011-09-30": {
        "Diluted EPS": 0.54,
        "Total Revenue": NaN,
        "Gross Profit": 538,
        "Operating Income": 230,
        "EBIT": 245,
        "Net Income": 147
    },
    "2011-06-30": {
        "Diluted EPS": 0.66,
        "Total Revenue": NaN,
        "Gross Profit": 654,
        "Operating Income": 317,
        "EBIT": 349,
        "Net Income": 184
    },
    "2011-03-31": {
        "Diluted EPS": 0.77,
        "Total Revenue": NaN,
        "Gross Profit": 687,
        "Operating Income": 365,
        "EBIT": 396,
        "Net Income": 214
    },
    "2010-12-31": {
        "Diluted EPS": 0.57,
        "Total Revenue": NaN,
        "Gross Profit": 580,
        "Operating Income": 277,
        "EBIT": 307,
        "Net Income": 161
    },
    "2010-09-30": {
        "Diluted EPS": 0.5,
        "Total Revenue": NaN,
        "Gross Profit": 561,
        "Operating Income": 236,
        "EBIT": 250,
        "Net Income": 141
    },
    "2010-06-30": {
        "Diluted EPS": 0.57,
        "Total Revenue": NaN,
        "Gross Profit": 588,
        "Operating Income": 282,
        "EBIT": 308,
        "Net Income": 163
    },
    "2010-03-31": {
        "Diluted EPS": 0.63,
        "Total Revenue": NaN,
        "Gross Profit": 612,
        "Operating Income": 311,
        "EBIT": 336,
        "Net Income": 181
    },
    "2009-12-31": {
        "Diluted EPS": 0.52,
        "Total Revenue": NaN,
        "Gross Profit": 563,
        "Operating Income": 262,
        "EBIT": 288,
        "Net Income": 151
    },
    "2009-09-30": {
        "Diluted EPS": 0.43,
        "Total Revenue": NaN,
        "Gross Profit": 539,
        "Operating Income": 225,
        "EBIT": 250,
        "Net Income": 130
    },
    "2009-06-30": {
        "Diluted EPS": 0.4,
        "Total Revenue": NaN,
        "Gross Profit": 519,
        "Operating Income": 213,
        "EBIT": 237,
        "Net Income": 119
    },
    "2009-03-31": {
        "Diluted EPS": 0.47,
        "Total Revenue": NaN,
        "Gross Profit": 552,
        "Operating Income": 248,
        "EBIT": 271,
        "Net Income": 143
    }
}