{
    "2023-03-31": {
        "Tax Effect Of Unusual Items": 0.0,
        "Tax Rate For Calcs": 0.0,
        "Normalized EBITDA": -10383000.0,
        "Total Unusual Items": 2265000.0,
        "Total Unusual Items Excluding Goodwill": 2265000.0,
        "Net Income From Continuing Operation Net Minority Interest": -9107000.0,
        "Reconciled Depreciation": 888000.0,
        "Reconciled Cost Of Revenue": NaN,
        "EBITDA": -8118000.0,
        "EBIT": -9006000.0,
        "Net Interest Income": 263000.0,
        "Interest Expense": 101000.0,
        "Interest Income": 364000.0,
        "Normalized Income": -11372000.0,
        "Net Income From Continuing And Discontinued Operation": -9107000.0,
        "Total Expenses": 12038000.0,
        "Total Operating Income As Reported": -12038000.0,
        "Diluted Average Shares": 16904024.0,
        "Basic Average Shares": 16904024.0,
        "Diluted EPS": -0.54,
        "Basic EPS": -0.54,
        "Diluted NI Availto Com Stockholders": -9107000.0,
        "Net Income Common Stockholders": -9107000.0,
        "Preferred Stock Dividends": NaN,
        "Net Income": -9107000.0,
        "Net Income Including Noncontrolling Interests": -9107000.0,
        "Net Income Continuous Operations": -9107000.0,
        "Pretax Income": -9107000.0,
        "Other Income Expense": 2668000.0,
        "Other Non Operating Income Expenses": 403000.0,
        "Special Income Charges": 0.0,
        "Gain On Sale Of Ppe": NaN,
        "Impairment Of Capital Assets": 0.0,
        "Gain On Sale Of Security": 2265000.0,
        "Net Non Operating Interest Income Expense": 263000.0,
        "Interest Expense Non Operating": 101000.0,
        "Interest Income Non Operating": 364000.0,
        "Operating Income": -12038000.0,
        "Operating Expense": 12038000.0,
        "Research And Development": 8041000.0,
        "Selling General And Administration": 3997000.0,
        "General And Administrative Expense": 3997000.0,
        "Other Gand A": 3997000.0,
        "Gross Profit": NaN,
        "Cost Of Revenue": NaN,
        "Total Revenue": 0.0,
        "Operating Revenue": 0.0
    },
    "2022-12-31": {
        "Tax Effect Of Unusual Items": 0.0,
        "Tax Rate For Calcs": 0.0,
        "Normalized EBITDA": -10372000.0,
        "Total Unusual Items": 10433000.0,
        "Total Unusual Items Excluding Goodwill": 10433000.0,
        "Net Income From Continuing Operation Net Minority Interest": -1126000.0,
        "Reconciled Depreciation": 1009000.0,
        "Reconciled Cost Of Revenue": 100000.0,
        "EBITDA": 61000.0,
        "EBIT": -948000.0,
        "Net Interest Income": 150000.0,
        "Interest Expense": 178000.0,
        "Interest Income": 328000.0,
        "Normalized Income": -11559000.0,
        "Net Income From Continuing And Discontinued Operation": -1126000.0,
        "Total Expenses": 12054000.0,
        "Total Operating Income As Reported": -12936000.0,
        "Diluted Average Shares": NaN,
        "Basic Average Shares": NaN,
        "Diluted EPS": NaN,
        "Basic EPS": NaN,
        "Diluted NI Availto Com Stockholders": -1126000.0,
        "Net Income Common Stockholders": -1126000.0,
        "Preferred Stock Dividends": 0.0,
        "Net Income": -1126000.0,
        "Net Income Including Noncontrolling Interests": -1126000.0,
        "Net Income Continuous Operations": -1126000.0,
        "Pretax Income": -1126000.0,
        "Other Income Expense": 10710000.0,
        "Other Non Operating Income Expenses": 277000.0,
        "Special Income Charges": -950000.0,
        "Gain On Sale Of Ppe": NaN,
        "Impairment Of Capital Assets": 950000.0,
        "Gain On Sale Of Security": NaN,
        "Net Non Operating Interest Income Expense": 150000.0,
        "Interest Expense Non Operating": 178000.0,
        "Interest Income Non Operating": 328000.0,
        "Operating Income": -11986000.0,
        "Operating Expense": 11954000.0,
        "Research And Development": 6272000.0,
        "Selling General And Administration": 5682000.0,
        "General And Administrative Expense": 5682000.0,
        "Other Gand A": 5682000.0,
        "Gross Profit": -32000.0,
        "Cost Of Revenue": 100000.0,
        "Total Revenue": 68000.0,
        "Operating Revenue": 68000.0
    },
    "2022-09-30": {
        "Tax Effect Of Unusual Items": 0.0,
        "Tax Rate For Calcs": 0.0,
        "Normalized EBITDA": -8242000.0,
        "Total Unusual Items": 0.0,
        "Total Unusual Items Excluding Goodwill": 0.0,
        "Net Income From Continuing Operation Net Minority Interest": -9484000.0,
        "Reconciled Depreciation": 1085000.0,
        "Reconciled Cost Of Revenue": 0.0,
        "EBITDA": -8242000.0,
        "EBIT": -9327000.0,
        "Net Interest Income": -85000.0,
        "Interest Expense": 157000.0,
        "Interest Income": 72000.0,
        "Normalized Income": -9484000.0,
        "Net Income From Continuing And Discontinued Operation": -9484000.0,
        "Total Expenses": 9380000.0,
        "Total Operating Income As Reported": -9380000.0,
        "Diluted Average Shares": 6421245.0,
        "Basic Average Shares": 6421245.0,
        "Diluted EPS": -1.0,
        "Basic EPS": -1.0,
        "Diluted NI Availto Com Stockholders": -9484000.0,
        "Net Income Common Stockholders": -9484000.0,
        "Preferred Stock Dividends": NaN,
        "Net Income": -9484000.0,
        "Net Income Including Noncontrolling Interests": -9484000.0,
        "Net Income Continuous Operations": -9484000.0,
        "Pretax Income": -9484000.0,
        "Other Income Expense": -19000.0,
        "Other Non Operating Income Expenses": -19000.0,
        "Special Income Charges": 0.0,
        "Gain On Sale Of Ppe": NaN,
        "Impairment Of Capital Assets": 0.0,
        "Gain On Sale Of Security": NaN,
        "Net Non Operating Interest Income Expense": -85000.0,
        "Interest Expense Non Operating": 157000.0,
        "Interest Income Non Operating": 72000.0,
        "Operating Income": -9380000.0,
        "Operating Expense": 9380000.0,
        "Research And Development": 5490000.0,
        "Selling General And Administration": 3890000.0,
        "General And Administrative Expense": 3890000.0,
        "Other Gand A": 3890000.0,
        "Gross Profit": 0.0,
        "Cost Of Revenue": 0.0,
        "Total Revenue": 0.0,
        "Operating Revenue": 0.0
    },
    "2022-06-30": {
        "Tax Effect Of Unusual Items": 0.0,
        "Tax Rate For Calcs": 0.0,
        "Normalized EBITDA": -8068000.0,
        "Total Unusual Items": 1460000.0,
        "Total Unusual Items Excluding Goodwill": 1460000.0,
        "Net Income From Continuing Operation Net Minority Interest": -8295000.0,
        "Reconciled Depreciation": 1370000.0,
        "Reconciled Cost Of Revenue": 350000.0,
        "EBITDA": -6608000.0,
        "EBIT": -7978000.0,
        "Net Interest Income": -287000.0,
        "Interest Expense": 317000.0,
        "Interest Income": 30000.0,
        "Normalized Income": -9755000.0,
        "Net Income From Continuing And Discontinued Operation": -8295000.0,
        "Total Expenses": 10468000.0,
        "Total Operating Income As Reported": -8008000.0,
        "Diluted Average Shares": 5806473.0,
        "Basic Average Shares": 5806473.0,
        "Diluted EPS": -1.36,
        "Basic EPS": -1.36,
        "Diluted NI Availto Com Stockholders": -12077000.0,
        "Net Income Common Stockholders": -12077000.0,
        "Preferred Stock Dividends": 3782000.0,
        "Net Income": -8295000.0,
        "Net Income Including Noncontrolling Interests": -8295000.0,
        "Net Income Continuous Operations": -8295000.0,
        "Pretax Income": -8295000.0,
        "Other Income Expense": 1460000.0,
        "Other Non Operating Income Expenses": NaN,
        "Special Income Charges": 1460000.0,
        "Gain On Sale Of Ppe": NaN,
        "Impairment Of Capital Assets": -1460000.0,
        "Gain On Sale Of Security": NaN,
        "Net Non Operating Interest Income Expense": -287000.0,
        "Interest Expense Non Operating": 317000.0,
        "Interest Income Non Operating": 30000.0,
        "Operating Income": -9468000.0,
        "Operating Expense": 10118000.0,
        "Research And Development": 6658000.0,
        "Selling General And Administration": 3460000.0,
        "General And Administrative Expense": 3460000.0,
        "Other Gand A": 3460000.0,
        "Gross Profit": 650000.0,
        "Cost Of Revenue": 350000.0,
        "Total Revenue": 1000000.0,
        "Operating Revenue": 1000000.0
    },
    "2022-03-31": {
        "Diluted EPS": -3.8,
        "Total Revenue": 0,
        "Gross Profit": 0,
        "Operating Income": -21,
        "EBIT": -19,
        "Net Income": -22
    },
    "2021-12-31": {
        "Diluted EPS": -11.59,
        "Total Revenue": NaN,
        "Gross Profit": NaN,
        "Operating Income": -50,
        "EBIT": -48,
        "Net Income": -47
    },
    "2021-09-30": {
        "Diluted EPS": -1.8,
        "Total Revenue": NaN,
        "Gross Profit": NaN,
        "Operating Income": -15,
        "EBIT": -14,
        "Net Income": -7
    },
    "2021-06-30": {
        "Diluted EPS": -3.93,
        "Total Revenue": NaN,
        "Gross Profit": NaN,
        "Operating Income": -14,
        "EBIT": -13,
        "Net Income": -15
    },
    "2021-03-31": {
        "Diluted EPS": -4.25,
        "Total Revenue": NaN,
        "Gross Profit": NaN,
        "Operating Income": -15,
        "EBIT": -14,
        "Net Income": -16
    },
    "2020-12-31": {
        "Diluted EPS": -4.25,
        "Total Revenue": 3,
        "Gross Profit": 3,
        "Operating Income": -14,
        "EBIT": -13,
        "Net Income": -16
    },
    "2020-09-30": {
        "Diluted EPS": -2.0,
        "Total Revenue": 7,
        "Gross Profit": 7,
        "Operating Income": -6,
        "EBIT": -5,
        "Net Income": -7
    },
    "2020-06-30": {
        "Diluted EPS": -3.5,
        "Total Revenue": NaN,
        "Gross Profit": NaN,
        "Operating Income": -12,
        "EBIT": -11,
        "Net Income": -13
    },
    "2020-03-31": {
        "Diluted EPS": -13.0,
        "Total Revenue": NaN,
        "Gross Profit": NaN,
        "Operating Income": -48,
        "EBIT": -46,
        "Net Income": -48
    },
    "2019-12-31": {
        "Diluted EPS": -7.0,
        "Total Revenue": NaN,
        "Gross Profit": NaN,
        "Operating Income": -16,
        "EBIT": -14,
        "Net Income": -16
    },
    "2019-09-30": {
        "Diluted EPS": -8.75,
        "Total Revenue": NaN,
        "Gross Profit": NaN,
        "Operating Income": -18,
        "EBIT": -16,
        "Net Income": -17
    },
    "2019-06-30": {
        "Diluted EPS": -12.25,
        "Total Revenue": NaN,
        "Gross Profit": NaN,
        "Operating Income": -24,
        "EBIT": -22,
        "Net Income": -24
    },
    "2019-03-31": {
        "Diluted EPS": -9.75,
        "Total Revenue": NaN,
        "Gross Profit": NaN,
        "Operating Income": -19,
        "EBIT": -17,
        "Net Income": -19
    },
    "2018-12-31": {
        "Diluted EPS": -9.25,
        "Total Revenue": 0,
        "Gross Profit": 0,
        "Operating Income": -18,
        "EBIT": -17,
        "Net Income": -17
    },
    "2018-09-30": {
        "Diluted EPS": -8.5,
        "Total Revenue": 2,
        "Gross Profit": 2,
        "Operating Income": -17,
        "EBIT": -16,
        "Net Income": -16
    },
    "2018-06-30": {
        "Diluted EPS": -6.5,
        "Total Revenue": 0,
        "Gross Profit": 0,
        "Operating Income": -13,
        "EBIT": -12,
        "Net Income": -12
    },
    "2018-03-31": {
        "Diluted EPS": -5.5,
        "Total Revenue": 1,
        "Gross Profit": 1,
        "Operating Income": -11,
        "EBIT": -11,
        "Net Income": -11
    },
    "2017-12-31": {
        "Diluted EPS": -4.75,
        "Total Revenue": 0,
        "Gross Profit": 0,
        "Operating Income": -9,
        "EBIT": -9,
        "Net Income": -8
    },
    "2017-09-30": {
        "Diluted EPS": -3.25,
        "Total Revenue": 0,
        "Gross Profit": 0,
        "Operating Income": -5,
        "EBIT": -5,
        "Net Income": -5
    },
    "2017-06-30": {
        "Diluted EPS": -5.25,
        "Total Revenue": 0,
        "Gross Profit": 0,
        "Operating Income": -8,
        "EBIT": -8,
        "Net Income": -8
    },
    "2017-03-31": {
        "Diluted EPS": -3.25,
        "Total Revenue": 0,
        "Gross Profit": 0,
        "Operating Income": -5,
        "EBIT": -5,
        "Net Income": -5
    },
    "2016-12-31": {
        "Diluted EPS": -4.75,
        "Total Revenue": 0,
        "Gross Profit": 0,
        "Operating Income": -6,
        "EBIT": -6,
        "Net Income": -7
    },
    "2016-09-30": {
        "Diluted EPS": -2.0,
        "Total Revenue": 0,
        "Gross Profit": 0,
        "Operating Income": -5,
        "EBIT": -5,
        "Net Income": -3
    },
    "2016-06-30": {
        "Diluted EPS": -5.0,
        "Total Revenue": 0,
        "Gross Profit": 0,
        "Operating Income": -7,
        "EBIT": -7,
        "Net Income": -7
    },
    "2016-03-31": {
        "Diluted EPS": -4.25,
        "Total Revenue": 0,
        "Gross Profit": 0,
        "Operating Income": -6,
        "EBIT": -6,
        "Net Income": -6
    },
    "2015-12-31": {
        "Diluted EPS": -2.0,
        "Total Revenue": 0,
        "Gross Profit": 0,
        "Operating Income": -6,
        "EBIT": -6,
        "Net Income": -2
    },
    "2015-09-30": {
        "Diluted EPS": -4.75,
        "Total Revenue": 0,
        "Gross Profit": 0,
        "Operating Income": -6,
        "EBIT": -6,
        "Net Income": -6
    },
    "2015-06-30": {
        "Diluted EPS": -4.0,
        "Total Revenue": 0,
        "Gross Profit": 0,
        "Operating Income": -4,
        "EBIT": -4,
        "Net Income": -4
    },
    "2015-03-31": {
        "Diluted EPS": -2.5,
        "Total Revenue": 0,
        "Gross Profit": 0,
        "Operating Income": -2,
        "EBIT": -2,
        "Net Income": -2
    },
    "2014-12-31": {
        "Diluted EPS": 430.25,
        "Total Revenue": 0,
        "Gross Profit": 0,
        "Operating Income": 0,
        "EBIT": -2,
        "Net Income": -13
    },
    "2014-09-30": {
        "Diluted EPS": -103.75,
        "Total Revenue": 0,
        "Gross Profit": 0,
        "Operating Income": -1,
        "EBIT": 1,
        "Net Income": -2
    },
    "2014-06-30": {
        "Diluted EPS": -631.5,
        "Total Revenue": 0,
        "Gross Profit": 0,
        "Operating Income": -1,
        "EBIT": -1,
        "Net Income": -13
    },
    "2014-03-31": {
        "Diluted EPS": -76.5,
        "Total Revenue": 0,
        "Gross Profit": 0,
        "Operating Income": -1,
        "EBIT": -1,
        "Net Income": -2
    },
    "2013-12-31": {
        "Diluted EPS": -79.75,
        "Total Revenue": 0,
        "Gross Profit": 0,
        "Operating Income": -1,
        "EBIT": -1,
        "Net Income": -2
    },
    "2013-09-30": {
        "Diluted EPS": -44.25,
        "Total Revenue": 0,
        "Gross Profit": 0,
        "Operating Income": -1,
        "EBIT": -1,
        "Net Income": -1
    },
    "2013-06-30": {
        "Diluted EPS": 37.5,
        "Total Revenue": 0,
        "Gross Profit": 0,
        "Operating Income": -2,
        "EBIT": -2,
        "Net Income": 1
    },
    "2013-03-31": {
        "Diluted EPS": 162.5,
        "Total Revenue": 1,
        "Gross Profit": 1,
        "Operating Income": -1,
        "EBIT": -1,
        "Net Income": 3
    },
    "2012-12-31": {
        "Diluted EPS": 987.5,
        "Total Revenue": 1,
        "Gross Profit": 1,
        "Operating Income": -1,
        "EBIT": -1,
        "Net Income": 19
    },
    "2012-09-30": {
        "Diluted EPS": -787.5,
        "Total Revenue": 1,
        "Gross Profit": 1,
        "Operating Income": -1,
        "EBIT": -1,
        "Net Income": -15
    },
    "2012-06-30": {
        "Diluted EPS": -575.0,
        "Total Revenue": 1,
        "Gross Profit": 1,
        "Operating Income": -1,
        "EBIT": -1,
        "Net Income": -11
    },
    "2012-03-31": {
        "Diluted EPS": -275.0,
        "Total Revenue": 2,
        "Gross Profit": 2,
        "Operating Income": -1,
        "EBIT": -1,
        "Net Income": -5
    },
    "2011-12-31": {
        "Diluted EPS": -12.5,
        "Total Revenue": 0,
        "Gross Profit": 1,
        "Operating Income": -2,
        "EBIT": -2,
        "Net Income": 0
    },
    "2011-09-30": {
        "Diluted EPS": 0.0,
        "Total Revenue": 1,
        "Gross Profit": 1,
        "Operating Income": -2,
        "EBIT": -2,
        "Net Income": 0
    },
    "2011-06-30": {
        "Diluted EPS": -112.5,
        "Total Revenue": 0,
        "Gross Profit": 0,
        "Operating Income": -2,
        "EBIT": -2,
        "Net Income": -2
    },
    "2011-03-31": {
        "Diluted EPS": -150.0,
        "Total Revenue": 0,
        "Gross Profit": 0,
        "Operating Income": -2,
        "EBIT": -2,
        "Net Income": -2
    },
    "2010-12-31": {
        "Diluted EPS": 150.0,
        "Total Revenue": 0,
        "Gross Profit": 0,
        "Operating Income": -2,
        "EBIT": -2,
        "Net Income": 2
    },
    "2010-09-30": {
        "Diluted EPS": NaN,
        "Total Revenue": 0,
        "Gross Profit": 0,
        "Operating Income": -2,
        "EBIT": -2,
        "Net Income": -13
    },
    "2010-06-30": {
        "Diluted EPS": 87.5,
        "Total Revenue": 0,
        "Gross Profit": 0,
        "Operating Income": -2,
        "EBIT": -2,
        "Net Income": 1
    },
    "2010-03-31": {
        "Diluted EPS": 50.0,
        "Total Revenue": 0,
        "Gross Profit": 0,
        "Operating Income": -2,
        "EBIT": -2,
        "Net Income": 1
    },
    "2009-12-31": {
        "Diluted EPS": -975.0,
        "Total Revenue": 0,
        "Gross Profit": 0,
        "Operating Income": -2,
        "EBIT": -2,
        "Net Income": -9
    },
    "2009-09-30": {
        "Diluted EPS": -462.5,
        "Total Revenue": 0,
        "Gross Profit": 0,
        "Operating Income": -4,
        "EBIT": -4,
        "Net Income": -5
    },
    "2009-06-30": {
        "Diluted EPS": -300.0,
        "Total Revenue": 0,
        "Gross Profit": 0,
        "Operating Income": -2,
        "EBIT": -2,
        "Net Income": -3
    },
    "2009-03-31": {
        "Diluted EPS": -300.0,
        "Total Revenue": 0,
        "Gross Profit": 0,
        "Operating Income": -2,
        "EBIT": -2,
        "Net Income": -3
    },
    "2023-06-30": {
        "Tax Effect Of Unusual Items": 0.0,
        "Tax Rate For Calcs": 0.0,
        "Normalized EBITDA": -8149000.0,
        "Total Unusual Items": -7564000.0,
        "Total Unusual Items Excluding Goodwill": -7564000.0,
        "Net Income From Continuing Operation Net Minority Interest": -16654000.0,
        "Reconciled Depreciation": 838000.0,
        "Reconciled Cost Of Revenue": 1575000.0,
        "EBITDA": -15713000.0,
        "EBIT": -16551000.0,
        "Net Interest Income": 314000.0,
        "Interest Expense": 103000.0,
        "Interest Income": 417000.0,
        "Normalized Income": -9090000.0,
        "Net Income From Continuing And Discontinued Operation": -16654000.0,
        "Total Expenses": 15119000.0,
        "Total Operating Income As Reported": -10554000.0,
        "Diluted Average Shares": 18017874.0,
        "Basic Average Shares": 18017874.0,
        "Diluted EPS": -0.92,
        "Basic EPS": -0.92,
        "Diluted NI Availto Com Stockholders": -16654000.0,
        "Net Income Common Stockholders": -16654000.0,
        "Preferred Stock Dividends": NaN,
        "Net Income": -16654000.0,
        "Net Income Including Noncontrolling Interests": -16654000.0,
        "Net Income Continuous Operations": -16654000.0,
        "Pretax Income": -16654000.0,
        "Other Income Expense": -5349000.0,
        "Other Non Operating Income Expenses": 2215000.0,
        "Special Income Charges": 1065000.0,
        "Gain On Sale Of Ppe": 1065000.0,
        "Impairment Of Capital Assets": 0.0,
        "Gain On Sale Of Security": -8629000.0,
        "Net Non Operating Interest Income Expense": 314000.0,
        "Interest Expense Non Operating": 103000.0,
        "Interest Income Non Operating": 417000.0,
        "Operating Income": -11619000.0,
        "Operating Expense": 13544000.0,
        "Research And Development": 8523000.0,
        "Selling General And Administration": 5021000.0,
        "General And Administrative Expense": 5021000.0,
        "Other Gand A": 5021000.0,
        "Gross Profit": 1925000.0,
        "Cost Of Revenue": 1575000.0,
        "Total Revenue": 3500000.0,
        "Operating Revenue": 3500000.0
    },
    "2023-09-30": {
        "Tax Effect Of Unusual Items": 0.0,
        "Tax Rate For Calcs": 0.0,
        "Normalized EBITDA": -9879000.0,
        "Total Unusual Items": -1101000.0,
        "Total Unusual Items Excluding Goodwill": -1101000.0,
        "Net Income From Continuing Operation Net Minority Interest": -11836000.0,
        "Reconciled Depreciation": 751000.0,
        "Reconciled Cost Of Revenue": 30000.0,
        "EBITDA": -10980000.0,
        "EBIT": -11731000.0,
        "Net Interest Income": 488000.0,
        "Interest Expense": 105000.0,
        "Interest Income": 593000.0,
        "Normalized Income": -10735000.0,
        "Net Income From Continuing And Discontinued Operation": -11836000.0,
        "Total Expenses": 11334000.0,
        "Total Operating Income As Reported": -11334000.0,
        "Diluted Average Shares": 24797564.0,
        "Basic Average Shares": 24797564.0,
        "Diluted EPS": -0.48,
        "Basic EPS": -0.48,
        "Diluted NI Availto Com Stockholders": -11836000.0,
        "Net Income Common Stockholders": -11836000.0,
        "Preferred Stock Dividends": NaN,
        "Net Income": -11836000.0,
        "Net Income Including Noncontrolling Interests": -11836000.0,
        "Net Income Continuous Operations": -11836000.0,
        "Pretax Income": -11836000.0,
        "Other Income Expense": -990000.0,
        "Other Non Operating Income Expenses": 111000.0,
        "Special Income Charges": 0.0,
        "Gain On Sale Of Ppe": 0.0,
        "Impairment Of Capital Assets": 0.0,
        "Gain On Sale Of Security": -1101000.0,
        "Net Non Operating Interest Income Expense": 488000.0,
        "Interest Expense Non Operating": 105000.0,
        "Interest Income Non Operating": 593000.0,
        "Operating Income": -11334000.0,
        "Operating Expense": 11304000.0,
        "Research And Development": 7148000.0,
        "Selling General And Administration": 4156000.0,
        "General And Administrative Expense": 4156000.0,
        "Other Gand A": 4156000.0,
        "Gross Profit": -30000.0,
        "Cost Of Revenue": 30000.0,
        "Total Revenue": 0.0,
        "Operating Revenue": 0.0
    },
    "2023-12-31": {
        "Tax Effect Of Unusual Items": 0.0,
        "Tax Rate For Calcs": 0.0,
        "Normalized EBITDA": -11531000.0,
        "Total Unusual Items": -4230000.0,
        "Total Unusual Items Excluding Goodwill": -4230000.0,
        "Net Income From Continuing Operation Net Minority Interest": -16591000.0,
        "Reconciled Depreciation": 721000.0,
        "Reconciled Cost Of Revenue": 0.0,
        "EBITDA": -15761000.0,
        "EBIT": -16482000.0,
        "Net Interest Income": 634000.0,
        "Interest Expense": 109000.0,
        "Interest Income": 743000.0,
        "Normalized Income": -12361000.0,
        "Net Income From Continuing And Discontinued Operation": -16591000.0,
        "Total Expenses": 13209000.0,
        "Total Operating Income As Reported": -13209000.0,
        "Diluted Average Shares": NaN,
        "Basic Average Shares": NaN,
        "Diluted EPS": NaN,
        "Basic EPS": NaN,
        "Diluted NI Availto Com Stockholders": -16591000.0,
        "Net Income Common Stockholders": -16591000.0,
        "Preferred Stock Dividends": NaN,
        "Net Income": -16591000.0,
        "Net Income Including Noncontrolling Interests": -16591000.0,
        "Net Income Continuous Operations": -16591000.0,
        "Pretax Income": -16591000.0,
        "Other Income Expense": -4016000.0,
        "Other Non Operating Income Expenses": 214000.0,
        "Special Income Charges": 0.0,
        "Gain On Sale Of Ppe": 0.0,
        "Impairment Of Capital Assets": 0.0,
        "Gain On Sale Of Security": -4230000.0,
        "Net Non Operating Interest Income Expense": 634000.0,
        "Interest Expense Non Operating": 109000.0,
        "Interest Income Non Operating": 743000.0,
        "Operating Income": -13209000.0,
        "Operating Expense": 13209000.0,
        "Research And Development": 7379000.0,
        "Selling General And Administration": 5830000.0,
        "General And Administrative Expense": 5830000.0,
        "Other Gand A": 5830000.0,
        "Gross Profit": 0.0,
        "Cost Of Revenue": 0.0,
        "Total Revenue": 0.0,
        "Operating Revenue": 0.0
    }
}