{
    "2023-03-31": {
        "Tax Effect Of Unusual Items": NaN,
        "Tax Rate For Calcs": NaN,
        "Normalized EBITDA": NaN,
        "Total Unusual Items": NaN,
        "Total Unusual Items Excluding Goodwill": NaN,
        "Net Income From Continuing Operation Net Minority Interest": NaN,
        "Reconciled Depreciation": NaN,
        "Reconciled Cost Of Revenue": NaN,
        "EBITDA": NaN,
        "EBIT": NaN,
        "Net Interest Income": NaN,
        "Interest Expense": NaN,
        "Interest Income": NaN,
        "Normalized Income": NaN,
        "Net Income From Continuing And Discontinued Operation": NaN,
        "Total Expenses": NaN,
        "Total Operating Income As Reported": NaN,
        "Diluted Average Shares": NaN,
        "Basic Average Shares": NaN,
        "Diluted EPS": NaN,
        "Basic EPS": NaN,
        "Diluted NI Availto Com Stockholders": NaN,
        "Net Income Common Stockholders": NaN,
        "Net Income": NaN,
        "Minority Interests": NaN,
        "Net Income Including Noncontrolling Interests": NaN,
        "Net Income Continuous Operations": NaN,
        "Tax Provision": NaN,
        "Pretax Income": NaN,
        "Other Income Expense": NaN,
        "Other Non Operating Income Expenses": NaN,
        "Special Income Charges": NaN,
        "Gain On Sale Of Ppe": NaN,
        "Other Special Charges": NaN,
        "Restructuring And Mergern Acquisition": NaN,
        "Earnings From Equity Interest": NaN,
        "Gain On Sale Of Security": NaN,
        "Net Non Operating Interest Income Expense": NaN,
        "Total Other Finance Cost": NaN,
        "Interest Expense Non Operating": NaN,
        "Interest Income Non Operating": NaN,
        "Operating Income": NaN,
        "Operating Expense": NaN,
        "Other Operating Expenses": NaN,
        "Other Taxes": 58404000.0,
        "Selling General And Administration": NaN,
        "Selling And Marketing Expense": NaN,
        "General And Administrative Expense": NaN,
        "Other Gand A": NaN,
        "Gross Profit": NaN,
        "Cost Of Revenue": NaN,
        "Total Revenue": NaN,
        "Excise Taxes": 6239600000.0,
        "Operating Revenue": NaN
    },
    "2022-12-31": {
        "Tax Effect Of Unusual Items": NaN,
        "Tax Rate For Calcs": NaN,
        "Normalized EBITDA": NaN,
        "Total Unusual Items": NaN,
        "Total Unusual Items Excluding Goodwill": NaN,
        "Net Income From Continuing Operation Net Minority Interest": NaN,
        "Reconciled Depreciation": NaN,
        "Reconciled Cost Of Revenue": NaN,
        "EBITDA": NaN,
        "EBIT": NaN,
        "Net Interest Income": NaN,
        "Interest Expense": NaN,
        "Interest Income": NaN,
        "Normalized Income": NaN,
        "Net Income From Continuing And Discontinued Operation": NaN,
        "Total Expenses": NaN,
        "Total Operating Income As Reported": NaN,
        "Diluted Average Shares": NaN,
        "Basic Average Shares": NaN,
        "Diluted EPS": NaN,
        "Basic EPS": NaN,
        "Diluted NI Availto Com Stockholders": NaN,
        "Net Income Common Stockholders": NaN,
        "Net Income": NaN,
        "Minority Interests": NaN,
        "Net Income Including Noncontrolling Interests": NaN,
        "Net Income Continuous Operations": NaN,
        "Tax Provision": NaN,
        "Pretax Income": NaN,
        "Other Income Expense": NaN,
        "Other Non Operating Income Expenses": NaN,
        "Special Income Charges": NaN,
        "Gain On Sale Of Ppe": NaN,
        "Other Special Charges": NaN,
        "Restructuring And Mergern Acquisition": NaN,
        "Earnings From Equity Interest": NaN,
        "Gain On Sale Of Security": NaN,
        "Net Non Operating Interest Income Expense": NaN,
        "Total Other Finance Cost": NaN,
        "Interest Expense Non Operating": NaN,
        "Interest Income Non Operating": NaN,
        "Operating Income": NaN,
        "Operating Expense": NaN,
        "Other Operating Expenses": NaN,
        "Other Taxes": 126326000.0,
        "Selling General And Administration": NaN,
        "Selling And Marketing Expense": NaN,
        "General And Administrative Expense": NaN,
        "Other Gand A": NaN,
        "Gross Profit": NaN,
        "Cost Of Revenue": NaN,
        "Total Revenue": NaN,
        "Excise Taxes": 7197920000.0,
        "Operating Revenue": NaN
    },
    "2022-09-30": {
        "Tax Effect Of Unusual Items": NaN,
        "Tax Rate For Calcs": NaN,
        "Normalized EBITDA": NaN,
        "Total Unusual Items": NaN,
        "Total Unusual Items Excluding Goodwill": NaN,
        "Net Income From Continuing Operation Net Minority Interest": NaN,
        "Reconciled Depreciation": NaN,
        "Reconciled Cost Of Revenue": NaN,
        "EBITDA": NaN,
        "EBIT": NaN,
        "Net Interest Income": NaN,
        "Interest Expense": NaN,
        "Interest Income": NaN,
        "Normalized Income": NaN,
        "Net Income From Continuing And Discontinued Operation": NaN,
        "Total Expenses": NaN,
        "Total Operating Income As Reported": NaN,
        "Diluted Average Shares": NaN,
        "Basic Average Shares": NaN,
        "Diluted EPS": NaN,
        "Basic EPS": NaN,
        "Diluted NI Availto Com Stockholders": NaN,
        "Net Income Common Stockholders": NaN,
        "Net Income": NaN,
        "Minority Interests": NaN,
        "Net Income Including Noncontrolling Interests": NaN,
        "Net Income Continuous Operations": NaN,
        "Tax Provision": NaN,
        "Pretax Income": NaN,
        "Other Income Expense": NaN,
        "Other Non Operating Income Expenses": 48332000.0,
        "Special Income Charges": NaN,
        "Gain On Sale Of Ppe": NaN,
        "Other Special Charges": NaN,
        "Restructuring And Mergern Acquisition": NaN,
        "Earnings From Equity Interest": NaN,
        "Gain On Sale Of Security": NaN,
        "Net Non Operating Interest Income Expense": NaN,
        "Total Other Finance Cost": NaN,
        "Interest Expense Non Operating": NaN,
        "Interest Income Non Operating": NaN,
        "Operating Income": NaN,
        "Operating Expense": NaN,
        "Other Operating Expenses": NaN,
        "Other Taxes": NaN,
        "Selling General And Administration": NaN,
        "Selling And Marketing Expense": NaN,
        "General And Administrative Expense": NaN,
        "Other Gand A": NaN,
        "Gross Profit": NaN,
        "Cost Of Revenue": NaN,
        "Total Revenue": NaN,
        "Excise Taxes": NaN,
        "Operating Revenue": NaN
    },
    "2022-06-30": {
        "Tax Effect Of Unusual Items": -168258890.7,
        "Tax Rate For Calcs": 0.1341,
        "Normalized EBITDA": 6516168000.0,
        "Total Unusual Items": -1254727000.0,
        "Total Unusual Items Excluding Goodwill": -1254727000.0,
        "Net Income From Continuing Operation Net Minority Interest": 2969744000.0,
        "Reconciled Depreciation": 1469615000.0,
        "Reconciled Cost Of Revenue": 9374254000.0,
        "EBITDA": 5261441000.0,
        "EBIT": 3791826000.0,
        "Net Interest Income": 826459000.0,
        "Interest Expense": 253204000.0,
        "Interest Income": 768446000.0,
        "Normalized Income": 4056212109.3,
        "Net Income From Continuing And Discontinued Operation": 2969744000.0,
        "Total Expenses": 14000816000.0,
        "Total Operating Income As Reported": 4037290000.0,
        "Diluted Average Shares": 15855547250.0,
        "Basic Average Shares": 15746256628.0,
        "Diluted EPS": 0.1873,
        "Basic EPS": 0.1886,
        "Diluted NI Availto Com Stockholders": 2969744000.0,
        "Net Income Common Stockholders": 2969744000.0,
        "Net Income": 2969744000.0,
        "Minority Interests": -94304000.0,
        "Net Income Including Noncontrolling Interests": 3064048000.0,
        "Net Income Continuous Operations": 3064048000.0,
        "Tax Provision": 474574000.0,
        "Pretax Income": 3538622000.0,
        "Other Income Expense": -1276016000.0,
        "Other Non Operating Income Expenses": -18083000.0,
        "Special Income Charges": -18733000.0,
        "Gain On Sale Of Ppe": 12490000.0,
        "Other Special Charges": 5809000.0,
        "Write Off": NaN,
        "Restructuring And Mergern Acquisition": 25414000.0,
        "Earnings From Equity Interest": -3206000.0,
        "Gain On Sale Of Security": -1235994000.0,
        "Net Non Operating Interest Income Expense": 826459000.0,
        "Total Other Finance Cost": -311217000.0,
        "Interest Expense Non Operating": 253204000.0,
        "Interest Income Non Operating": 768446000.0,
        "Operating Income": 3988179000.0,
        "Operating Expense": 4626562000.0,
        "Other Operating Expenses": -322959000.0,
        "Other Taxes": -836138000.0,
        "Selling General And Administration": 5785659000.0,
        "Selling And Marketing Expense": 4490857000.0,
        "General And Administrative Expense": 1294802000.0,
        "Other Gand A": 1294802000.0,
        "Gross Profit": 8614741000.0,
        "Cost Of Revenue": 9374254000.0,
        "Total Revenue": 17988995000.0,
        "Excise Taxes": 5692547000.0,
        "Operating Revenue": 28323374000.0
    },
    "2023-06-30": {
        "Tax Effect Of Unusual Items": NaN,
        "Tax Rate For Calcs": NaN,
        "Normalized EBITDA": NaN,
        "Total Unusual Items": NaN,
        "Total Unusual Items Excluding Goodwill": NaN,
        "Net Income From Continuing Operation Net Minority Interest": NaN,
        "Reconciled Depreciation": NaN,
        "Reconciled Cost Of Revenue": NaN,
        "EBITDA": NaN,
        "EBIT": NaN,
        "Net Interest Income": NaN,
        "Interest Expense": NaN,
        "Interest Income": NaN,
        "Normalized Income": NaN,
        "Net Income From Continuing And Discontinued Operation": NaN,
        "Total Expenses": NaN,
        "Total Operating Income As Reported": NaN,
        "Diluted Average Shares": NaN,
        "Basic Average Shares": NaN,
        "Diluted EPS": NaN,
        "Basic EPS": NaN,
        "Diluted NI Availto Com Stockholders": NaN,
        "Net Income Common Stockholders": NaN,
        "Net Income": NaN,
        "Minority Interests": NaN,
        "Net Income Including Noncontrolling Interests": NaN,
        "Net Income Continuous Operations": NaN,
        "Tax Provision": NaN,
        "Pretax Income": NaN,
        "Other Income Expense": NaN,
        "Other Non Operating Income Expenses": -605000.0,
        "Special Income Charges": NaN,
        "Gain On Sale Of Ppe": NaN,
        "Other Special Charges": NaN,
        "Restructuring And Mergern Acquisition": NaN,
        "Earnings From Equity Interest": NaN,
        "Gain On Sale Of Security": NaN,
        "Net Non Operating Interest Income Expense": NaN,
        "Total Other Finance Cost": NaN,
        "Interest Expense Non Operating": NaN,
        "Interest Income Non Operating": NaN,
        "Operating Income": NaN,
        "Operating Expense": NaN,
        "Other Operating Expenses": NaN,
        "Other Taxes": NaN,
        "Selling General And Administration": NaN,
        "Selling And Marketing Expense": NaN,
        "General And Administrative Expense": NaN,
        "Other Gand A": NaN,
        "Gross Profit": NaN,
        "Cost Of Revenue": NaN,
        "Total Revenue": NaN,
        "Excise Taxes": 5907359000.0,
        "Operating Revenue": NaN
    },
    "2022-03-31": {
        "Diluted EPS": 0.04,
        "Total Revenue": NaN,
        "Gross Profit": NaN,
        "Operating Income": 797,
        "EBIT": NaN,
        "Net Income": 653
    },
    "2021-12-31": {
        "Diluted EPS": 0.06,
        "Total Revenue": NaN,
        "Gross Profit": NaN,
        "Operating Income": NaN,
        "EBIT": NaN,
        "Net Income": 956
    },
    "2021-09-30": {
        "Diluted EPS": 0.04,
        "Total Revenue": NaN,
        "Gross Profit": NaN,
        "Operating Income": 784,
        "EBIT": NaN,
        "Net Income": 680
    },
    "2021-06-30": {
        "Diluted EPS": 0.02,
        "Total Revenue": NaN,
        "Gross Profit": NaN,
        "Operating Income": 386,
        "EBIT": 623,
        "Net Income": 232
    },
    "2021-03-31": {
        "Diluted EPS": 0.03,
        "Total Revenue": NaN,
        "Gross Profit": NaN,
        "Operating Income": 731,
        "EBIT": 962,
        "Net Income": 480
    },
    "2020-12-31": {
        "Diluted EPS": 0.08,
        "Total Revenue": NaN,
        "Gross Profit": NaN,
        "Operating Income": NaN,
        "EBIT": NaN,
        "Net Income": NaN
    },
    "2020-09-30": {
        "Diluted EPS": 0.03,
        "Total Revenue": NaN,
        "Gross Profit": NaN,
        "Operating Income": 668,
        "EBIT": 913,
        "Net Income": 423
    },
    "2020-06-30": {
        "Diluted EPS": 0.02,
        "Total Revenue": NaN,
        "Gross Profit": NaN,
        "Operating Income": 382,
        "EBIT": 578,
        "Net Income": 229
    },
    "2020-03-31": {
        "Diluted EPS": 0.02,
        "Total Revenue": NaN,
        "Gross Profit": NaN,
        "Operating Income": 685,
        "EBIT": 951,
        "Net Income": 247
    },
    "2019-12-31": {
        "Diluted EPS": 0.06,
        "Total Revenue": NaN,
        "Gross Profit": NaN,
        "Operating Income": NaN,
        "EBIT": NaN,
        "Net Income": NaN
    },
    "2019-09-30": {
        "Diluted EPS": 0.04,
        "Total Revenue": NaN,
        "Gross Profit": NaN,
        "Operating Income": 793,
        "EBIT": NaN,
        "Net Income": 630
    },
    "2019-06-30": {
        "Diluted EPS": 0.04,
        "Total Revenue": NaN,
        "Gross Profit": NaN,
        "Operating Income": 905,
        "EBIT": NaN,
        "Net Income": 643
    },
    "2019-03-31": {
        "Diluted EPS": 0.05,
        "Total Revenue": NaN,
        "Gross Profit": NaN,
        "Operating Income": NaN,
        "EBIT": NaN,
        "Net Income": 707
    },
    "2018-12-31": {
        "Diluted EPS": 0.05,
        "Total Revenue": NaN,
        "Gross Profit": NaN,
        "Operating Income": NaN,
        "EBIT": NaN,
        "Net Income": 877
    },
    "2018-09-30": {
        "Diluted EPS": 0.05,
        "Total Revenue": NaN,
        "Gross Profit": NaN,
        "Operating Income": 856,
        "EBIT": NaN,
        "Net Income": 719
    },
    "2018-06-30": {
        "Diluted EPS": 0.04,
        "Total Revenue": NaN,
        "Gross Profit": NaN,
        "Operating Income": NaN,
        "EBIT": NaN,
        "Net Income": 645
    },
    "2018-03-31": {
        "Diluted EPS": 0.05,
        "Total Revenue": NaN,
        "Gross Profit": NaN,
        "Operating Income": NaN,
        "EBIT": NaN,
        "Net Income": 776
    },
    "2017-12-31": {
        "Diluted EPS": -0.0,
        "Total Revenue": NaN,
        "Gross Profit": NaN,
        "Operating Income": NaN,
        "EBIT": NaN,
        "Net Income": 969
    },
    "2017-09-30": {
        "Diluted EPS": 0.06,
        "Total Revenue": NaN,
        "Gross Profit": NaN,
        "Operating Income": NaN,
        "EBIT": NaN,
        "Net Income": 0
    },
    "2017-06-30": {
        "Diluted EPS": 0.04,
        "Total Revenue": NaN,
        "Gross Profit": NaN,
        "Operating Income": 947,
        "EBIT": NaN,
        "Net Income": 627
    },
    "2017-03-31": {
        "Diluted EPS": 0.05,
        "Total Revenue": NaN,
        "Gross Profit": NaN,
        "Operating Income": NaN,
        "EBIT": NaN,
        "Net Income": 700
    },
    "2016-12-31": {
        "Diluted EPS": 0.09,
        "Total Revenue": NaN,
        "Gross Profit": NaN,
        "Operating Income": NaN,
        "EBIT": NaN,
        "Net Income": NaN
    },
    "2016-09-30": {
        "Diluted EPS": 0.06,
        "Total Revenue": NaN,
        "Gross Profit": NaN,
        "Operating Income": 968,
        "EBIT": NaN,
        "Net Income": 944
    },
    "2016-06-30": {
        "Diluted EPS": 0.04,
        "Total Revenue": NaN,
        "Gross Profit": NaN,
        "Operating Income": 948,
        "EBIT": NaN,
        "Net Income": 584
    },
    "2016-03-31": {
        "Diluted EPS": 0.04,
        "Total Revenue": NaN,
        "Gross Profit": NaN,
        "Operating Income": NaN,
        "EBIT": NaN,
        "Net Income": 711
    },
    "2015-12-31": {
        "Diluted EPS": 0.07,
        "Total Revenue": NaN,
        "Gross Profit": NaN,
        "Operating Income": NaN,
        "EBIT": NaN,
        "Net Income": NaN
    },
    "2015-09-30": {
        "Diluted EPS": 0.05,
        "Total Revenue": NaN,
        "Gross Profit": NaN,
        "Operating Income": NaN,
        "EBIT": NaN,
        "Net Income": 843
    },
    "2015-06-30": {
        "Diluted EPS": 0.05,
        "Total Revenue": NaN,
        "Gross Profit": NaN,
        "Operating Income": NaN,
        "EBIT": NaN,
        "Net Income": 817
    },
    "2015-03-31": {
        "Diluted EPS": 0.06,
        "Total Revenue": NaN,
        "Gross Profit": NaN,
        "Operating Income": NaN,
        "EBIT": NaN,
        "Net Income": 990
    },
    "2014-12-31": {
        "Diluted EPS": 0.12,
        "Total Revenue": NaN,
        "Gross Profit": NaN,
        "Operating Income": NaN,
        "EBIT": NaN,
        "Net Income": NaN
    },
    "2014-09-30": {
        "Diluted EPS": 0.08,
        "Total Revenue": NaN,
        "Gross Profit": NaN,
        "Operating Income": NaN,
        "EBIT": NaN,
        "Net Income": NaN
    },
    "2014-06-30": {
        "Diluted EPS": 0.06,
        "Total Revenue": NaN,
        "Gross Profit": NaN,
        "Operating Income": NaN,
        "EBIT": NaN,
        "Net Income": 974
    },
    "2014-03-31": {
        "Diluted EPS": 0.07,
        "Total Revenue": NaN,
        "Gross Profit": NaN,
        "Operating Income": NaN,
        "EBIT": NaN,
        "Net Income": NaN
    },
    "2013-12-31": {
        "Diluted EPS": 0.11,
        "Total Revenue": NaN,
        "Gross Profit": NaN,
        "Operating Income": NaN,
        "EBIT": NaN,
        "Net Income": NaN
    },
    "2013-09-30": {
        "Diluted EPS": 0.11,
        "Total Revenue": NaN,
        "Gross Profit": NaN,
        "Operating Income": NaN,
        "EBIT": NaN,
        "Net Income": NaN
    },
    "2013-06-30": {
        "Diluted EPS": 0.06,
        "Total Revenue": NaN,
        "Gross Profit": NaN,
        "Operating Income": NaN,
        "EBIT": NaN,
        "Net Income": 555
    },
    "2013-03-31": {
        "Diluted EPS": 0.07,
        "Total Revenue": NaN,
        "Gross Profit": NaN,
        "Operating Income": NaN,
        "EBIT": NaN,
        "Net Income": NaN
    },
    "2012-12-31": {
        "Diluted EPS": 0.12,
        "Total Revenue": NaN,
        "Gross Profit": NaN,
        "Operating Income": NaN,
        "EBIT": NaN,
        "Net Income": NaN
    },
    "2012-09-30": {
        "Diluted EPS": 0.08,
        "Total Revenue": NaN,
        "Gross Profit": NaN,
        "Operating Income": NaN,
        "EBIT": NaN,
        "Net Income": NaN
    },
    "2012-06-30": {
        "Diluted EPS": 0.06,
        "Total Revenue": NaN,
        "Gross Profit": NaN,
        "Operating Income": 674,
        "EBIT": 873,
        "Net Income": 904
    },
    "2012-03-31": {
        "Diluted EPS": 0.08,
        "Total Revenue": NaN,
        "Gross Profit": NaN,
        "Operating Income": NaN,
        "EBIT": NaN,
        "Net Income": NaN
    },
    "2011-12-31": {
        "Diluted EPS": 0.11,
        "Total Revenue": NaN,
        "Gross Profit": NaN,
        "Operating Income": NaN,
        "EBIT": NaN,
        "Net Income": NaN
    },
    "2011-09-30": {
        "Diluted EPS": 0.07,
        "Total Revenue": NaN,
        "Gross Profit": NaN,
        "Operating Income": 989,
        "EBIT": NaN,
        "Net Income": NaN
    },
    "2011-06-30": {
        "Diluted EPS": 0.07,
        "Total Revenue": NaN,
        "Gross Profit": NaN,
        "Operating Income": NaN,
        "EBIT": NaN,
        "Net Income": NaN
    },
    "2011-03-31": {
        "Diluted EPS": 0.08,
        "Total Revenue": NaN,
        "Gross Profit": NaN,
        "Operating Income": NaN,
        "EBIT": NaN,
        "Net Income": NaN
    },
    "2010-12-31": {
        "Diluted EPS": 0.1,
        "Total Revenue": NaN,
        "Gross Profit": NaN,
        "Operating Income": NaN,
        "EBIT": NaN,
        "Net Income": NaN
    },
    "2010-09-30": {
        "Diluted EPS": 0.07,
        "Total Revenue": NaN,
        "Gross Profit": NaN,
        "Operating Income": NaN,
        "EBIT": NaN,
        "Net Income": NaN
    },
    "2010-06-30": {
        "Diluted EPS": 0.06,
        "Total Revenue": NaN,
        "Gross Profit": NaN,
        "Operating Income": NaN,
        "EBIT": NaN,
        "Net Income": 856
    },
    "2010-03-31": {
        "Diluted EPS": 0.06,
        "Total Revenue": NaN,
        "Gross Profit": NaN,
        "Operating Income": NaN,
        "EBIT": NaN,
        "Net Income": 946
    },
    "2009-12-31": {
        "Diluted EPS": 0.07,
        "Total Revenue": NaN,
        "Gross Profit": -33,
        "Operating Income": NaN,
        "EBIT": NaN,
        "Net Income": NaN
    },
    "2009-09-30": {
        "Diluted EPS": 0.04,
        "Total Revenue": NaN,
        "Gross Profit": NaN,
        "Operating Income": NaN,
        "EBIT": NaN,
        "Net Income": 661
    },
    "2009-06-30": {
        "Diluted EPS": 0.05,
        "Total Revenue": NaN,
        "Gross Profit": NaN,
        "Operating Income": NaN,
        "EBIT": NaN,
        "Net Income": 748
    },
    "2009-03-31": {
        "Diluted EPS": 0.04,
        "Total Revenue": NaN,
        "Gross Profit": NaN,
        "Operating Income": NaN,
        "EBIT": NaN,
        "Net Income": 657
    },
    "2023-09-30": {
        "Tax Effect Of Unusual Items": -5503300.0,
        "Tax Rate For Calcs": 0.011,
        "Normalized EBITDA": 6862900000.0,
        "Total Unusual Items": -500300000.0,
        "Total Unusual Items Excluding Goodwill": -500300000.0,
        "Net Income From Continuing Operation Net Minority Interest": 3911700000.0,
        "Reconciled Depreciation": 1671500000.0,
        "Reconciled Cost Of Revenue": 10223000000.0,
        "EBITDA": 6362600000.0,
        "EBIT": 4691100000.0,
        "Net Interest Income": -342300000.0,
        "Interest Expense": 631400000.0,
        "Interest Income": 421000000.0,
        "Normalized Income": 4406496700.0,
        "Net Income From Continuing And Discontinued Operation": 3911700000.0,
        "Total Expenses": 15416900000.0,
        "Total Operating Income As Reported": 4896100000.0,
        "Diluted Average Shares": 15843600000.0,
        "Basic Average Shares": 15745500000.0,
        "Diluted EPS": 0.25,
        "Basic EPS": 0.25,
        "Diluted NI Availto Com Stockholders": 3911700000.0,
        "Net Income Common Stockholders": 3911700000.0,
        "Net Income": 3911700000.0,
        "Minority Interests": -103300000.0,
        "Net Income Including Noncontrolling Interests": 4015000000.0,
        "Net Income Continuous Operations": 4015000000.0,
        "Tax Provision": 44700000.0,
        "Pretax Income": 4059700000.0,
        "Other Income Expense": -498900000.0,
        "Other Non Operating Income Expenses": 38168000.0,
        "Special Income Charges": 141300000.0,
        "Gain On Sale Of Ppe": 12000000.0,
        "Other Special Charges": -145400000.0,
        "Restructuring And Mergern Acquisition": 16100000.0,
        "Earnings From Equity Interest": 1400000.0,
        "Gain On Sale Of Security": -641600000.0,
        "Net Non Operating Interest Income Expense": -342300000.0,
        "Total Other Finance Cost": 131900000.0,
        "Interest Expense Non Operating": 631400000.0,
        "Interest Income Non Operating": 421000000.0,
        "Operating Income": 4900800000.0,
        "Operating Expense": 5193900000.0,
        "Other Operating Expenses": -462800000.0,
        "Other Taxes": 0.0,
        "Selling General And Administration": 5656700000.0,
        "Selling And Marketing Expense": 4384700000.0,
        "General And Administrative Expense": 1272000000.0,
        "Other Gand A": 1272000000.0,
        "Gross Profit": 10094700000.0,
        "Cost Of Revenue": 10223000000.0,
        "Total Revenue": 20317800000.0,
        "Excise Taxes": 6384749000.0,
        "Operating Revenue": 20317800000.0
    },
    "2023-12-31": {
        "Tax Effect Of Unusual Items": -72204482.358962,
        "Tax Rate For Calcs": 0.04194,
        "Normalized EBITDA": 8676299000.0,
        "Total Unusual Items": -1721618000.0,
        "Total Unusual Items Excluding Goodwill": -1721618000.0,
        "Net Income From Continuing Operation Net Minority Interest": 4387611000.0,
        "Reconciled Depreciation": 1512962000.0,
        "Reconciled Cost Of Revenue": 9301289000.0,
        "EBITDA": 6954681000.0,
        "EBIT": 5441719000.0,
        "Net Interest Income": 948650000.0,
        "Interest Expense": 715098000.0,
        "Interest Income": 882609000.0,
        "Normalized Income": 6037024517.641038,
        "Net Income From Continuing And Discontinued Operation": 4387611000.0,
        "Total Expenses": 14190227000.0,
        "Total Operating Income As Reported": 5597316000.0,
        "Diluted Average Shares": 15837000000.0,
        "Basic Average Shares": 15743100000.0,
        "Diluted EPS": 0.28,
        "Basic EPS": 0.28,
        "Diluted NI Availto Com Stockholders": 4387611000.0,
        "Net Income Common Stockholders": 4387611000.0,
        "Net Income": 4387611000.0,
        "Minority Interests": -140776000.0,
        "Net Income Including Noncontrolling Interests": 4528387000.0,
        "Net Income Continuous Operations": 4528387000.0,
        "Tax Provision": 198234000.0,
        "Pretax Income": 4726621000.0,
        "Other Income Expense": -2021080000.0,
        "Other Non Operating Income Expenses": NaN,
        "Special Income Charges": -463794000.0,
        "Gain On Sale Of Ppe": 31849000.0,
        "Other Special Charges": 458645000.0,
        "Restructuring And Mergern Acquisition": 36998000.0,
        "Earnings From Equity Interest": -170137000.0,
        "Gain On Sale Of Security": -1257824000.0,
        "Net Non Operating Interest Income Expense": 948650000.0,
        "Total Other Finance Cost": -781139000.0,
        "Interest Expense Non Operating": 715098000.0,
        "Interest Income Non Operating": 882609000.0,
        "Operating Income": 5799051000.0,
        "Operating Expense": 4888938000.0,
        "Other Operating Expenses": -556128000.0,
        "Other Taxes": -189137000.0,
        "Selling General And Administration": 5634203000.0,
        "Selling And Marketing Expense": 4348353000.0,
        "General And Administrative Expense": 1285850000.0,
        "Other Gand A": 1285850000.0,
        "Gross Profit": 10687989000.0,
        "Cost Of Revenue": 9301289000.0,
        "Total Revenue": 19989278000.0,
        "Excise Taxes": 6695792000.0,
        "Operating Revenue": 28382323000.0
    },
    "2024-03-31": {
        "Tax Effect Of Unusual Items": -27793950.0,
        "Tax Rate For Calcs": 0.15,
        "Normalized EBITDA": 6913395000.0,
        "Total Unusual Items": -185293000.0,
        "Total Unusual Items Excluding Goodwill": -185293000.0,
        "Net Income From Continuing Operation Net Minority Interest": 3700276000.0,
        "Reconciled Depreciation": 1632327000.0,
        "Reconciled Cost Of Revenue": 10058994000.0,
        "EBITDA": 6728102000.0,
        "EBIT": 5095775000.0,
        "Net Interest Income": -162245000.0,
        "Interest Expense": 620428000.0,
        "Interest Income": 585896000.0,
        "Normalized Income": 3857775050.0,
        "Net Income From Continuing And Discontinued Operation": 3700276000.0,
        "Total Expenses": 15449842000.0,
        "Total Operating Income As Reported": 4884861000.0,
        "Diluted Average Shares": 15840222603.0,
        "Basic Average Shares": 15745855319.0,
        "Diluted EPS": 0.2336,
        "Basic EPS": 0.235,
        "Diluted NI Availto Com Stockholders": 3700276000.0,
        "Net Income Common Stockholders": 3700276000.0,
        "Net Income": 3700276000.0,
        "Minority Interests": -103906000.0,
        "Net Income Including Noncontrolling Interests": 3804182000.0,
        "Net Income Continuous Operations": 3804182000.0,
        "Tax Provision": 671165000.0,
        "Pretax Income": 4475347000.0,
        "Other Income Expense": -188863000.0,
        "Other Non Operating Income Expenses": NaN,
        "Special Income Charges": 43830000.0,
        "Gain On Sale Of Ppe": 20683000.0,
        "Other Special Charges": -40716000.0,
        "Restructuring And Mergern Acquisition": 17569000.0,
        "Earnings From Equity Interest": -3570000.0,
        "Gain On Sale Of Security": -229123000.0,
        "Net Non Operating Interest Income Expense": -162245000.0,
        "Total Other Finance Cost": 127713000.0,
        "Interest Expense Non Operating": 620428000.0,
        "Interest Income Non Operating": 585896000.0,
        "Operating Income": 4826455000.0,
        "Operating Expense": 5390848000.0,
        "Other Operating Expenses": -572346000.0,
        "Other Taxes": 55292000.0,
        "Selling General And Administration": 5907902000.0,
        "Selling And Marketing Expense": 4575534000.0,
        "General And Administrative Expense": 1332368000.0,
        "Other Gand A": 1332368000.0,
        "Gross Profit": 10217303000.0,
        "Cost Of Revenue": 10058994000.0,
        "Total Revenue": 20276297000.0,
        "Excise Taxes": 6232642000.0,
        "Operating Revenue": 30354533000.0
    },
    "2024-06-30": {
        "Tax Effect Of Unusual Items": -100515985.0,
        "Tax Rate For Calcs": 0.2855,
        "Normalized EBITDA": 6079791000.0,
        "Total Unusual Items": -352070000.0,
        "Total Unusual Items Excluding Goodwill": -352070000.0,
        "Net Income From Continuing Operation Net Minority Interest": 2396309000.0,
        "Reconciled Depreciation": 1719851000.0,
        "Reconciled Cost Of Revenue": 10059980000.0,
        "EBITDA": 5727721000.0,
        "EBIT": 4007870000.0,
        "Net Interest Income": -209090000.0,
        "Interest Expense": 576108000.0,
        "Interest Income": 345352000.0,
        "Normalized Income": 2647863015.0,
        "Net Income From Continuing And Discontinued Operation": 2396309000.0,
        "Total Expenses": 16087963000.0,
        "Total Operating Income As Reported": 4079437000.0,
        "Diluted Average Shares": 15806787599.0,
        "Basic Average Shares": 15734136573.0,
        "Diluted EPS": 0.1516,
        "Basic EPS": 0.1523,
        "Diluted NI Availto Com Stockholders": 2396309000.0,
        "Net Income Common Stockholders": 2396309000.0,
        "Net Income": 2396309000.0,
        "Minority Interests": -55579000.0,
        "Net Income Including Noncontrolling Interests": 2451888000.0,
        "Net Income Continuous Operations": 2451888000.0,
        "Tax Provision": 979874000.0,
        "Pretax Income": 3431762000.0,
        "Other Income Expense": -315400000.0,
        "Other Non Operating Income Expenses": 68122000.0,
        "Special Income Charges": -175442000.0,
        "Gain On Sale Of Ppe": 21206000.0,
        "Other Special Charges": 185247000.0,
        "Restructuring And Mergern Acquisition": 11401000.0,
        "Earnings From Equity Interest": -31452000.0,
        "Gain On Sale Of Security": -176628000.0,
        "Net Non Operating Interest Income Expense": -209090000.0,
        "Total Other Finance Cost": -21666000.0,
        "Interest Expense Non Operating": 576108000.0,
        "Interest Income Non Operating": 345352000.0,
        "Operating Income": 3956252000.0,
        "Operating Expense": 6027983000.0,
        "Other Operating Expenses": -430256000.0,
        "Other Taxes": 45584000.0,
        "Selling General And Administration": 6412655000.0,
        "Selling And Marketing Expense": 4961625000.0,
        "General And Administrative Expense": 1451030000.0,
        "Other Gand A": 1451030000.0,
        "Gross Profit": 9984235000.0,
        "Cost Of Revenue": 10059980000.0,
        "Total Revenue": 20044215000.0,
        "Excise Taxes": 6213590000.0,
        "Operating Revenue": 29950562000.0
    },
    "2024-09-30": {
        "Tax Effect Of Unusual Items": -98435600.0,
        "Tax Rate For Calcs": 0.236,
        "Normalized EBITDA": 7304500000.0,
        "Total Unusual Items": -417100000.0,
        "Total Unusual Items Excluding Goodwill": -417100000.0,
        "Net Income From Continuing Operation Net Minority Interest": 3460300000.0,
        "Reconciled Depreciation": 1730300000.0,
        "Reconciled Cost Of Revenue": 10972600000.0,
        "EBITDA": 6887400000.0,
        "EBIT": 5157100000.0,
        "Net Interest Income": -250200000.0,
        "Interest Expense": 487500000.0,
        "Interest Income": 502500000.0,
        "Normalized Income": 3778964400.0,
        "Net Income From Continuing And Discontinued Operation": 3460300000.0,
        "Total Expenses": 16796600000.0,
        "Total Operating Income As Reported": 5314300000.0,
        "Diluted Average Shares": 15814000000.0,
        "Basic Average Shares": 15726800000.0,
        "Diluted EPS": 0.22,
        "Basic EPS": 0.22,
        "Diluted NI Availto Com Stockholders": 3460300000.0,
        "Net Income Common Stockholders": 3460300000.0,
        "Net Income": 3460300000.0,
        "Minority Interests": -106000000.0,
        "Net Income Including Noncontrolling Interests": 3566300000.0,
        "Net Income Continuous Operations": 3566300000.0,
        "Tax Provision": 1103300000.0,
        "Pretax Income": 4669600000.0,
        "Other Income Expense": -380300000.0,
        "Other Non Operating Income Expenses": NaN,
        "Special Income Charges": -85300000.0,
        "Gain On Sale Of Ppe": 33000000.0,
        "Other Special Charges": 99900000.0,
        "Restructuring And Mergern Acquisition": 18400000.0,
        "Earnings From Equity Interest": 36800000.0,
        "Gain On Sale Of Security": -331800000.0,
        "Net Non Operating Interest Income Expense": -250200000.0,
        "Total Other Finance Cost": 265200000.0,
        "Interest Expense Non Operating": 487500000.0,
        "Interest Income Non Operating": 502500000.0,
        "Operating Income": 5300100000.0,
        "Operating Expense": 5824000000.0,
        "Other Operating Expenses": -539400000.0,
        "Other Taxes": -22900000.0,
        "Selling General And Administration": 6386300000.0,
        "Selling And Marketing Expense": 4856300000.0,
        "General And Administrative Expense": 1530000000.0,
        "Other Gand A": 1530000000.0,
        "Gross Profit": 11124100000.0,
        "Cost Of Revenue": 10972600000.0,
        "Total Revenue": 22096700000.0,
        "Excise Taxes": NaN,
        "Operating Revenue": 22096700000.0
    }
}