{
    "2023-06-30": {
        "Tax Effect Of Unusual Items": 3348000.0,
        "Tax Rate For Calcs": 0.248,
        "Normalized EBITDA": 304500000.0,
        "Total Unusual Items": 13500000.0,
        "Total Unusual Items Excluding Goodwill": 13500000.0,
        "Net Income From Continuing Operation Net Minority Interest": 196400000.0,
        "Reconciled Depreciation": 16800000.0,
        "Reconciled Cost Of Revenue": 3029400000.0,
        "EBITDA": 318000000.0,
        "EBIT": 301200000.0,
        "Net Interest Income": -40100000.0,
        "Interest Expense": 40100000.0,
        "Normalized Income": 186248000.0,
        "Net Income From Continuing And Discontinued Operation": 196400000.0,
        "Total Expenses": 3454700000.0,
        "Rent Expense Supplemental": 35800000.0,
        "Total Operating Income As Reported": 287700000.0,
        "Diluted Average Shares": 21000000.0,
        "Basic Average Shares": 20900000.0,
        "Diluted EPS": 9.34,
        "Basic EPS": 9.37,
        "Diluted NI Availto Com Stockholders": 196400000.0,
        "Net Income Common Stockholders": 196400000.0,
        "Net Income": 196400000.0,
        "Net Income Including Noncontrolling Interests": 196300000.0,
        "Net Income Continuous Operations": 196300000.0,
        "Tax Provision": 64800000.0,
        "Pretax Income": 261100000.0,
        "Other Income Expense": 13500000.0,
        "Special Income Charges": 13500000.0,
        "Gain On Sale Of Business": 13500000.0,
        "Net Non Operating Interest Income Expense": -40100000.0,
        "Interest Expense Non Operating": 40100000.0,
        "Operating Income": 287800000.0,
        "Operating Expense": 425300000.0,
        "Other Operating Expenses": NaN,
        "Depreciation Amortization Depletion Income Statement": 16800000.0,
        "Depreciation And Amortization In Income Statement": 16800000.0,
        "Selling General And Administration": 408500000.0,
        "Selling And Marketing Expense": 11500000.0,
        "General And Administrative Expense": 397000000.0,
        "Other Gand A": 86900000.0,
        "Insurance And Claims": NaN,
        "Rent And Landing Fees": 35800000.0,
        "Salaries And Wages": 274300000.0,
        "Gross Profit": 713100000.0,
        "Cost Of Revenue": 3029400000.0,
        "Total Revenue": 3742400000.0,
        "Operating Revenue": 3742400000.0
    },
    "2023-03-31": {
        "Tax Effect Of Unusual Items": 0.0,
        "Tax Rate For Calcs": 0.239,
        "Normalized EBITDA": 293100000.0,
        "Total Unusual Items": 0.0,
        "Total Unusual Items Excluding Goodwill": 0.0,
        "Net Income From Continuing Operation Net Minority Interest": 181400000.0,
        "Reconciled Depreciation": 16700000.0,
        "Reconciled Cost Of Revenue": 2886100000.0,
        "EBITDA": 293100000.0,
        "EBIT": 276400000.0,
        "Net Interest Income": -37900000.0,
        "Interest Expense": 37900000.0,
        "Normalized Income": 181400000.0,
        "Net Income From Continuing And Discontinued Operation": 181400000.0,
        "Total Expenses": 3305900000.0,
        "Rent Expense Supplemental": 28400000.0,
        "Total Operating Income As Reported": 276500000.0,
        "Diluted Average Shares": 21700000.0,
        "Basic Average Shares": 21600000.0,
        "Diluted EPS": 8.37,
        "Basic EPS": 8.42,
        "Diluted NI Availto Com Stockholders": 181400000.0,
        "Net Income Common Stockholders": 181400000.0,
        "Net Income": 181400000.0,
        "Net Income Including Noncontrolling Interests": 181400000.0,
        "Net Income Continuous Operations": 181400000.0,
        "Tax Provision": 57100000.0,
        "Pretax Income": 238500000.0,
        "Other Income Expense": NaN,
        "Special Income Charges": 0.0,
        "Gain On Sale Of Business": 0.0,
        "Net Non Operating Interest Income Expense": -37900000.0,
        "Interest Expense Non Operating": 37900000.0,
        "Operating Income": 276400000.0,
        "Operating Expense": 419800000.0,
        "Other Operating Expenses": NaN,
        "Depreciation Amortization Depletion Income Statement": 16700000.0,
        "Depreciation And Amortization In Income Statement": 16700000.0,
        "Selling General And Administration": 403100000.0,
        "Selling And Marketing Expense": 9700000.0,
        "General And Administrative Expense": 393400000.0,
        "Other Gand A": 86200000.0,
        "Insurance And Claims": NaN,
        "Rent And Landing Fees": 28400000.0,
        "Salaries And Wages": 278800000.0,
        "Gross Profit": 696200000.0,
        "Cost Of Revenue": 2886100000.0,
        "Total Revenue": 3582300000.0,
        "Operating Revenue": 3582300000.0
    },
    "2022-12-31": {
        "Tax Effect Of Unusual Items": NaN,
        "Tax Rate For Calcs": NaN,
        "Normalized EBITDA": NaN,
        "Total Unusual Items": 202700000.0,
        "Total Unusual Items Excluding Goodwill": 202700000.0,
        "Net Income From Continuing Operation Net Minority Interest": NaN,
        "Reconciled Depreciation": NaN,
        "Reconciled Cost Of Revenue": NaN,
        "EBITDA": NaN,
        "EBIT": NaN,
        "Net Interest Income": NaN,
        "Interest Expense": NaN,
        "Normalized Income": NaN,
        "Net Income From Continuing And Discontinued Operation": NaN,
        "Total Expenses": NaN,
        "Rent Expense Supplemental": NaN,
        "Total Operating Income As Reported": NaN,
        "Diluted Average Shares": NaN,
        "Basic Average Shares": NaN,
        "Diluted EPS": NaN,
        "Basic EPS": NaN,
        "Diluted NI Availto Com Stockholders": NaN,
        "Net Income Common Stockholders": NaN,
        "Net Income": NaN,
        "Net Income Including Noncontrolling Interests": NaN,
        "Net Income Continuous Operations": NaN,
        "Tax Provision": NaN,
        "Pretax Income": NaN,
        "Other Income Expense": 202700000.0,
        "Special Income Charges": 202700000.0,
        "Gain On Sale Of Business": 202700000.0,
        "Net Non Operating Interest Income Expense": NaN,
        "Interest Expense Non Operating": NaN,
        "Operating Income": NaN,
        "Operating Expense": NaN,
        "Other Operating Expenses": -1400000.0,
        "Depreciation Amortization Depletion Income Statement": NaN,
        "Depreciation And Amortization In Income Statement": NaN,
        "Selling General And Administration": NaN,
        "Selling And Marketing Expense": NaN,
        "General And Administrative Expense": NaN,
        "Other Gand A": NaN,
        "Insurance And Claims": 6100000.0,
        "Rent And Landing Fees": NaN,
        "Salaries And Wages": NaN,
        "Gross Profit": NaN,
        "Cost Of Revenue": NaN,
        "Total Revenue": NaN,
        "Operating Revenue": NaN
    },
    "2022-09-30": {
        "Tax Effect Of Unusual Items": NaN,
        "Tax Rate For Calcs": NaN,
        "Normalized EBITDA": NaN,
        "Total Unusual Items": NaN,
        "Total Unusual Items Excluding Goodwill": NaN,
        "Net Income From Continuing Operation Net Minority Interest": NaN,
        "Reconciled Depreciation": NaN,
        "Reconciled Cost Of Revenue": NaN,
        "EBITDA": NaN,
        "EBIT": NaN,
        "Net Interest Income": NaN,
        "Interest Expense": NaN,
        "Normalized Income": NaN,
        "Net Income From Continuing And Discontinued Operation": NaN,
        "Total Expenses": NaN,
        "Rent Expense Supplemental": NaN,
        "Total Operating Income As Reported": NaN,
        "Diluted Average Shares": NaN,
        "Basic Average Shares": NaN,
        "Diluted EPS": NaN,
        "Basic EPS": NaN,
        "Diluted NI Availto Com Stockholders": NaN,
        "Net Income Common Stockholders": NaN,
        "Net Income": NaN,
        "Net Income Including Noncontrolling Interests": NaN,
        "Net Income Continuous Operations": NaN,
        "Tax Provision": NaN,
        "Pretax Income": NaN,
        "Other Income Expense": NaN,
        "Special Income Charges": NaN,
        "Gain On Sale Of Business": NaN,
        "Net Non Operating Interest Income Expense": NaN,
        "Interest Expense Non Operating": NaN,
        "Operating Income": NaN,
        "Operating Expense": NaN,
        "Other Operating Expenses": -1100000.0,
        "Depreciation Amortization Depletion Income Statement": NaN,
        "Depreciation And Amortization In Income Statement": NaN,
        "Selling General And Administration": NaN,
        "Selling And Marketing Expense": NaN,
        "General And Administrative Expense": NaN,
        "Other Gand A": NaN,
        "Insurance And Claims": 4100000.0,
        "Rent And Landing Fees": NaN,
        "Salaries And Wages": NaN,
        "Gross Profit": NaN,
        "Cost Of Revenue": NaN,
        "Total Revenue": NaN,
        "Operating Revenue": NaN
    },
    "2022-06-30": {
        "Tax Effect Of Unusual Items": -7107994.02316,
        "Tax Rate For Calcs": 0.247665,
        "Normalized EBITDA": 353600000.0,
        "Total Unusual Items": -28700000.0,
        "Total Unusual Items Excluding Goodwill": -28700000.0,
        "Net Income From Continuing Operation Net Minority Interest": 201400000.0,
        "Reconciled Depreciation": 18100000.0,
        "Reconciled Cost Of Revenue": 3147500000.0,
        "EBITDA": 324900000.0,
        "EBIT": 306800000.0,
        "Net Interest Income": -39100000.0,
        "Interest Expense": 39100000.0,
        "Normalized Income": 222992005.97684,
        "Net Income From Continuing And Discontinued Operation": 201400000.0,
        "Total Expenses": 3614700000.0,
        "Rent Expense Supplemental": 11000000.0,
        "Total Operating Income As Reported": 335500000.0,
        "Diluted Average Shares": 22200000.0,
        "Basic Average Shares": 22100000.0,
        "Diluted EPS": 9.07,
        "Basic EPS": 9.11,
        "Diluted NI Availto Com Stockholders": 201400000.0,
        "Net Income Common Stockholders": 201400000.0,
        "Net Income": 201400000.0,
        "Net Income Including Noncontrolling Interests": 201400000.0,
        "Net Income Continuous Operations": 201400000.0,
        "Tax Provision": 66300000.0,
        "Pretax Income": 267700000.0,
        "Other Income Expense": -28700000.0,
        "Special Income Charges": -28700000.0,
        "Gain On Sale Of Business": -28700000.0,
        "Net Non Operating Interest Income Expense": -39100000.0,
        "Interest Expense Non Operating": 39100000.0,
        "Operating Income": 335500000.0,
        "Operating Expense": 467200000.0,
        "Other Operating Expenses": 800000.0,
        "Depreciation Amortization Depletion Income Statement": 18100000.0,
        "Depreciation And Amortization In Income Statement": 18100000.0,
        "Selling General And Administration": 448300000.0,
        "Selling And Marketing Expense": 91100000.0,
        "General And Administrative Expense": 357200000.0,
        "Other Gand A": 95100000.0,
        "Insurance And Claims": 6300000.0,
        "Rent And Landing Fees": 11000000.0,
        "Salaries And Wages": 244800000.0,
        "Gross Profit": 802700000.0,
        "Cost Of Revenue": 3147500000.0,
        "Total Revenue": 3950200000.0,
        "Operating Revenue": 3950200000.0
    },
    "2022-03-31": {
        "Diluted EPS": 10.38,
        "Total Revenue": NaN,
        "Gross Profit": 792,
        "Operating Income": 321,
        "EBIT": 342,
        "Net Income": 238
    },
    "2021-12-31": {
        "Diluted EPS": 6.37,
        "Total Revenue": NaN,
        "Gross Profit": 542,
        "Operating Income": 236,
        "EBIT": 251,
        "Net Income": 141
    },
    "2021-09-30": {
        "Diluted EPS": 7.54,
        "Total Revenue": NaN,
        "Gross Profit": 480,
        "Operating Income": 201,
        "EBIT": 217,
        "Net Income": 147
    },
    "2021-06-30": {
        "Diluted EPS": 7.8,
        "Total Revenue": NaN,
        "Gross Profit": 497,
        "Operating Income": 218,
        "EBIT": 234,
        "Net Income": 152
    },
    "2021-03-31": {
        "Diluted EPS": 4.78,
        "Total Revenue": NaN,
        "Gross Profit": 383,
        "Operating Income": 136,
        "EBIT": 153,
        "Net Income": 93
    },
    "2020-12-31": {
        "Diluted EPS": 4.64,
        "Total Revenue": NaN,
        "Gross Profit": 372,
        "Operating Income": 134,
        "EBIT": 150,
        "Net Income": 89
    },
    "2020-09-30": {
        "Diluted EPS": 4.96,
        "Total Revenue": NaN,
        "Gross Profit": 336,
        "Operating Income": 119,
        "EBIT": 134,
        "Net Income": 96
    },
    "2020-06-30": {
        "Diluted EPS": 2.57,
        "Total Revenue": NaN,
        "Gross Profit": 243,
        "Operating Income": 82,
        "EBIT": 97,
        "Net Income": 50
    },
    "2020-03-31": {
        "Diluted EPS": 1.01,
        "Total Revenue": NaN,
        "Gross Profit": 272,
        "Operating Income": 35,
        "EBIT": 50,
        "Net Income": 20
    },
    "2019-12-31": {
        "Diluted EPS": 2.27,
        "Total Revenue": NaN,
        "Gross Profit": 302,
        "Operating Income": 79,
        "EBIT": 95,
        "Net Income": 44
    },
    "2019-09-30": {
        "Diluted EPS": 2.33,
        "Total Revenue": NaN,
        "Gross Profit": 293,
        "Operating Income": 82,
        "EBIT": 97,
        "Net Income": 45
    },
    "2019-06-30": {
        "Diluted EPS": 2.84,
        "Total Revenue": NaN,
        "Gross Profit": 295,
        "Operating Income": 86,
        "EBIT": 101,
        "Net Income": 55
    },
    "2019-03-31": {
        "Diluted EPS": 2.11,
        "Total Revenue": NaN,
        "Gross Profit": 279,
        "Operating Income": 78,
        "EBIT": 92,
        "Net Income": 41
    },
    "2018-12-31": {
        "Diluted EPS": 2.06,
        "Total Revenue": NaN,
        "Gross Profit": 282,
        "Operating Income": 77,
        "EBIT": 92,
        "Net Income": 40
    },
    "2018-09-30": {
        "Diluted EPS": 2.18,
        "Total Revenue": NaN,
        "Gross Profit": 278,
        "Operating Income": 81,
        "EBIT": 95,
        "Net Income": 44
    },
    "2018-06-30": {
        "Diluted EPS": 2.11,
        "Total Revenue": NaN,
        "Gross Profit": 278,
        "Operating Income": 80,
        "EBIT": 94,
        "Net Income": 43
    },
    "2018-03-31": {
        "Diluted EPS": 1.93,
        "Total Revenue": NaN,
        "Gross Profit": 265,
        "Operating Income": 73,
        "EBIT": 87,
        "Net Income": 40
    },
    "2017-12-31": {
        "Diluted EPS": 2.01,
        "Total Revenue": NaN,
        "Gross Profit": 268,
        "Operating Income": 74,
        "EBIT": 88,
        "Net Income": 43
    },
    "2017-09-30": {
        "Diluted EPS": 1.48,
        "Total Revenue": NaN,
        "Gross Profit": 260,
        "Operating Income": 70,
        "EBIT": 83,
        "Net Income": 31
    },
    "2017-06-30": {
        "Diluted EPS": 1.52,
        "Total Revenue": NaN,
        "Gross Profit": 267,
        "Operating Income": 72,
        "EBIT": 85,
        "Net Income": 32
    },
    "2017-03-31": {
        "Diluted EPS": 1.61,
        "Total Revenue": NaN,
        "Gross Profit": 260,
        "Operating Income": 72,
        "EBIT": 86,
        "Net Income": 34
    },
    "2016-12-31": {
        "Diluted EPS": 3.01,
        "Total Revenue": NaN,
        "Gross Profit": 265,
        "Operating Income": 80,
        "EBIT": 94,
        "Net Income": 67
    },
    "2016-09-30": {
        "Diluted EPS": 1.47,
        "Total Revenue": NaN,
        "Gross Profit": 266,
        "Operating Income": 71,
        "EBIT": 84,
        "Net Income": 32
    },
    "2016-06-30": {
        "Diluted EPS": 1.65,
        "Total Revenue": NaN,
        "Gross Profit": 268,
        "Operating Income": 78,
        "EBIT": 91,
        "Net Income": 37
    },
    "2016-03-31": {
        "Diluted EPS": 1.27,
        "Total Revenue": NaN,
        "Gross Profit": 261,
        "Operating Income": 69,
        "EBIT": 82,
        "Net Income": 31
    },
    "2015-12-31": {
        "Diluted EPS": 1.63,
        "Total Revenue": NaN,
        "Gross Profit": 260,
        "Operating Income": 70,
        "EBIT": 83,
        "Net Income": 41
    },
    "2015-09-30": {
        "Diluted EPS": 1.96,
        "Total Revenue": NaN,
        "Gross Profit": 273,
        "Operating Income": 77,
        "EBIT": 89,
        "Net Income": 51
    },
    "2015-06-30": {
        "Diluted EPS": 1.52,
        "Total Revenue": NaN,
        "Gross Profit": 271,
        "Operating Income": 82,
        "EBIT": 94,
        "Net Income": 41
    },
    "2015-03-31": {
        "Diluted EPS": 1.3,
        "Total Revenue": NaN,
        "Gross Profit": 256,
        "Operating Income": 73,
        "EBIT": 85,
        "Net Income": 36
    },
    "2014-12-31": {
        "Diluted EPS": 0.43,
        "Total Revenue": NaN,
        "Gross Profit": 245,
        "Operating Income": 66,
        "EBIT": 77,
        "Net Income": 12
    },
    "2014-09-30": {
        "Diluted EPS": 1.08,
        "Total Revenue": NaN,
        "Gross Profit": 245,
        "Operating Income": 66,
        "EBIT": 76,
        "Net Income": 33
    },
    "2014-06-30": {
        "Diluted EPS": 1.18,
        "Total Revenue": NaN,
        "Gross Profit": 248,
        "Operating Income": 72,
        "EBIT": 82,
        "Net Income": 36
    },
    "2014-03-31": {
        "Diluted EPS": 1.02,
        "Total Revenue": NaN,
        "Gross Profit": 230,
        "Operating Income": 64,
        "EBIT": 74,
        "Net Income": 31
    },
    "2013-12-31": {
        "Diluted EPS": 0.87,
        "Total Revenue": NaN,
        "Gross Profit": 222,
        "Operating Income": 58,
        "EBIT": 67,
        "Net Income": 27
    },
    "2013-09-30": {
        "Diluted EPS": 0.73,
        "Total Revenue": NaN,
        "Gross Profit": 225,
        "Operating Income": 58,
        "EBIT": 67,
        "Net Income": 23
    },
    "2013-06-30": {
        "Diluted EPS": 0.87,
        "Total Revenue": NaN,
        "Gross Profit": 222,
        "Operating Income": 57,
        "EBIT": 66,
        "Net Income": 27
    },
    "2013-03-31": {
        "Diluted EPS": 1.04,
        "Total Revenue": NaN,
        "Gross Profit": 206,
        "Operating Income": 53,
        "EBIT": 61,
        "Net Income": 33
    },
    "2012-12-31": {
        "Diluted EPS": 0.72,
        "Total Revenue": NaN,
        "Gross Profit": 193,
        "Operating Income": 48,
        "EBIT": 57,
        "Net Income": 23
    },
    "2012-09-30": {
        "Diluted EPS": 0.66,
        "Total Revenue": NaN,
        "Gross Profit": 194,
        "Operating Income": 49,
        "EBIT": 57,
        "Net Income": 21
    },
    "2012-06-30": {
        "Diluted EPS": 0.67,
        "Total Revenue": NaN,
        "Gross Profit": 192,
        "Operating Income": 47,
        "EBIT": 55,
        "Net Income": 21
    },
    "2012-03-31": {
        "Diluted EPS": 0.56,
        "Total Revenue": NaN,
        "Gross Profit": 185,
        "Operating Income": 41,
        "EBIT": 49,
        "Net Income": 18
    },
    "2011-12-31": {
        "Diluted EPS": 0.68,
        "Total Revenue": NaN,
        "Gross Profit": 180,
        "Operating Income": 40,
        "EBIT": 48,
        "Net Income": 22
    },
    "2011-09-30": {
        "Diluted EPS": 0.38,
        "Total Revenue": NaN,
        "Gross Profit": 179,
        "Operating Income": 34,
        "EBIT": 41,
        "Net Income": 12
    },
    "2011-06-30": {
        "Diluted EPS": 0.43,
        "Total Revenue": NaN,
        "Gross Profit": 186,
        "Operating Income": 37,
        "EBIT": 45,
        "Net Income": 14
    },
    "2011-03-31": {
        "Diluted EPS": 0.59,
        "Total Revenue": NaN,
        "Gross Profit": 170,
        "Operating Income": 22,
        "EBIT": 29,
        "Net Income": 20
    },
    "2010-12-31": {
        "Diluted EPS": 0.16,
        "Total Revenue": NaN,
        "Gross Profit": 166,
        "Operating Income": 32,
        "EBIT": 39,
        "Net Income": 5
    },
    "2010-09-30": {
        "Diluted EPS": 0.38,
        "Total Revenue": NaN,
        "Gross Profit": 167,
        "Operating Income": 32,
        "EBIT": 40,
        "Net Income": 13
    },
    "2010-06-30": {
        "Diluted EPS": 0.39,
        "Total Revenue": 999,
        "Gross Profit": 166,
        "Operating Income": 35,
        "EBIT": 41,
        "Net Income": 13
    },
    "2010-03-31": {
        "Diluted EPS": 0.22,
        "Total Revenue": 889,
        "Gross Profit": 155,
        "Operating Income": 28,
        "EBIT": 35,
        "Net Income": 7
    },
    "2009-12-31": {
        "Diluted EPS": 0.01,
        "Total Revenue": 613,
        "Gross Profit": 118,
        "Operating Income": 23,
        "EBIT": 35,
        "Net Income": 0
    },
    "2009-09-30": {
        "Diluted EPS": 0.22,
        "Total Revenue": NaN,
        "Gross Profit": 165,
        "Operating Income": 29,
        "EBIT": 37,
        "Net Income": 7
    },
    "2009-06-30": {
        "Diluted EPS": 0.17,
        "Total Revenue": 937,
        "Gross Profit": 155,
        "Operating Income": 25,
        "EBIT": 33,
        "Net Income": 6
    },
    "2009-03-31": {
        "Diluted EPS": 0.01,
        "Total Revenue": 820,
        "Gross Profit": 145,
        "Operating Income": 19,
        "EBIT": 27,
        "Net Income": 0
    },
    "2023-09-30": {
        "Tax Effect Of Unusual Items": 0.0,
        "Tax Rate For Calcs": 0.251,
        "Normalized EBITDA": 281800000.0,
        "Total Unusual Items": 0.0,
        "Total Unusual Items Excluding Goodwill": 0.0,
        "Net Income From Continuing Operation Net Minority Interest": 169200000.0,
        "Reconciled Depreciation": 17100000.0,
        "Reconciled Cost Of Revenue": 2992500000.0,
        "EBITDA": 281800000.0,
        "EBIT": 264700000.0,
        "Net Interest Income": -38700000.0,
        "Interest Expense": 38700000.0,
        "Normalized Income": 169200000.0,
        "Net Income From Continuing And Discontinued Operation": 169200000.0,
        "Total Expenses": 3401300000.0,
        "Rent Expense Supplemental": 25600000.0,
        "Total Operating Income As Reported": 264700000.0,
        "Diluted Average Shares": 20700000.0,
        "Basic Average Shares": 20600000.0,
        "Diluted EPS": 8.19,
        "Basic EPS": 8.22,
        "Diluted NI Availto Com Stockholders": 169200000.0,
        "Net Income Common Stockholders": 169200000.0,
        "Net Income": 169200000.0,
        "Net Income Including Noncontrolling Interests": 169200000.0,
        "Net Income Continuous Operations": 169200000.0,
        "Tax Provision": 56800000.0,
        "Pretax Income": 226000000.0,
        "Other Income Expense": NaN,
        "Special Income Charges": 0.0,
        "Gain On Sale Of Business": 0.0,
        "Net Non Operating Interest Income Expense": -38700000.0,
        "Interest Expense Non Operating": 38700000.0,
        "Operating Income": 264800000.0,
        "Operating Expense": 408700000.0,
        "Other Operating Expenses": NaN,
        "Depreciation Amortization Depletion Income Statement": 17000000.0,
        "Depreciation And Amortization In Income Statement": 17000000.0,
        "Selling General And Administration": 391700000.0,
        "Selling And Marketing Expense": 12600000.0,
        "General And Administrative Expense": 379100000.0,
        "Other Gand A": 96500000.0,
        "Insurance And Claims": NaN,
        "Rent And Landing Fees": 25600000.0,
        "Salaries And Wages": 257000000.0,
        "Gross Profit": 673500000.0,
        "Cost Of Revenue": 2992600000.0,
        "Total Revenue": 3666200000.0,
        "Operating Revenue": 3666200000.0
    },
    "2023-12-31": {
        "Tax Effect Of Unusual Items": -31160317.460317,
        "Tax Rate For Calcs": 0.265873,
        "Normalized EBITDA": 258900000.0,
        "Total Unusual Items": -117200000.0,
        "Total Unusual Items Excluding Goodwill": -117200000.0,
        "Net Income From Continuing Operation Net Minority Interest": 55500000.0,
        "Reconciled Depreciation": 17100000.0,
        "Reconciled Cost Of Revenue": 3138800000.0,
        "EBITDA": 141700000.0,
        "EBIT": 124500000.0,
        "Net Interest Income": -48900000.0,
        "Interest Expense": 48900000.0,
        "Normalized Income": 141539682.539683,
        "Net Income From Continuing And Discontinued Operation": 55500000.0,
        "Total Expenses": 3569900000.0,
        "Rent Expense Supplemental": 29100000.0,
        "Total Operating Income As Reported": 124500000.0,
        "Diluted Average Shares": 20500000.0,
        "Basic Average Shares": 20400000.0,
        "Diluted EPS": 2.7,
        "Basic EPS": 2.72,
        "Diluted NI Availto Com Stockholders": 55500000.0,
        "Net Income Common Stockholders": 55500000.0,
        "Net Income": 55500000.0,
        "Net Income Including Noncontrolling Interests": 55500000.0,
        "Net Income Continuous Operations": 55500000.0,
        "Tax Provision": 20100000.0,
        "Pretax Income": 75600000.0,
        "Other Income Expense": -117200000.0,
        "Special Income Charges": -117200000.0,
        "Gain On Sale Of Business": 0.0,
        "Net Non Operating Interest Income Expense": -48900000.0,
        "Interest Expense Non Operating": 48900000.0,
        "Operating Income": 241800000.0,
        "Operating Expense": 431200000.0,
        "Other Operating Expenses": NaN,
        "Depreciation Amortization Depletion Income Statement": 17200000.0,
        "Depreciation And Amortization In Income Statement": 17200000.0,
        "Selling General And Administration": 414000000.0,
        "Selling And Marketing Expense": 13700000.0,
        "General And Administrative Expense": 400300000.0,
        "Other Gand A": 99600000.0,
        "Insurance And Claims": NaN,
        "Rent And Landing Fees": 29100000.0,
        "Salaries And Wages": 271600000.0,
        "Gross Profit": 673000000.0,
        "Cost Of Revenue": 3138700000.0,
        "Total Revenue": 3811700000.0,
        "Operating Revenue": 3811700000.0
    },
    "2024-03-31": {
        "Tax Effect Of Unusual Items": 0.0,
        "Tax Rate For Calcs": 0.249,
        "Normalized EBITDA": 281400000.0,
        "Total Unusual Items": NaN,
        "Total Unusual Items Excluding Goodwill": NaN,
        "Net Income From Continuing Operation Net Minority Interest": 147100000.0,
        "Reconciled Depreciation": 18700000.0,
        "Reconciled Cost Of Revenue": 3451200000.0,
        "EBITDA": 281400000.0,
        "EBIT": 262700000.0,
        "Net Interest Income": -66900000.0,
        "Interest Expense": 66900000.0,
        "Normalized Income": 147100000.0,
        "Net Income From Continuing And Discontinued Operation": 147100000.0,
        "Total Expenses": 3938400000.0,
        "Rent Expense Supplemental": 29800000.0,
        "Total Operating Income As Reported": 262800000.0,
        "Diluted Average Shares": 20400000.0,
        "Basic Average Shares": 20300000.0,
        "Diluted EPS": 7.21,
        "Basic EPS": 7.24,
        "Diluted NI Availto Com Stockholders": 147100000.0,
        "Net Income Common Stockholders": 147100000.0,
        "Net Income": 147100000.0,
        "Net Income Including Noncontrolling Interests": 147000000.0,
        "Net Income Continuous Operations": 147000000.0,
        "Tax Provision": 48800000.0,
        "Pretax Income": 195800000.0,
        "Other Income Expense": NaN,
        "Special Income Charges": NaN,
        "Gain On Sale Of Business": NaN,
        "Net Non Operating Interest Income Expense": -66900000.0,
        "Interest Expense Non Operating": 66900000.0,
        "Operating Income": 262800000.0,
        "Operating Expense": 487200000.0,
        "Other Operating Expenses": NaN,
        "Depreciation Amortization Depletion Income Statement": 18700000.0,
        "Depreciation And Amortization In Income Statement": 18700000.0,
        "Selling General And Administration": 468500000.0,
        "Selling And Marketing Expense": 16400000.0,
        "General And Administrative Expense": 452100000.0,
        "Other Gand A": 111000000.0,
        "Insurance And Claims": NaN,
        "Rent And Landing Fees": 29800000.0,
        "Salaries And Wages": 311300000.0,
        "Gross Profit": 750000000.0,
        "Cost Of Revenue": 3451200000.0,
        "Total Revenue": 4201300000.0,
        "Operating Revenue": 4201300000.0
    }
}