{
    "2023-06-30": {
        "Tax Effect Of Unusual Items": 0.0,
        "Tax Rate For Calcs": 0.0,
        "Normalized EBITDA": -1944000.0,
        "Net Income From Continuing Operation Net Minority Interest": -1480000.0,
        "Reconciled Depreciation": 29000.0,
        "EBITDA": -1944000.0,
        "EBIT": -1973000.0,
        "Net Interest Income": 493000.0,
        "Interest Income": 493000.0,
        "Normalized Income": -1480000.0,
        "Net Income From Continuing And Discontinued Operation": -1480000.0,
        "Total Expenses": 1973000.0,
        "Total Operating Income As Reported": -1973000.0,
        "Diluted Average Shares": 14410143.0,
        "Basic Average Shares": 14410143.0,
        "Diluted EPS": -0.1,
        "Basic EPS": -0.1,
        "Diluted NI Availto Com Stockholders": -1480000.0,
        "Net Income Common Stockholders": -1480000.0,
        "Net Income": -1480000.0,
        "Net Income Including Noncontrolling Interests": -1480000.0,
        "Net Income Continuous Operations": -1480000.0,
        "Pretax Income": -1480000.0,
        "Net Non Operating Interest Income Expense": 493000.0,
        "Interest Income Non Operating": 493000.0,
        "Operating Income": -1973000.0,
        "Operating Expense": 1973000.0,
        "Research And Development": 254000.0,
        "Selling General And Administration": 1719000.0,
        "General And Administrative Expense": 1719000.0,
        "Other Gand A": 1719000.0,
        "Total Revenue": 0.0,
        "Operating Revenue": 0.0
    },
    "2023-03-31": {
        "Tax Effect Of Unusual Items": 0.0,
        "Tax Rate For Calcs": 0.0,
        "Normalized EBITDA": -1767000.0,
        "Net Income From Continuing Operation Net Minority Interest": -1346000.0,
        "Reconciled Depreciation": 29000.0,
        "EBITDA": -1767000.0,
        "EBIT": -1796000.0,
        "Net Interest Income": 450000.0,
        "Interest Income": 450000.0,
        "Normalized Income": -1346000.0,
        "Net Income From Continuing And Discontinued Operation": -1346000.0,
        "Total Expenses": 1796000.0,
        "Total Operating Income As Reported": -1796000.0,
        "Diluted Average Shares": 14410143.0,
        "Basic Average Shares": 14410143.0,
        "Diluted EPS": -0.09,
        "Basic EPS": -0.09,
        "Diluted NI Availto Com Stockholders": -1346000.0,
        "Net Income Common Stockholders": -1346000.0,
        "Net Income": -1346000.0,
        "Net Income Including Noncontrolling Interests": -1346000.0,
        "Net Income Continuous Operations": -1346000.0,
        "Pretax Income": -1346000.0,
        "Net Non Operating Interest Income Expense": 450000.0,
        "Interest Income Non Operating": 450000.0,
        "Operating Income": -1796000.0,
        "Operating Expense": 1796000.0,
        "Research And Development": 390000.0,
        "Selling General And Administration": 1406000.0,
        "General And Administrative Expense": 1406000.0,
        "Other Gand A": 1406000.0,
        "Total Revenue": 0.0,
        "Operating Revenue": 0.0
    },
    "2022-12-31": {
        "Tax Effect Of Unusual Items": 0.0,
        "Tax Rate For Calcs": 0.0,
        "Normalized EBITDA": -1519000.0,
        "Net Income From Continuing Operation Net Minority Interest": -1174000.0,
        "Reconciled Depreciation": 29000.0,
        "EBITDA": -1519000.0,
        "EBIT": -1548000.0,
        "Net Interest Income": 374000.0,
        "Interest Income": 374000.0,
        "Normalized Income": -1174000.0,
        "Net Income From Continuing And Discontinued Operation": -1174000.0,
        "Total Expenses": 1548000.0,
        "Total Operating Income As Reported": -1548000.0,
        "Diluted Average Shares": NaN,
        "Basic Average Shares": NaN,
        "Diluted EPS": NaN,
        "Basic EPS": NaN,
        "Diluted NI Availto Com Stockholders": -1174000.0,
        "Net Income Common Stockholders": -1174000.0,
        "Net Income": -1174000.0,
        "Net Income Including Noncontrolling Interests": -1174000.0,
        "Net Income Continuous Operations": -1174000.0,
        "Pretax Income": -1174000.0,
        "Other Income Expense": 0.0,
        "Other Non Operating Income Expenses": 0.0,
        "Net Non Operating Interest Income Expense": 374000.0,
        "Interest Income Non Operating": 374000.0,
        "Operating Income": -1548000.0,
        "Operating Expense": 1548000.0,
        "Research And Development": 61000.0,
        "Selling General And Administration": 1487000.0,
        "General And Administrative Expense": 1487000.0,
        "Other Gand A": 1487000.0,
        "Total Revenue": 0.0,
        "Operating Revenue": 0.0
    },
    "2022-09-30": {
        "Tax Effect Of Unusual Items": 0.0,
        "Tax Rate For Calcs": 0.0,
        "Normalized EBITDA": -2524000.0,
        "Net Income From Continuing Operation Net Minority Interest": -2333000.0,
        "Reconciled Depreciation": 28000.0,
        "EBITDA": -2524000.0,
        "EBIT": -2552000.0,
        "Net Interest Income": 222000.0,
        "Interest Income": 222000.0,
        "Normalized Income": -2333000.0,
        "Net Income From Continuing And Discontinued Operation": -2333000.0,
        "Total Expenses": 2552000.0,
        "Total Operating Income As Reported": -2552000.0,
        "Diluted Average Shares": 14410143.0,
        "Basic Average Shares": 14410143.0,
        "Diluted EPS": -0.16,
        "Basic EPS": -0.16,
        "Diluted NI Availto Com Stockholders": -2333000.0,
        "Net Income Common Stockholders": -2333000.0,
        "Net Income": -2333000.0,
        "Net Income Including Noncontrolling Interests": -2333000.0,
        "Net Income Continuous Operations": -2333000.0,
        "Pretax Income": -2333000.0,
        "Other Income Expense": -3000.0,
        "Other Non Operating Income Expenses": -3000.0,
        "Net Non Operating Interest Income Expense": 222000.0,
        "Interest Income Non Operating": 222000.0,
        "Operating Income": -2552000.0,
        "Operating Expense": 2552000.0,
        "Research And Development": 1024000.0,
        "Selling General And Administration": 1528000.0,
        "General And Administrative Expense": 1528000.0,
        "Other Gand A": 1528000.0,
        "Total Revenue": 0.0,
        "Operating Revenue": 0.0
    },
    "2022-06-30": {
        "Tax Effect Of Unusual Items": 0.0,
        "Tax Rate For Calcs": 0.0,
        "Normalized EBITDA": -3190000.0,
        "Net Income From Continuing Operation Net Minority Interest": -3147000.0,
        "Reconciled Depreciation": 29000.0,
        "EBITDA": -3190000.0,
        "EBIT": -3219000.0,
        "Net Interest Income": 72000.0,
        "Interest Income": 72000.0,
        "Normalized Income": -3147000.0,
        "Net Income From Continuing And Discontinued Operation": -3147000.0,
        "Total Expenses": 3219000.0,
        "Total Operating Income As Reported": -3219000.0,
        "Diluted Average Shares": 14410143.0,
        "Basic Average Shares": 14410143.0,
        "Diluted EPS": -0.22,
        "Basic EPS": -0.22,
        "Diluted NI Availto Com Stockholders": -3147000.0,
        "Net Income Common Stockholders": -3147000.0,
        "Net Income": -3147000.0,
        "Net Income Including Noncontrolling Interests": -3147000.0,
        "Net Income Continuous Operations": -3147000.0,
        "Pretax Income": -3147000.0,
        "Other Income Expense": NaN,
        "Other Non Operating Income Expenses": NaN,
        "Net Non Operating Interest Income Expense": 72000.0,
        "Interest Income Non Operating": 72000.0,
        "Operating Income": -3219000.0,
        "Operating Expense": 3219000.0,
        "Research And Development": 1485000.0,
        "Selling General And Administration": 1734000.0,
        "General And Administrative Expense": 1734000.0,
        "Other Gand A": 1734000.0,
        "Total Revenue": 0.0,
        "Operating Revenue": 0.0
    },
    "2022-03-31": {
        "Diluted EPS": -0.23,
        "Total Revenue": NaN,
        "Gross Profit": NaN,
        "Operating Income": -3,
        "EBIT": -3,
        "Net Income": -3
    },
    "2021-12-31": {
        "Diluted EPS": -0.39,
        "Total Revenue": NaN,
        "Gross Profit": NaN,
        "Operating Income": -6,
        "EBIT": -6,
        "Net Income": -6
    },
    "2021-09-30": {
        "Diluted EPS": -0.33,
        "Total Revenue": NaN,
        "Gross Profit": NaN,
        "Operating Income": -5,
        "EBIT": -5,
        "Net Income": -5
    },
    "2021-06-30": {
        "Diluted EPS": -0.34,
        "Total Revenue": NaN,
        "Gross Profit": NaN,
        "Operating Income": -5,
        "EBIT": -5,
        "Net Income": -5
    },
    "2021-03-31": {
        "Diluted EPS": -0.33,
        "Total Revenue": NaN,
        "Gross Profit": NaN,
        "Operating Income": -4,
        "EBIT": -4,
        "Net Income": -4
    },
    "2020-12-31": {
        "Diluted EPS": -0.18,
        "Total Revenue": NaN,
        "Gross Profit": NaN,
        "Operating Income": -5,
        "EBIT": -5,
        "Net Income": -5
    },
    "2020-09-30": {
        "Diluted EPS": -0.33,
        "Total Revenue": NaN,
        "Gross Profit": NaN,
        "Operating Income": -2,
        "EBIT": -2,
        "Net Income": -2
    },
    "2020-06-30": {
        "Diluted EPS": -0.73,
        "Total Revenue": NaN,
        "Gross Profit": NaN,
        "Operating Income": -1,
        "EBIT": -1,
        "Net Income": -1
    },
    "2020-03-31": {
        "Diluted EPS": -0.83,
        "Total Revenue": NaN,
        "Gross Profit": NaN,
        "Operating Income": -1,
        "EBIT": -1,
        "Net Income": -1
    },
    "2019-12-31": {
        "Diluted EPS": -0.39,
        "Total Revenue": NaN,
        "Gross Profit": NaN,
        "Operating Income": -1,
        "EBIT": -1,
        "Net Income": -1
    },
    "2019-09-30": {
        "Diluted EPS": -0.76,
        "Total Revenue": NaN,
        "Gross Profit": NaN,
        "Operating Income": -1,
        "EBIT": -1,
        "Net Income": -1
    },
    "2019-06-30": {
        "Diluted EPS": -1.14,
        "Total Revenue": NaN,
        "Gross Profit": NaN,
        "Operating Income": -2,
        "EBIT": -1,
        "Net Income": -1
    },
    "2019-03-31": {
        "Diluted EPS": -1.86,
        "Total Revenue": NaN,
        "Gross Profit": NaN,
        "Operating Income": -2,
        "EBIT": -2,
        "Net Income": -2
    },
    "2018-12-31": {
        "Diluted EPS": -1.9,
        "Total Revenue": NaN,
        "Gross Profit": NaN,
        "Operating Income": -2,
        "EBIT": -2,
        "Net Income": -1
    },
    "2018-09-30": {
        "Diluted EPS": -2.06,
        "Total Revenue": NaN,
        "Gross Profit": NaN,
        "Operating Income": -2,
        "EBIT": -2,
        "Net Income": -2
    },
    "2018-06-30": {
        "Diluted EPS": -2.74,
        "Total Revenue": NaN,
        "Gross Profit": NaN,
        "Operating Income": -2,
        "EBIT": -2,
        "Net Income": -2
    },
    "2018-03-31": {
        "Diluted EPS": -3.61,
        "Total Revenue": NaN,
        "Gross Profit": NaN,
        "Operating Income": -3,
        "EBIT": -3,
        "Net Income": -3
    },
    "2017-12-31": {
        "Diluted EPS": -5.58,
        "Total Revenue": NaN,
        "Gross Profit": NaN,
        "Operating Income": -4,
        "EBIT": -4,
        "Net Income": -4
    },
    "2017-09-30": {
        "Diluted EPS": -7.01,
        "Total Revenue": NaN,
        "Gross Profit": NaN,
        "Operating Income": -4,
        "EBIT": -4,
        "Net Income": -4
    },
    "2017-06-30": {
        "Diluted EPS": -10.61,
        "Total Revenue": NaN,
        "Gross Profit": NaN,
        "Operating Income": -6,
        "EBIT": -5,
        "Net Income": -6
    },
    "2017-03-31": {
        "Diluted EPS": -8.63,
        "Total Revenue": NaN,
        "Gross Profit": NaN,
        "Operating Income": -4,
        "EBIT": -4,
        "Net Income": -4
    },
    "2016-12-31": {
        "Diluted EPS": -8.45,
        "Total Revenue": NaN,
        "Gross Profit": NaN,
        "Operating Income": -4,
        "EBIT": -4,
        "Net Income": -4
    },
    "2016-09-30": {
        "Diluted EPS": -9.17,
        "Total Revenue": NaN,
        "Gross Profit": NaN,
        "Operating Income": -5,
        "EBIT": -5,
        "Net Income": -5
    },
    "2016-06-30": {
        "Diluted EPS": -7.73,
        "Total Revenue": NaN,
        "Gross Profit": NaN,
        "Operating Income": -4,
        "EBIT": -4,
        "Net Income": -4
    },
    "2016-03-31": {
        "Diluted EPS": -7.19,
        "Total Revenue": NaN,
        "Gross Profit": NaN,
        "Operating Income": -4,
        "EBIT": -4,
        "Net Income": -4
    },
    "2015-12-31": {
        "Diluted EPS": 1.62,
        "Total Revenue": NaN,
        "Gross Profit": NaN,
        "Operating Income": -3,
        "EBIT": -3,
        "Net Income": -3
    },
    "2015-09-30": {
        "Diluted EPS": -5.58,
        "Total Revenue": NaN,
        "Gross Profit": NaN,
        "Operating Income": -3,
        "EBIT": -3,
        "Net Income": -3
    },
    "2015-06-30": {
        "Diluted EPS": -12.41,
        "Total Revenue": NaN,
        "Gross Profit": NaN,
        "Operating Income": -3,
        "EBIT": -3,
        "Net Income": -3
    },
    "2015-03-31": {
        "Diluted EPS": -16.37,
        "Total Revenue": NaN,
        "Gross Profit": NaN,
        "Operating Income": -3,
        "EBIT": -3,
        "Net Income": -3
    },
    "2014-12-31": {
        "Diluted EPS": -15.66,
        "Total Revenue": NaN,
        "Gross Profit": NaN,
        "Operating Income": -3,
        "EBIT": -3,
        "Net Income": -3
    },
    "2014-09-30": {
        "Diluted EPS": -13.67,
        "Total Revenue": NaN,
        "Gross Profit": NaN,
        "Operating Income": -2,
        "EBIT": -2,
        "Net Income": -2
    },
    "2014-06-30": {
        "Diluted EPS": -13.85,
        "Total Revenue": NaN,
        "Gross Profit": NaN,
        "Operating Income": -2,
        "EBIT": -2,
        "Net Income": -2
    },
    "2014-03-31": {
        "Diluted EPS": -16.36,
        "Total Revenue": NaN,
        "Gross Profit": NaN,
        "Operating Income": -2,
        "EBIT": -2,
        "Net Income": -2
    },
    "2013-12-31": {
        "Diluted EPS": 15.1,
        "Total Revenue": NaN,
        "Gross Profit": NaN,
        "Operating Income": -3,
        "EBIT": -3,
        "Net Income": -3
    },
    "2013-09-30": {
        "Diluted EPS": -20.14,
        "Total Revenue": NaN,
        "Gross Profit": NaN,
        "Operating Income": -2,
        "EBIT": -2,
        "Net Income": -2
    },
    "2013-06-30": {
        "Diluted EPS": -81.81,
        "Total Revenue": NaN,
        "Gross Profit": NaN,
        "Operating Income": -1,
        "EBIT": -1,
        "Net Income": -3
    },
    "2013-03-31": {
        "Diluted EPS": -44.05,
        "Total Revenue": NaN,
        "Gross Profit": NaN,
        "Operating Income": -1,
        "EBIT": -1,
        "Net Income": -1
    },
    "2012-12-31": {
        "Diluted EPS": -33.98,
        "Total Revenue": NaN,
        "Gross Profit": NaN,
        "Operating Income": -1,
        "EBIT": -1,
        "Net Income": -1
    },
    "2012-09-30": {
        "Diluted EPS": -51.6,
        "Total Revenue": NaN,
        "Gross Profit": NaN,
        "Operating Income": -1,
        "EBIT": -1,
        "Net Income": -1
    },
    "2012-06-30": {
        "Diluted EPS": -71.74,
        "Total Revenue": NaN,
        "Gross Profit": NaN,
        "Operating Income": -1,
        "EBIT": -1,
        "Net Income": -1
    },
    "2012-03-31": {
        "Diluted EPS": -86.84,
        "Total Revenue": NaN,
        "Gross Profit": NaN,
        "Operating Income": -1,
        "EBIT": -1,
        "Net Income": -1
    },
    "2011-12-31": {
        "Diluted EPS": -109.56,
        "Total Revenue": NaN,
        "Gross Profit": NaN,
        "Operating Income": -2,
        "EBIT": -2,
        "Net Income": -2
    },
    "2011-09-30": {
        "Diluted EPS": -128.35,
        "Total Revenue": NaN,
        "Gross Profit": NaN,
        "Operating Income": -2,
        "EBIT": -1,
        "Net Income": -2
    },
    "2011-06-30": {
        "Diluted EPS": 22.65,
        "Total Revenue": NaN,
        "Gross Profit": NaN,
        "Operating Income": -2,
        "EBIT": -2,
        "Net Income": 0
    },
    "2011-03-31": {
        "Diluted EPS": -188.76,
        "Total Revenue": NaN,
        "Gross Profit": NaN,
        "Operating Income": -2,
        "EBIT": -2,
        "Net Income": -2
    },
    "2010-12-31": {
        "Diluted EPS": -128.35,
        "Total Revenue": NaN,
        "Gross Profit": NaN,
        "Operating Income": -2,
        "EBIT": -2,
        "Net Income": -2
    },
    "2010-09-30": {
        "Diluted EPS": -181.2,
        "Total Revenue": NaN,
        "Gross Profit": NaN,
        "Operating Income": -2,
        "EBIT": -2,
        "Net Income": -2
    },
    "2010-06-30": {
        "Diluted EPS": -196.31,
        "Total Revenue": NaN,
        "Gross Profit": NaN,
        "Operating Income": -2,
        "EBIT": -2,
        "Net Income": -2
    },
    "2010-03-31": {
        "Diluted EPS": -241.61,
        "Total Revenue": NaN,
        "Gross Profit": NaN,
        "Operating Income": -2,
        "EBIT": -2,
        "Net Income": -2
    },
    "2009-12-31": {
        "Diluted EPS": -845.62,
        "Total Revenue": NaN,
        "Gross Profit": NaN,
        "Operating Income": -8,
        "EBIT": -8,
        "Net Income": -6
    },
    "2009-09-30": {
        "Diluted EPS": -430.36,
        "Total Revenue": NaN,
        "Gross Profit": NaN,
        "Operating Income": -4,
        "EBIT": -4,
        "Net Income": -4
    },
    "2009-06-30": {
        "Diluted EPS": -860.72,
        "Total Revenue": NaN,
        "Gross Profit": NaN,
        "Operating Income": -9,
        "EBIT": -8,
        "Net Income": -9
    },
    "2009-03-31": {
        "Diluted EPS": NaN,
        "Total Revenue": NaN,
        "Gross Profit": NaN,
        "Operating Income": -15,
        "EBIT": -15,
        "Net Income": 9
    },
    "2023-09-30": {
        "Tax Effect Of Unusual Items": 0.0,
        "Tax Rate For Calcs": 0.0,
        "Normalized EBITDA": -1907000.0,
        "Net Income From Continuing Operation Net Minority Interest": -1424000.0,
        "Reconciled Depreciation": 30000.0,
        "EBITDA": -1907000.0,
        "EBIT": -1937000.0,
        "Net Interest Income": 513000.0,
        "Interest Income": 513000.0,
        "Normalized Income": -1424000.0,
        "Net Income From Continuing And Discontinued Operation": -1424000.0,
        "Total Expenses": 1937000.0,
        "Total Operating Income As Reported": -1937000.0,
        "Diluted Average Shares": 14410143.0,
        "Basic Average Shares": 14410143.0,
        "Diluted EPS": -0.1,
        "Basic EPS": -0.1,
        "Diluted NI Availto Com Stockholders": -1424000.0,
        "Net Income Common Stockholders": -1424000.0,
        "Net Income": -1424000.0,
        "Net Income Including Noncontrolling Interests": -1424000.0,
        "Net Income Continuous Operations": -1424000.0,
        "Pretax Income": -1424000.0,
        "Net Non Operating Interest Income Expense": 513000.0,
        "Interest Income Non Operating": 513000.0,
        "Operating Income": -1937000.0,
        "Operating Expense": 1937000.0,
        "Research And Development": 322000.0,
        "Selling General And Administration": 1615000.0,
        "General And Administrative Expense": 1615000.0,
        "Other Gand A": 1615000.0,
        "Total Revenue": 0.0,
        "Operating Revenue": 0.0
    },
    "2023-12-31": {
        "Tax Effect Of Unusual Items": 0.0,
        "Tax Rate For Calcs": 0.0,
        "Normalized EBITDA": -1567000.0,
        "Net Income From Continuing Operation Net Minority Interest": -1089000.0,
        "Reconciled Depreciation": 23000.0,
        "EBITDA": -1567000.0,
        "EBIT": -1590000.0,
        "Net Interest Income": 501000.0,
        "Interest Income": 501000.0,
        "Normalized Income": -1089000.0,
        "Net Income From Continuing And Discontinued Operation": -1089000.0,
        "Total Expenses": 1590000.0,
        "Total Operating Income As Reported": -1590000.0,
        "Diluted Average Shares": NaN,
        "Basic Average Shares": NaN,
        "Diluted EPS": NaN,
        "Basic EPS": NaN,
        "Diluted NI Availto Com Stockholders": -1089000.0,
        "Net Income Common Stockholders": -1089000.0,
        "Net Income": -1089000.0,
        "Net Income Including Noncontrolling Interests": -1089000.0,
        "Net Income Continuous Operations": -1089000.0,
        "Pretax Income": -1089000.0,
        "Net Non Operating Interest Income Expense": 501000.0,
        "Interest Income Non Operating": 501000.0,
        "Operating Income": -1590000.0,
        "Operating Expense": 1590000.0,
        "Research And Development": 47000.0,
        "Selling General And Administration": 1543000.0,
        "General And Administrative Expense": 1543000.0,
        "Other Gand A": 1543000.0,
        "Total Revenue": 0.0,
        "Operating Revenue": 0.0
    }
}