{
    "2024-03-31": {
        "Tax Effect Of Unusual Items": -126147.21,
        "Tax Rate For Calcs": 0.21,
        "Normalized EBITDA": 5851242.0,
        "Total Unusual Items": -600701.0,
        "Total Unusual Items Excluding Goodwill": -600701.0,
        "Net Income From Continuing Operation Net Minority Interest": -1348745.0,
        "Reconciled Depreciation": 1682054.0,
        "Reconciled Cost Of Revenue": 2720897.0,
        "EBITDA": 5250541.0,
        "EBIT": 3568487.0,
        "Net Interest Income": -3249019.0,
        "Interest Expense": 3670445.0,
        "Interest Income": 421426.0,
        "Normalized Income": -874191.21,
        "Net Income From Continuing And Discontinued Operation": -1348745.0,
        "Total Expenses": 17686394.0,
        "Total Operating Income As Reported": 2253129.0,
        "Diluted Average Shares": 63027246.0,
        "Basic Average Shares": 63027246.0,
        "Diluted EPS": -0.02,
        "Basic EPS": -0.02,
        "Diluted NI Availto Com Stockholders": -1348745.0,
        "Average Dilution Earnings": NaN,
        "Net Income Common Stockholders": -1348745.0,
        "Net Income": -1348745.0,
        "Minority Interests": -73274.0,
        "Net Income Including Noncontrolling Interests": -1275471.0,
        "Net Income Continuous Operations": -1275471.0,
        "Tax Provision": 1173513.0,
        "Pretax Income": -101958.0,
        "Other Income Expense": -653729.0,
        "Other Non Operating Income Expenses": -53028.0,
        "Gain On Sale Of Security": -600701.0,
        "Net Non Operating Interest Income Expense": -3249019.0,
        "Interest Expense Non Operating": 3670445.0,
        "Interest Income Non Operating": 421426.0,
        "Operating Income": 3800790.0,
        "Operating Expense": 14965497.0,
        "Other Operating Expenses": NaN,
        "Depreciation Amortization Depletion Income Statement": 1682054.0,
        "Depreciation And Amortization In Income Statement": 1682054.0,
        "Depreciation Income Statement": NaN,
        "Selling General And Administration": 13283443.0,
        "Selling And Marketing Expense": 1929944.0,
        "General And Administrative Expense": 11353499.0,
        "Other Gand A": 11353499.0,
        "Salaries And Wages": NaN,
        "Gross Profit": 18766287.0,
        "Cost Of Revenue": 2720897.0,
        "Total Revenue": 21487184.0,
        "Operating Revenue": 21487184.0,
        "Loss Adjustment Expense": NaN,
        "Net Policyholder Benefits And Claims": NaN
    },
    "2023-12-31": {
        "Tax Effect Of Unusual Items": -477961.958944,
        "Tax Rate For Calcs": 0.107907,
        "Normalized EBITDA": 5253743.0,
        "Total Unusual Items": -4429397.0,
        "Total Unusual Items Excluding Goodwill": -4429397.0,
        "Net Income From Continuing Operation Net Minority Interest": -6222383.0,
        "Reconciled Depreciation": 1712934.0,
        "Reconciled Cost Of Revenue": 1662470.0,
        "EBITDA": 824346.0,
        "EBIT": -888588.0,
        "Net Interest Income": -5722645.0,
        "Interest Expense": 6246126.0,
        "Interest Income": 523481.0,
        "Normalized Income": -2270947.958944,
        "Net Income From Continuing And Discontinued Operation": -6222383.0,
        "Total Expenses": 20533341.0,
        "Total Operating Income As Reported": 1993769.0,
        "Diluted Average Shares": NaN,
        "Basic Average Shares": NaN,
        "Diluted EPS": NaN,
        "Basic EPS": NaN,
        "Diluted NI Availto Com Stockholders": -6222383.0,
        "Average Dilution Earnings": NaN,
        "Net Income Common Stockholders": -6222383.0,
        "Net Income": -6222383.0,
        "Minority Interests": 142447.0,
        "Net Income Including Noncontrolling Interests": -6364830.0,
        "Net Income Continuous Operations": -6364830.0,
        "Tax Provision": -769884.0,
        "Pretax Income": -7134714.0,
        "Other Income Expense": -4574275.0,
        "Other Non Operating Income Expenses": -144878.0,
        "Gain On Sale Of Security": -4429397.0,
        "Net Non Operating Interest Income Expense": -5722645.0,
        "Interest Expense Non Operating": 6246126.0,
        "Interest Income Non Operating": 523481.0,
        "Operating Income": 3162206.0,
        "Operating Expense": 18870871.0,
        "Other Operating Expenses": NaN,
        "Depreciation Amortization Depletion Income Statement": 1712934.0,
        "Depreciation And Amortization In Income Statement": 1712934.0,
        "Depreciation Income Statement": NaN,
        "Selling General And Administration": 17157937.0,
        "Selling And Marketing Expense": 1788748.0,
        "General And Administrative Expense": 15369189.0,
        "Other Gand A": 15369189.0,
        "Salaries And Wages": NaN,
        "Gross Profit": 22033077.0,
        "Cost Of Revenue": 1662470.0,
        "Total Revenue": 23695547.0,
        "Operating Revenue": 1928621.0,
        "Loss Adjustment Expense": NaN,
        "Net Policyholder Benefits And Claims": NaN
    },
    "2023-09-30": {
        "Tax Effect Of Unusual Items": 176105.37,
        "Tax Rate For Calcs": 0.21,
        "Normalized EBITDA": 6296780.0,
        "Total Unusual Items": 838597.0,
        "Total Unusual Items Excluding Goodwill": 838597.0,
        "Net Income From Continuing Operation Net Minority Interest": 903361.0,
        "Reconciled Depreciation": 1694853.0,
        "Reconciled Cost Of Revenue": 3364957.0,
        "EBITDA": 7135377.0,
        "EBIT": 5440524.0,
        "Net Interest Income": -2615411.0,
        "Interest Expense": 2679237.0,
        "Interest Income": 63826.0,
        "Normalized Income": 240869.37,
        "Net Income From Continuing And Discontinued Operation": 903361.0,
        "Total Expenses": 16602915.0,
        "Total Operating Income As Reported": 6300012.0,
        "Diluted Average Shares": 63349823.0,
        "Basic Average Shares": 63349823.0,
        "Diluted EPS": 0.01,
        "Basic EPS": 0.01,
        "Diluted NI Availto Com Stockholders": 903361.0,
        "Average Dilution Earnings": NaN,
        "Net Income Common Stockholders": 903361.0,
        "Net Income": 903361.0,
        "Minority Interests": -147611.0,
        "Net Income Including Noncontrolling Interests": 1050972.0,
        "Net Income Continuous Operations": 1050972.0,
        "Tax Provision": 1710315.0,
        "Pretax Income": 2761287.0,
        "Other Income Expense": 858683.0,
        "Other Non Operating Income Expenses": 20086.0,
        "Gain On Sale Of Security": 838597.0,
        "Net Non Operating Interest Income Expense": -2615411.0,
        "Interest Expense Non Operating": 2679237.0,
        "Interest Income Non Operating": 63826.0,
        "Operating Income": 4518015.0,
        "Operating Expense": 13237958.0,
        "Other Operating Expenses": NaN,
        "Depreciation Amortization Depletion Income Statement": 1694853.0,
        "Depreciation And Amortization In Income Statement": 1694853.0,
        "Depreciation Income Statement": NaN,
        "Selling General And Administration": 11543105.0,
        "Selling And Marketing Expense": 1704154.0,
        "General And Administrative Expense": 9838951.0,
        "Other Gand A": 9838951.0,
        "Salaries And Wages": 4583632.0,
        "Gross Profit": 17755973.0,
        "Cost Of Revenue": 3364957.0,
        "Total Revenue": 21120930.0,
        "Operating Revenue": 21120930.0,
        "Loss Adjustment Expense": NaN,
        "Net Policyholder Benefits And Claims": NaN
    },
    "2023-06-30": {
        "Tax Effect Of Unusual Items": NaN,
        "Tax Rate For Calcs": NaN,
        "Normalized EBITDA": NaN,
        "Total Unusual Items": NaN,
        "Total Unusual Items Excluding Goodwill": NaN,
        "Net Income From Continuing Operation Net Minority Interest": NaN,
        "Reconciled Depreciation": NaN,
        "Reconciled Cost Of Revenue": NaN,
        "EBITDA": NaN,
        "EBIT": NaN,
        "Net Interest Income": NaN,
        "Interest Expense": NaN,
        "Interest Income": NaN,
        "Normalized Income": NaN,
        "Net Income From Continuing And Discontinued Operation": NaN,
        "Total Expenses": NaN,
        "Total Operating Income As Reported": NaN,
        "Diluted Average Shares": 50507728.0,
        "Basic Average Shares": 50507728.0,
        "Diluted EPS": 0.13,
        "Basic EPS": 0.13,
        "Diluted NI Availto Com Stockholders": NaN,
        "Average Dilution Earnings": 0.0,
        "Net Income Common Stockholders": NaN,
        "Net Income": NaN,
        "Minority Interests": NaN,
        "Net Income Including Noncontrolling Interests": NaN,
        "Net Income Continuous Operations": NaN,
        "Tax Provision": NaN,
        "Pretax Income": NaN,
        "Other Income Expense": NaN,
        "Other Non Operating Income Expenses": NaN,
        "Gain On Sale Of Security": NaN,
        "Net Non Operating Interest Income Expense": NaN,
        "Interest Expense Non Operating": NaN,
        "Interest Income Non Operating": NaN,
        "Operating Income": NaN,
        "Operating Expense": NaN,
        "Other Operating Expenses": 3392647.0,
        "Depreciation Amortization Depletion Income Statement": NaN,
        "Depreciation And Amortization In Income Statement": NaN,
        "Depreciation Income Statement": 2561.0,
        "Selling General And Administration": NaN,
        "Selling And Marketing Expense": NaN,
        "General And Administrative Expense": NaN,
        "Other Gand A": NaN,
        "Salaries And Wages": NaN,
        "Gross Profit": NaN,
        "Cost Of Revenue": NaN,
        "Total Revenue": NaN,
        "Operating Revenue": NaN,
        "Loss Adjustment Expense": 1505333.0,
        "Net Policyholder Benefits And Claims": 1505333.0
    },
    "2023-03-31": {
        "Tax Effect Of Unusual Items": NaN,
        "Tax Rate For Calcs": NaN,
        "Normalized EBITDA": NaN,
        "Total Unusual Items": NaN,
        "Total Unusual Items Excluding Goodwill": NaN,
        "Net Income From Continuing Operation Net Minority Interest": NaN,
        "Reconciled Depreciation": NaN,
        "Reconciled Cost Of Revenue": NaN,
        "EBITDA": NaN,
        "EBIT": NaN,
        "Net Interest Income": NaN,
        "Interest Expense": NaN,
        "Interest Income": NaN,
        "Normalized Income": NaN,
        "Net Income From Continuing And Discontinued Operation": NaN,
        "Total Expenses": NaN,
        "Total Operating Income As Reported": NaN,
        "Diluted Average Shares": NaN,
        "Basic Average Shares": NaN,
        "Diluted EPS": NaN,
        "Basic EPS": NaN,
        "Diluted NI Availto Com Stockholders": NaN,
        "Average Dilution Earnings": NaN,
        "Net Income Common Stockholders": NaN,
        "Net Income": NaN,
        "Minority Interests": NaN,
        "Net Income Including Noncontrolling Interests": NaN,
        "Net Income Continuous Operations": NaN,
        "Tax Provision": NaN,
        "Pretax Income": NaN,
        "Other Income Expense": NaN,
        "Other Non Operating Income Expenses": NaN,
        "Gain On Sale Of Security": NaN,
        "Net Non Operating Interest Income Expense": NaN,
        "Interest Expense Non Operating": NaN,
        "Interest Income Non Operating": NaN,
        "Operating Income": NaN,
        "Operating Expense": NaN,
        "Other Operating Expenses": 3165707.0,
        "Depreciation Amortization Depletion Income Statement": NaN,
        "Depreciation And Amortization In Income Statement": NaN,
        "Depreciation Income Statement": 3036.0,
        "Selling General And Administration": NaN,
        "Selling And Marketing Expense": NaN,
        "General And Administrative Expense": NaN,
        "Other Gand A": NaN,
        "Salaries And Wages": NaN,
        "Gross Profit": NaN,
        "Cost Of Revenue": NaN,
        "Total Revenue": NaN,
        "Operating Revenue": NaN,
        "Loss Adjustment Expense": 1229616.0,
        "Net Policyholder Benefits And Claims": 1229616.0
    },
    "2022-12-31": {
        "Tax Effect Of Unusual Items": NaN,
        "Tax Rate For Calcs": NaN,
        "Normalized EBITDA": NaN,
        "Total Unusual Items": NaN,
        "Total Unusual Items Excluding Goodwill": NaN,
        "Net Income From Continuing Operation Net Minority Interest": NaN,
        "Reconciled Depreciation": NaN,
        "Reconciled Cost Of Revenue": 12626879.0,
        "EBITDA": NaN,
        "EBIT": NaN,
        "Net Interest Income": NaN,
        "Interest Expense": NaN,
        "Interest Income": NaN,
        "Normalized Income": NaN,
        "Net Income From Continuing And Discontinued Operation": NaN,
        "Total Expenses": NaN,
        "Total Operating Income As Reported": -23170772.0,
        "Diluted Average Shares": NaN,
        "Basic Average Shares": NaN,
        "Diluted EPS": NaN,
        "Basic EPS": NaN,
        "Diluted NI Availto Com Stockholders": NaN,
        "Net Income Common Stockholders": NaN,
        "Net Income": NaN,
        "Minority Interests": NaN,
        "Net Income Including Noncontrolling Interests": NaN,
        "Net Income Continuous Operations": NaN,
        "Tax Provision": NaN,
        "Pretax Income": NaN,
        "Other Income Expense": NaN,
        "Other Non Operating Income Expenses": -659288.0,
        "Gain On Sale Of Security": NaN,
        "Net Non Operating Interest Income Expense": NaN,
        "Interest Expense Non Operating": NaN,
        "Interest Income Non Operating": NaN,
        "Operating Income": -23613074.0,
        "Operating Expense": 6312453.0,
        "Other Operating Expenses": NaN,
        "Depreciation Amortization Depletion Income Statement": 8954.0,
        "Depreciation And Amortization In Income Statement": NaN,
        "Depreciation Income Statement": NaN,
        "Selling General And Administration": NaN,
        "Selling And Marketing Expense": NaN,
        "General And Administrative Expense": NaN,
        "Other Gand A": NaN,
        "Salaries And Wages": NaN,
        "Gross Profit": -17300621.0,
        "Cost Of Revenue": 12720036.0,
        "Total Revenue": NaN,
        "Operating Revenue": NaN,
        "Loss Adjustment Expense": NaN,
        "Net Policyholder Benefits And Claims": NaN
    },
    "2024-06-30": {
        "Tax Effect Of Unusual Items": -288267.21,
        "Tax Rate For Calcs": 0.21,
        "Normalized EBITDA": 10061799.0,
        "Total Unusual Items": -1372701.0,
        "Total Unusual Items Excluding Goodwill": -1372701.0,
        "Net Income From Continuing Operation Net Minority Interest": 769983.0,
        "Reconciled Depreciation": 1750452.0,
        "Reconciled Cost Of Revenue": 2743534.0,
        "EBITDA": 8689098.0,
        "EBIT": 6938646.0,
        "Net Interest Income": -3889281.0,
        "Interest Expense": 4529187.0,
        "Interest Income": 639906.0,
        "Normalized Income": 1854416.79,
        "Net Income From Continuing And Discontinued Operation": 769983.0,
        "Total Expenses": 21600131.0,
        "Total Operating Income As Reported": 6770770.0,
        "Diluted Average Shares": 67162820.0,
        "Basic Average Shares": 63846170.0,
        "Diluted EPS": 0.01,
        "Basic EPS": 0.01,
        "Diluted NI Availto Com Stockholders": 769983.0,
        "Average Dilution Earnings": 0.0,
        "Net Income Common Stockholders": 769983.0,
        "Net Income": 769983.0,
        "Minority Interests": 118234.0,
        "Net Income Including Noncontrolling Interests": 651749.0,
        "Net Income Continuous Operations": 651749.0,
        "Tax Provision": 1757710.0,
        "Pretax Income": 2409459.0,
        "Other Income Expense": -1177231.0,
        "Other Non Operating Income Expenses": 195470.0,
        "Gain On Sale Of Security": -1372701.0,
        "Net Non Operating Interest Income Expense": -3889281.0,
        "Interest Expense Non Operating": 4529187.0,
        "Interest Income Non Operating": 639906.0,
        "Operating Income": 7475971.0,
        "Operating Expense": 18856597.0,
        "Other Operating Expenses": NaN,
        "Depreciation Amortization Depletion Income Statement": 1750452.0,
        "Depreciation And Amortization In Income Statement": 1750452.0,
        "Depreciation Income Statement": NaN,
        "Selling General And Administration": 17106145.0,
        "Selling And Marketing Expense": 2552801.0,
        "General And Administrative Expense": 14553344.0,
        "Other Gand A": 14553344.0,
        "Salaries And Wages": NaN,
        "Gross Profit": 26332568.0,
        "Cost Of Revenue": 2743534.0,
        "Total Revenue": 29076102.0,
        "Operating Revenue": 29076102.0,
        "Loss Adjustment Expense": NaN,
        "Net Policyholder Benefits And Claims": NaN
    },
    "2024-09-30": {
        "Tax Effect Of Unusual Items": -381287.7,
        "Tax Rate For Calcs": 0.045,
        "Normalized EBITDA": 8901474.0,
        "Total Unusual Items": -8473060.0,
        "Total Unusual Items Excluding Goodwill": -8473060.0,
        "Net Income From Continuing Operation Net Minority Interest": -5125055.0,
        "Reconciled Depreciation": 1745279.0,
        "Reconciled Cost Of Revenue": 2187981.0,
        "EBITDA": 428414.0,
        "EBIT": -1316865.0,
        "Net Interest Income": -3608818.0,
        "Interest Expense": 4218314.0,
        "Interest Income": 609496.0,
        "Normalized Income": 2966717.3,
        "Net Income From Continuing And Discontinued Operation": -5125055.0,
        "Total Expenses": 21591960.0,
        "Total Operating Income As Reported": 6849971.0,
        "Diluted Average Shares": 74694319.0,
        "Basic Average Shares": 74694319.0,
        "Diluted EPS": -0.07,
        "Basic EPS": -0.07,
        "Diluted NI Availto Com Stockholders": -5125055.0,
        "Average Dilution Earnings": NaN,
        "Net Income Common Stockholders": -5125055.0,
        "Net Income": -5125055.0,
        "Minority Interests": 159756.0,
        "Net Income Including Noncontrolling Interests": -5284811.0,
        "Net Income Continuous Operations": -5284811.0,
        "Tax Provision": -250368.0,
        "Pretax Income": -5535179.0,
        "Other Income Expense": -8482892.0,
        "Other Non Operating Income Expenses": -9832.0,
        "Gain On Sale Of Security": -8473060.0,
        "Net Non Operating Interest Income Expense": -3608818.0,
        "Interest Expense Non Operating": 4218314.0,
        "Interest Income Non Operating": 609496.0,
        "Operating Income": 6556531.0,
        "Operating Expense": 19403979.0,
        "Other Operating Expenses": NaN,
        "Depreciation Amortization Depletion Income Statement": 1745279.0,
        "Depreciation And Amortization In Income Statement": 1745279.0,
        "Depreciation Income Statement": NaN,
        "Selling General And Administration": 17658700.0,
        "Selling And Marketing Expense": 2169197.0,
        "General And Administrative Expense": 15489503.0,
        "Other Gand A": 15489503.0,
        "Salaries And Wages": NaN,
        "Gross Profit": 25960510.0,
        "Cost Of Revenue": 2187981.0,
        "Total Revenue": 28148491.0,
        "Operating Revenue": 28148491.0,
        "Loss Adjustment Expense": NaN,
        "Net Policyholder Benefits And Claims": NaN
    }
}