{
    "2023-04-30": {
        "Tax Effect Of Unusual Items": 0.0,
        "Tax Rate For Calcs": 0.282,
        "Normalized EBITDA": 124000000.0,
        "Net Income From Continuing Operation Net Minority Interest": 51900000.0,
        "Reconciled Depreciation": 30600000.0,
        "EBITDA": 124000000.0,
        "EBIT": 93400000.0,
        "Net Interest Income": -21100000.0,
        "Interest Expense": 21100000.0,
        "Normalized Income": 51900000.0,
        "Net Income From Continuing And Discontinued Operation": 51900000.0,
        "Total Expenses": 1891300000.0,
        "Total Operating Income As Reported": 92700000.0,
        "Diluted Average Shares": 66700000.0,
        "Basic Average Shares": 66400000.0,
        "Diluted EPS": 0.78,
        "Basic EPS": 0.78,
        "Diluted NI Availto Com Stockholders": 51900000.0,
        "Net Income Common Stockholders": 51900000.0,
        "Net Income": 51900000.0,
        "Net Income Including Noncontrolling Interests": 51900000.0,
        "Net Income Continuous Operations": 51900000.0,
        "Tax Provision": 20400000.0,
        "Pretax Income": 72300000.0,
        "Other Income Expense": 600000.0,
        "Earnings From Equity Interest": 600000.0,
        "Net Non Operating Interest Income Expense": -21100000.0,
        "Interest Expense Non Operating": 21100000.0,
        "Operating Income": 92700000.0,
        "Operating Expense": 1891300000.0,
        "Other Operating Expenses": 1715200000.0,
        "Depreciation Amortization Depletion Income Statement": 19500000.0,
        "Depreciation And Amortization In Income Statement": 19500000.0,
        "Amortization": 19500000.0,
        "Amortization Of Intangibles Income Statement": 19500000.0,
        "Selling General And Administration": 156600000.0,
        "Total Revenue": 1984000000.0,
        "Operating Revenue": 1984000000.0
    },
    "2023-01-31": {
        "Tax Effect Of Unusual Items": 0.0,
        "Tax Rate For Calcs": 0.269,
        "Normalized EBITDA": 103000000.0,
        "Net Income From Continuing Operation Net Minority Interest": 38500000.0,
        "Reconciled Depreciation": 30500000.0,
        "EBITDA": 103000000.0,
        "EBIT": 72500000.0,
        "Net Interest Income": -19800000.0,
        "Interest Expense": 19800000.0,
        "Normalized Income": 38500000.0,
        "Net Income From Continuing And Discontinued Operation": 38500000.0,
        "Total Expenses": 1919900000.0,
        "Total Operating Income As Reported": 71400000.0,
        "Diluted Average Shares": 66800000.0,
        "Basic Average Shares": 66300000.0,
        "Diluted EPS": 0.58,
        "Basic EPS": 0.58,
        "Diluted NI Availto Com Stockholders": 38500000.0,
        "Net Income Common Stockholders": 38500000.0,
        "Net Income": 38500000.0,
        "Net Income Including Noncontrolling Interests": 38500000.0,
        "Net Income Continuous Operations": 38500000.0,
        "Tax Provision": 14200000.0,
        "Pretax Income": 52700000.0,
        "Other Income Expense": 1100000.0,
        "Earnings From Equity Interest": 1100000.0,
        "Net Non Operating Interest Income Expense": -19800000.0,
        "Interest Expense Non Operating": 19800000.0,
        "Operating Income": 71400000.0,
        "Operating Expense": 1919900000.0,
        "Other Operating Expenses": 1749800000.0,
        "Depreciation Amortization Depletion Income Statement": 19500000.0,
        "Depreciation And Amortization In Income Statement": 19500000.0,
        "Amortization": 19500000.0,
        "Amortization Of Intangibles Income Statement": 19500000.0,
        "Selling General And Administration": 150600000.0,
        "Total Revenue": 1991300000.0,
        "Operating Revenue": 1991300000.0
    },
    "2022-10-31": {
        "Tax Effect Of Unusual Items": NaN,
        "Tax Rate For Calcs": NaN,
        "Normalized EBITDA": NaN,
        "Net Income From Continuing Operation Net Minority Interest": NaN,
        "Reconciled Depreciation": NaN,
        "EBITDA": NaN,
        "EBIT": NaN,
        "Net Interest Income": NaN,
        "Interest Expense": NaN,
        "Normalized Income": NaN,
        "Net Income From Continuing And Discontinued Operation": NaN,
        "Total Expenses": NaN,
        "Total Operating Income As Reported": NaN,
        "Diluted Average Shares": 66900000.0,
        "Basic Average Shares": 66400000.0,
        "Diluted EPS": 0.73,
        "Basic EPS": 0.74,
        "Diluted NI Availto Com Stockholders": NaN,
        "Net Income Common Stockholders": NaN,
        "Net Income": NaN,
        "Net Income Including Noncontrolling Interests": NaN,
        "Net Income Continuous Operations": NaN,
        "Tax Provision": NaN,
        "Pretax Income": NaN,
        "Other Income Expense": NaN,
        "Earnings From Equity Interest": NaN,
        "Net Non Operating Interest Income Expense": NaN,
        "Interest Expense Non Operating": NaN,
        "Operating Income": NaN,
        "Operating Expense": NaN,
        "Other Operating Expenses": NaN,
        "Depreciation Amortization Depletion Income Statement": NaN,
        "Depreciation And Amortization In Income Statement": NaN,
        "Amortization": NaN,
        "Amortization Of Intangibles Income Statement": NaN,
        "Selling General And Administration": NaN,
        "Total Revenue": NaN,
        "Operating Revenue": NaN
    },
    "2022-07-31": {
        "Tax Effect Of Unusual Items": 0.0,
        "Tax Rate For Calcs": 0.275,
        "Normalized EBITDA": 116700000.0,
        "Net Income From Continuing Operation Net Minority Interest": 56800000.0,
        "Reconciled Depreciation": 27300000.0,
        "EBITDA": 116700000.0,
        "EBIT": 89400000.0,
        "Net Interest Income": -11100000.0,
        "Interest Expense": 11100000.0,
        "Normalized Income": 56800000.0,
        "Net Income From Continuing And Discontinued Operation": 56800000.0,
        "Total Expenses": 1872700000.0,
        "Total Operating Income As Reported": 88700000.0,
        "Diluted Average Shares": 67200000.0,
        "Basic Average Shares": 66800000.0,
        "Diluted EPS": 0.85,
        "Basic EPS": 0.85,
        "Diluted NI Availto Com Stockholders": 56800000.0,
        "Net Income Common Stockholders": 56800000.0,
        "Net Income": 56800000.0,
        "Net Income Including Noncontrolling Interests": 56800000.0,
        "Net Income Continuous Operations": 56800000.0,
        "Tax Provision": 21500000.0,
        "Pretax Income": 78300000.0,
        "Other Income Expense": 800000.0,
        "Earnings From Equity Interest": 800000.0,
        "Net Non Operating Interest Income Expense": -11100000.0,
        "Interest Expense Non Operating": 11100000.0,
        "Operating Income": 88700000.0,
        "Operating Expense": 1872700000.0,
        "Other Operating Expenses": 1696400000.0,
        "Depreciation Amortization Depletion Income Statement": 17700000.0,
        "Depreciation And Amortization In Income Statement": 17700000.0,
        "Amortization": 17700000.0,
        "Amortization Of Intangibles Income Statement": 17700000.0,
        "Selling General And Administration": 158600000.0,
        "Total Revenue": 1961400000.0,
        "Operating Revenue": 1961400000.0
    },
    "2022-04-30": {
        "Diluted EPS": 0.72,
        "Total Revenue": NaN,
        "Gross Profit": 250,
        "Operating Income": 75,
        "EBIT": 101,
        "Net Income": 49
    },
    "2022-01-31": {
        "Diluted EPS": 1.11,
        "Total Revenue": NaN,
        "Gross Profit": 277,
        "Operating Income": 106,
        "EBIT": 132,
        "Net Income": 76
    },
    "2021-10-31": {
        "Diluted EPS": 0.5,
        "Total Revenue": NaN,
        "Gross Profit": 250,
        "Operating Income": 56,
        "EBIT": 78,
        "Net Income": 34
    },
    "2021-07-31": {
        "Diluted EPS": -0.2,
        "Total Revenue": NaN,
        "Gross Profit": 255,
        "Operating Income": -9,
        "EBIT": 11,
        "Net Income": -14
    },
    "2021-04-30": {
        "Diluted EPS": 0.46,
        "Total Revenue": NaN,
        "Gross Profit": 223,
        "Operating Income": 50,
        "EBIT": 71,
        "Net Income": 31
    },
    "2021-01-31": {
        "Diluted EPS": 1.1,
        "Total Revenue": NaN,
        "Gross Profit": 243,
        "Operating Income": 110,
        "EBIT": 130,
        "Net Income": 75
    },
    "2020-10-31": {
        "Diluted EPS": 0.8,
        "Total Revenue": NaN,
        "Gross Profit": 242,
        "Operating Income": 73,
        "EBIT": 267,
        "Net Income": 53
    },
    "2020-07-31": {
        "Diluted EPS": 0.83,
        "Total Revenue": NaN,
        "Gross Profit": 219,
        "Operating Income": 94,
        "EBIT": 116,
        "Net Income": 56
    },
    "2020-04-30": {
        "Diluted EPS": -2.05,
        "Total Revenue": NaN,
        "Gross Profit": 190,
        "Operating Income": -117,
        "EBIT": -94,
        "Net Income": -137
    },
    "2020-01-31": {
        "Diluted EPS": 0.42,
        "Total Revenue": NaN,
        "Gross Profit": 179,
        "Operating Income": 46,
        "EBIT": 69,
        "Net Income": 28
    },
    "2019-10-31": {
        "Diluted EPS": 0.71,
        "Total Revenue": NaN,
        "Gross Profit": 195,
        "Operating Income": 67,
        "EBIT": 91,
        "Net Income": 48
    },
    "2019-07-31": {
        "Diluted EPS": 0.55,
        "Total Revenue": NaN,
        "Gross Profit": 194,
        "Operating Income": 57,
        "EBIT": 80,
        "Net Income": 37
    },
    "2019-04-30": {
        "Diluted EPS": 0.45,
        "Total Revenue": NaN,
        "Gross Profit": 181,
        "Operating Income": 55,
        "EBIT": 82,
        "Net Income": 30
    },
    "2019-01-31": {
        "Diluted EPS": 0.19,
        "Total Revenue": NaN,
        "Gross Profit": 162,
        "Operating Income": 30,
        "EBIT": 57,
        "Net Income": 13
    },
    "2018-10-31": {
        "Diluted EPS": 0.14,
        "Total Revenue": NaN,
        "Gross Profit": 183,
        "Operating Income": 26,
        "EBIT": 76,
        "Net Income": 10
    },
    "2018-07-31": {
        "Diluted EPS": 0.51,
        "Total Revenue": NaN,
        "Gross Profit": 178,
        "Operating Income": 48,
        "EBIT": 77,
        "Net Income": 34
    },
    "2018-04-30": {
        "Diluted EPS": 0.4,
        "Total Revenue": NaN,
        "Gross Profit": 175,
        "Operating Income": 45,
        "EBIT": 74,
        "Net Income": 27
    },
    "2018-01-31": {
        "Diluted EPS": 0.42,
        "Total Revenue": NaN,
        "Gross Profit": 159,
        "Operating Income": 20,
        "EBIT": 49,
        "Net Income": 28
    },
    "2017-10-31": {
        "Diluted EPS": -0.06,
        "Total Revenue": NaN,
        "Gross Profit": 161,
        "Operating Income": 5,
        "EBIT": 31,
        "Net Income": -4
    },
    "2017-07-31": {
        "Diluted EPS": 0.58,
        "Total Revenue": NaN,
        "Gross Profit": 134,
        "Operating Income": 22,
        "EBIT": 37,
        "Net Income": 33
    },
    "2017-04-30": {
        "Diluted EPS": 0.55,
        "Total Revenue": NaN,
        "Gross Profit": 146,
        "Operating Income": 51,
        "EBIT": 66,
        "Net Income": 31
    },
    "2017-01-31": {
        "Diluted EPS": -1.0,
        "Total Revenue": NaN,
        "Gross Profit": 132,
        "Operating Income": 24,
        "EBIT": 38,
        "Net Income": -57
    },
    "2016-10-31": {
        "Diluted EPS": 0.14,
        "Total Revenue": NaN,
        "Gross Profit": 149,
        "Operating Income": 11,
        "EBIT": 25,
        "Net Income": 8
    },
    "2016-07-31": {
        "Diluted EPS": 0.55,
        "Total Revenue": NaN,
        "Gross Profit": 136,
        "Operating Income": 19,
        "EBIT": 32,
        "Net Income": 31
    },
    "2016-04-30": {
        "Diluted EPS": 0.08,
        "Total Revenue": NaN,
        "Gross Profit": 130,
        "Operating Income": 12,
        "EBIT": 27,
        "Net Income": 4
    },
    "2016-01-31": {
        "Diluted EPS": 0.24,
        "Total Revenue": NaN,
        "Gross Profit": 127,
        "Operating Income": 14,
        "EBIT": 28,
        "Net Income": 14
    },
    "2015-10-31": {
        "Diluted EPS": 0.67,
        "Total Revenue": NaN,
        "Gross Profit": 167,
        "Operating Income": 37,
        "EBIT": 52,
        "Net Income": 39
    },
    "2015-07-31": {
        "Diluted EPS": 0.03,
        "Total Revenue": NaN,
        "Gross Profit": 94,
        "Operating Income": -8,
        "EBIT": 7,
        "Net Income": 2
    },
    "2015-04-30": {
        "Diluted EPS": 0.32,
        "Total Revenue": NaN,
        "Gross Profit": 124,
        "Operating Income": 27,
        "EBIT": 41,
        "Net Income": 18
    },
    "2015-01-31": {
        "Diluted EPS": 0.31,
        "Total Revenue": NaN,
        "Gross Profit": 122,
        "Operating Income": 17,
        "EBIT": 31,
        "Net Income": 18
    },
    "2014-10-31": {
        "Diluted EPS": 0.48,
        "Total Revenue": 916,
        "Gross Profit": 112,
        "Operating Income": 29,
        "EBIT": 43,
        "Net Income": 28
    },
    "2014-07-31": {
        "Diluted EPS": 0.34,
        "Total Revenue": NaN,
        "Gross Profit": 131,
        "Operating Income": 34,
        "EBIT": 48,
        "Net Income": 19
    },
    "2014-04-30": {
        "Diluted EPS": 0.27,
        "Total Revenue": NaN,
        "Gross Profit": 128,
        "Operating Income": 28,
        "EBIT": 42,
        "Net Income": 15
    },
    "2014-01-31": {
        "Diluted EPS": 0.23,
        "Total Revenue": NaN,
        "Gross Profit": 118,
        "Operating Income": 24,
        "EBIT": 38,
        "Net Income": 13
    },
    "2013-10-31": {
        "Diluted EPS": 0.42,
        "Total Revenue": 855,
        "Gross Profit": 103,
        "Operating Income": 24,
        "EBIT": 36,
        "Net Income": 24
    },
    "2013-07-31": {
        "Diluted EPS": 0.29,
        "Total Revenue": NaN,
        "Gross Profit": 121,
        "Operating Income": 29,
        "EBIT": 44,
        "Net Income": 16
    },
    "2013-04-30": {
        "Diluted EPS": 0.35,
        "Total Revenue": NaN,
        "Gross Profit": 125,
        "Operating Income": 34,
        "EBIT": 49,
        "Net Income": 19
    },
    "2013-01-31": {
        "Diluted EPS": 0.24,
        "Total Revenue": NaN,
        "Gross Profit": 114,
        "Operating Income": 19,
        "EBIT": 35,
        "Net Income": 13
    },
    "2012-10-31": {
        "Diluted EPS": 0.5,
        "Total Revenue": NaN,
        "Gross Profit": 122,
        "Operating Income": 37,
        "EBIT": 49,
        "Net Income": 28
    },
    "2012-07-31": {
        "Diluted EPS": 0.23,
        "Total Revenue": NaN,
        "Gross Profit": 108,
        "Operating Income": 23,
        "EBIT": 36,
        "Net Income": 13
    },
    "2012-04-30": {
        "Diluted EPS": 0.21,
        "Total Revenue": NaN,
        "Gross Profit": 109,
        "Operating Income": 19,
        "EBIT": 32,
        "Net Income": 12
    },
    "2012-01-31": {
        "Diluted EPS": 0.2,
        "Total Revenue": NaN,
        "Gross Profit": 107,
        "Operating Income": 18,
        "EBIT": 31,
        "Net Income": 11
    },
    "2011-10-31": {
        "Diluted EPS": 0.34,
        "Total Revenue": NaN,
        "Gross Profit": 122,
        "Operating Income": 33,
        "EBIT": 47,
        "Net Income": 18
    },
    "2011-07-31": {
        "Diluted EPS": 0.51,
        "Total Revenue": NaN,
        "Gross Profit": 123,
        "Operating Income": 41,
        "EBIT": 54,
        "Net Income": 28
    },
    "2011-04-30": {
        "Diluted EPS": 0.26,
        "Total Revenue": NaN,
        "Gross Profit": 116,
        "Operating Income": 26,
        "EBIT": 40,
        "Net Income": 14
    },
    "2011-01-31": {
        "Diluted EPS": 0.16,
        "Total Revenue": NaN,
        "Gross Profit": 105,
        "Operating Income": 17,
        "EBIT": 30,
        "Net Income": 8
    },
    "2010-10-31": {
        "Diluted EPS": 0.41,
        "Total Revenue": 901,
        "Gross Profit": 98,
        "Operating Income": 36,
        "EBIT": 46,
        "Net Income": 22
    },
    "2010-07-31": {
        "Diluted EPS": 0.4,
        "Total Revenue": 869,
        "Gross Profit": 93,
        "Operating Income": 35,
        "EBIT": 44,
        "Net Income": 21
    },
    "2010-04-30": {
        "Diluted EPS": 0.16,
        "Total Revenue": 855,
        "Gross Profit": 83,
        "Operating Income": 16,
        "EBIT": 24,
        "Net Income": 9
    },
    "2010-01-31": {
        "Diluted EPS": 0.24,
        "Total Revenue": 870,
        "Gross Profit": 88,
        "Operating Income": 22,
        "EBIT": 31,
        "Net Income": 13
    },
    "2009-10-31": {
        "Diluted EPS": 0.28,
        "Total Revenue": 868,
        "Gross Profit": 89,
        "Operating Income": 23,
        "EBIT": 32,
        "Net Income": 15
    },
    "2009-07-31": {
        "Diluted EPS": 0.24,
        "Total Revenue": 871,
        "Gross Profit": 88,
        "Operating Income": 20,
        "EBIT": 29,
        "Net Income": 12
    },
    "2009-04-30": {
        "Diluted EPS": 0.25,
        "Total Revenue": 856,
        "Gross Profit": 90,
        "Operating Income": 23,
        "EBIT": 31,
        "Net Income": 13
    },
    "2009-01-31": {
        "Diluted EPS": 0.28,
        "Total Revenue": 887,
        "Gross Profit": 100,
        "Operating Income": 26,
        "EBIT": 33,
        "Net Income": 14
    },
    "2023-07-31": {
        "Tax Effect Of Unusual Items": 0.0,
        "Tax Rate For Calcs": 0.177,
        "Normalized EBITDA": 170400000.0,
        "Net Income From Continuing Operation Net Minority Interest": 98100000.0,
        "Reconciled Depreciation": 30200000.0,
        "EBITDA": 170400000.0,
        "EBIT": 140200000.0,
        "Net Interest Income": -20900000.0,
        "Interest Expense": 20900000.0,
        "Normalized Income": 98100000.0,
        "Net Income From Continuing And Discontinued Operation": 98100000.0,
        "Total Expenses": 1889300000.0,
        "Total Operating Income As Reported": 138900000.0,
        "Diluted Average Shares": 66600000.0,
        "Basic Average Shares": 66300000.0,
        "Diluted EPS": 1.47,
        "Basic EPS": 1.48,
        "Diluted NI Availto Com Stockholders": 98100000.0,
        "Net Income Common Stockholders": 98100000.0,
        "Net Income": 98100000.0,
        "Net Income Including Noncontrolling Interests": 98100000.0,
        "Net Income Continuous Operations": 98100000.0,
        "Tax Provision": 21200000.0,
        "Pretax Income": 119300000.0,
        "Other Income Expense": 1200000.0,
        "Earnings From Equity Interest": 1200000.0,
        "Net Non Operating Interest Income Expense": -20900000.0,
        "Interest Expense Non Operating": 20900000.0,
        "Operating Income": 138900000.0,
        "Operating Expense": 1889300000.0,
        "Other Operating Expenses": 1765800000.0,
        "Depreciation Amortization Depletion Income Statement": 19200000.0,
        "Depreciation And Amortization In Income Statement": 19200000.0,
        "Amortization": 19200000.0,
        "Amortization Of Intangibles Income Statement": 19200000.0,
        "Selling General And Administration": 104300000.0,
        "Total Revenue": 2028200000.0,
        "Operating Revenue": 2028200000.0
    },
    "2023-10-31": {
        "Tax Effect Of Unusual Items": 0.0,
        "Tax Rate For Calcs": 0.27618,
        "Normalized EBITDA": 136800000.0,
        "Net Income From Continuing Operation Net Minority Interest": 62800000.0,
        "Reconciled Depreciation": 29400000.0,
        "EBITDA": 136800000.0,
        "EBIT": 107400000.0,
        "Net Interest Income": -20500000.0,
        "Interest Expense": 20500000.0,
        "Normalized Income": 62800000.0,
        "Net Income From Continuing And Discontinued Operation": 62800000.0,
        "Total Expenses": 1986500000.0,
        "Total Operating Income As Reported": 106400000.0,
        "Diluted Average Shares": NaN,
        "Basic Average Shares": NaN,
        "Diluted EPS": NaN,
        "Basic EPS": NaN,
        "Diluted NI Availto Com Stockholders": 62800000.0,
        "Net Income Common Stockholders": 62800000.0,
        "Net Income": 62800000.0,
        "Net Income Including Noncontrolling Interests": 62800000.0,
        "Net Income Continuous Operations": 62800000.0,
        "Tax Provision": 24000000.0,
        "Pretax Income": 86900000.0,
        "Other Income Expense": 900000.0,
        "Earnings From Equity Interest": 900000.0,
        "Net Non Operating Interest Income Expense": -20500000.0,
        "Interest Expense Non Operating": 20500000.0,
        "Operating Income": 106400000.0,
        "Operating Expense": 1986500000.0,
        "Other Operating Expenses": 1806900000.0,
        "Depreciation Amortization Depletion Income Statement": 18300000.0,
        "Depreciation And Amortization In Income Statement": 18300000.0,
        "Amortization": 18300000.0,
        "Amortization Of Intangibles Income Statement": 18300000.0,
        "Selling General And Administration": 161300000.0,
        "Total Revenue": 2092900000.0,
        "Operating Revenue": 2092900000.0
    },
    "2024-01-31": {
        "Tax Effect Of Unusual Items": 0.0,
        "Tax Rate For Calcs": 0.173,
        "Normalized EBITDA": 102200000.0,
        "Net Income From Continuing Operation Net Minority Interest": 44700000.0,
        "Reconciled Depreciation": 26900000.0,
        "EBITDA": 102200000.0,
        "EBIT": 75300000.0,
        "Net Interest Income": -21300000.0,
        "Interest Expense": 21300000.0,
        "Normalized Income": 44700000.0,
        "Net Income From Continuing And Discontinued Operation": 44700000.0,
        "Total Expenses": 1995500000.0,
        "Total Operating Income As Reported": 74100000.0,
        "Diluted Average Shares": 63900000.0,
        "Basic Average Shares": 63500000.0,
        "Diluted EPS": 0.7,
        "Basic EPS": 0.7,
        "Diluted NI Availto Com Stockholders": 44700000.0,
        "Net Income Common Stockholders": 44700000.0,
        "Net Income": 44700000.0,
        "Net Income Including Noncontrolling Interests": 44700000.0,
        "Net Income Continuous Operations": 44700000.0,
        "Tax Provision": 9300000.0,
        "Pretax Income": 54000000.0,
        "Other Income Expense": 1300000.0,
        "Earnings From Equity Interest": 1300000.0,
        "Net Non Operating Interest Income Expense": -21300000.0,
        "Interest Expense Non Operating": 21300000.0,
        "Operating Income": 74100000.0,
        "Operating Expense": 1995500000.0,
        "Other Operating Expenses": 1826300000.0,
        "Depreciation Amortization Depletion Income Statement": 14600000.0,
        "Depreciation And Amortization In Income Statement": 14600000.0,
        "Amortization": 14600000.0,
        "Amortization Of Intangibles Income Statement": 14600000.0,
        "Selling General And Administration": 154600000.0,
        "Total Revenue": 2069600000.0,
        "Operating Revenue": 2069600000.0
    }
}