{
    "2023-03-31": {
        "Tax Effect Of Unusual Items": NaN,
        "Tax Rate For Calcs": NaN,
        "Normalized EBITDA": NaN,
        "Total Unusual Items": NaN,
        "Total Unusual Items Excluding Goodwill": NaN,
        "Net Income From Continuing Operation Net Minority Interest": NaN,
        "Reconciled Depreciation": NaN,
        "Reconciled Cost Of Revenue": NaN,
        "EBITDA": NaN,
        "EBIT": NaN,
        "Net Interest Income": NaN,
        "Interest Expense": 4000000.0,
        "Interest Income": NaN,
        "Normalized Income": NaN,
        "Net Income From Continuing And Discontinued Operation": NaN,
        "Total Expenses": NaN,
        "Total Operating Income As Reported": NaN,
        "Diluted Average Shares": NaN,
        "Basic Average Shares": NaN,
        "Diluted EPS": NaN,
        "Basic EPS": NaN,
        "Diluted NI Availto Com Stockholders": NaN,
        "Average Dilution Earnings": NaN,
        "Net Income Common Stockholders": NaN,
        "Net Income": NaN,
        "Net Income Including Noncontrolling Interests": NaN,
        "Net Income Continuous Operations": NaN,
        "Tax Provision": NaN,
        "Pretax Income": NaN,
        "Other Income Expense": NaN,
        "Other Non Operating Income Expenses": NaN,
        "Special Income Charges": NaN,
        "Restructuring And Mergern Acquisition": NaN,
        "Net Non Operating Interest Income Expense": NaN,
        "Interest Expense Non Operating": 4000000.0,
        "Interest Income Non Operating": NaN,
        "Operating Income": NaN,
        "Operating Expense": NaN,
        "Other Operating Expenses": NaN,
        "Research And Development": NaN,
        "Selling General And Administration": NaN,
        "Selling And Marketing Expense": NaN,
        "General And Administrative Expense": NaN,
        "Other Gand A": NaN,
        "Gross Profit": NaN,
        "Cost Of Revenue": NaN,
        "Total Revenue": NaN,
        "Operating Revenue": NaN
    },
    "2022-12-31": {
        "Tax Effect Of Unusual Items": NaN,
        "Tax Rate For Calcs": NaN,
        "Normalized EBITDA": NaN,
        "Total Unusual Items": 112000.0,
        "Total Unusual Items Excluding Goodwill": 112000.0,
        "Net Income From Continuing Operation Net Minority Interest": NaN,
        "Reconciled Depreciation": NaN,
        "Reconciled Cost Of Revenue": NaN,
        "EBITDA": NaN,
        "EBIT": NaN,
        "Net Interest Income": NaN,
        "Interest Expense": 5071000.0,
        "Interest Income": NaN,
        "Normalized Income": NaN,
        "Net Income From Continuing And Discontinued Operation": NaN,
        "Total Expenses": NaN,
        "Total Operating Income As Reported": NaN,
        "Diluted Average Shares": NaN,
        "Basic Average Shares": NaN,
        "Diluted EPS": NaN,
        "Basic EPS": NaN,
        "Diluted NI Availto Com Stockholders": NaN,
        "Average Dilution Earnings": NaN,
        "Net Income Common Stockholders": NaN,
        "Net Income": NaN,
        "Net Income Including Noncontrolling Interests": NaN,
        "Net Income Continuous Operations": NaN,
        "Tax Provision": NaN,
        "Pretax Income": NaN,
        "Other Income Expense": NaN,
        "Other Non Operating Income Expenses": NaN,
        "Special Income Charges": 112000.0,
        "Restructuring And Mergern Acquisition": -112000.0,
        "Net Non Operating Interest Income Expense": NaN,
        "Interest Expense Non Operating": 5071000.0,
        "Interest Income Non Operating": NaN,
        "Operating Income": NaN,
        "Operating Expense": NaN,
        "Other Operating Expenses": NaN,
        "Research And Development": NaN,
        "Selling General And Administration": NaN,
        "Selling And Marketing Expense": NaN,
        "General And Administrative Expense": NaN,
        "Other Gand A": NaN,
        "Gross Profit": NaN,
        "Cost Of Revenue": NaN,
        "Total Revenue": NaN,
        "Operating Revenue": NaN
    },
    "2022-09-30": {
        "Tax Effect Of Unusual Items": NaN,
        "Tax Rate For Calcs": NaN,
        "Normalized EBITDA": NaN,
        "Total Unusual Items": 0.0,
        "Total Unusual Items Excluding Goodwill": 0.0,
        "Net Income From Continuing Operation Net Minority Interest": NaN,
        "Reconciled Depreciation": NaN,
        "Reconciled Cost Of Revenue": NaN,
        "EBITDA": NaN,
        "EBIT": NaN,
        "Net Interest Income": NaN,
        "Interest Expense": NaN,
        "Interest Income": NaN,
        "Normalized Income": NaN,
        "Net Income From Continuing And Discontinued Operation": NaN,
        "Total Expenses": NaN,
        "Total Operating Income As Reported": NaN,
        "Diluted Average Shares": NaN,
        "Basic Average Shares": NaN,
        "Diluted EPS": NaN,
        "Basic EPS": NaN,
        "Diluted NI Availto Com Stockholders": NaN,
        "Average Dilution Earnings": 1000000.0,
        "Net Income Common Stockholders": NaN,
        "Net Income": NaN,
        "Net Income Including Noncontrolling Interests": NaN,
        "Net Income Continuous Operations": NaN,
        "Tax Provision": NaN,
        "Pretax Income": NaN,
        "Other Income Expense": NaN,
        "Other Non Operating Income Expenses": NaN,
        "Special Income Charges": 0.0,
        "Restructuring And Mergern Acquisition": 0.0,
        "Net Non Operating Interest Income Expense": NaN,
        "Interest Expense Non Operating": NaN,
        "Interest Income Non Operating": NaN,
        "Operating Income": NaN,
        "Operating Expense": NaN,
        "Other Operating Expenses": NaN,
        "Research And Development": NaN,
        "Selling General And Administration": NaN,
        "Selling And Marketing Expense": NaN,
        "General And Administrative Expense": NaN,
        "Other Gand A": NaN,
        "Gross Profit": NaN,
        "Cost Of Revenue": NaN,
        "Total Revenue": NaN,
        "Operating Revenue": NaN
    },
    "2022-06-30": {
        "Tax Effect Of Unusual Items": -989093.526419,
        "Tax Rate For Calcs": 0.011146,
        "Normalized EBITDA": 505342000.0,
        "Total Unusual Items": -88743000.0,
        "Total Unusual Items Excluding Goodwill": -88743000.0,
        "Net Income From Continuing Operation Net Minority Interest": 378841000.0,
        "Reconciled Depreciation": 26005000.0,
        "Reconciled Cost Of Revenue": 390107000.0,
        "EBITDA": 416599000.0,
        "EBIT": 390594000.0,
        "Net Interest Income": 12764000.0,
        "Interest Expense": 7483000.0,
        "Interest Income": 20247000.0,
        "Normalized Income": 466594906.473581,
        "Net Income From Continuing And Discontinued Operation": 378841000.0,
        "Total Expenses": 1646541000.0,
        "Total Operating Income As Reported": 368823000.0,
        "Diluted Average Shares": 684000000.0,
        "Basic Average Shares": 638000000.0,
        "Diluted EPS": 0.56,
        "Basic EPS": 0.59,
        "Diluted NI Availto Com Stockholders": 378841000.0,
        "Average Dilution Earnings": NaN,
        "Net Income Common Stockholders": 378841000.0,
        "Net Income": 378841000.0,
        "Net Income Including Noncontrolling Interests": 378841000.0,
        "Net Income Continuous Operations": 378841000.0,
        "Tax Provision": 4270000.0,
        "Pretax Income": 383111000.0,
        "Other Income Expense": -87219000.0,
        "Other Non Operating Income Expenses": 1524000.0,
        "Special Income Charges": -88743000.0,
        "Restructuring And Mergern Acquisition": 88743000.0,
        "Net Non Operating Interest Income Expense": 12764000.0,
        "Interest Expense Non Operating": 7483000.0,
        "Interest Income Non Operating": 20247000.0,
        "Operating Income": 457566000.0,
        "Operating Expense": 1256434000.0,
        "Other Operating Expenses": 258255000.0,
        "Research And Development": 375050000.0,
        "Selling General And Administration": 623129000.0,
        "Selling And Marketing Expense": 379875000.0,
        "General And Administrative Expense": 243254000.0,
        "Other Gand A": 243254000.0,
        "Salaries And Wages": NaN,
        "Gross Profit": 1714000000.0,
        "Cost Of Revenue": 390107000.0,
        "Total Revenue": 2104107000.0,
        "Operating Revenue": 2104107000.0
    },
    "2023-06-30": {
        "Tax Effect Of Unusual Items": NaN,
        "Tax Rate For Calcs": NaN,
        "Normalized EBITDA": NaN,
        "Total Unusual Items": 0.0,
        "Total Unusual Items Excluding Goodwill": 0.0,
        "Net Income From Continuing Operation Net Minority Interest": NaN,
        "Reconciled Depreciation": NaN,
        "Reconciled Cost Of Revenue": NaN,
        "EBITDA": NaN,
        "EBIT": NaN,
        "Net Interest Income": NaN,
        "Interest Expense": 2000000.0,
        "Interest Income": NaN,
        "Normalized Income": NaN,
        "Net Income From Continuing And Discontinued Operation": NaN,
        "Total Expenses": NaN,
        "Total Operating Income As Reported": NaN,
        "Diluted Average Shares": NaN,
        "Basic Average Shares": NaN,
        "Diluted EPS": NaN,
        "Basic EPS": NaN,
        "Diluted NI Availto Com Stockholders": NaN,
        "Average Dilution Earnings": 1000000.0,
        "Net Income Common Stockholders": NaN,
        "Net Income": NaN,
        "Net Income Including Noncontrolling Interests": NaN,
        "Net Income Continuous Operations": NaN,
        "Tax Provision": NaN,
        "Pretax Income": NaN,
        "Other Income Expense": NaN,
        "Other Non Operating Income Expenses": NaN,
        "Special Income Charges": 0.0,
        "Restructuring And Mergern Acquisition": 0.0,
        "Net Non Operating Interest Income Expense": NaN,
        "Interest Expense Non Operating": 2000000.0,
        "Interest Income Non Operating": NaN,
        "Operating Income": NaN,
        "Operating Expense": NaN,
        "Other Operating Expenses": NaN,
        "Research And Development": NaN,
        "Selling General And Administration": NaN,
        "Selling And Marketing Expense": NaN,
        "General And Administrative Expense": NaN,
        "Other Gand A": NaN,
        "Gross Profit": NaN,
        "Cost Of Revenue": NaN,
        "Total Revenue": NaN,
        "Operating Revenue": NaN
    },
    "2022-03-31": {
        "Diluted EPS": -0.03,
        "Total Revenue": NaN,
        "Gross Profit": NaN,
        "Operating Income": -5,
        "EBIT": 24,
        "Net Income": -19
    },
    "2021-12-31": {
        "Diluted EPS": 0.27,
        "Total Revenue": NaN,
        "Gross Profit": NaN,
        "Operating Income": 75,
        "EBIT": 98,
        "Net Income": 55
    },
    "2021-09-30": {
        "Diluted EPS": 1.22,
        "Total Revenue": NaN,
        "Gross Profit": NaN,
        "Operating Income": 852,
        "EBIT": 887,
        "Net Income": 834
    },
    "2021-06-30": {
        "Diluted EPS": -0.11,
        "Total Revenue": NaN,
        "Gross Profit": NaN,
        "Operating Income": -51,
        "EBIT": -15,
        "Net Income": -68
    },
    "2021-03-31": {
        "Diluted EPS": -1.95,
        "Total Revenue": 887,
        "Gross Profit": 632,
        "Operating Income": -447,
        "EBIT": -403,
        "Net Income": NaN
    },
    "2020-12-31": {
        "Diluted EPS": -11.24,
        "Total Revenue": 859,
        "Gross Profit": 650,
        "Operating Income": NaN,
        "EBIT": NaN,
        "Net Income": NaN
    },
    "2020-09-30": {
        "Diluted EPS": 0.73,
        "Total Revenue": NaN,
        "Gross Profit": NaN,
        "Operating Income": 419,
        "EBIT": 460,
        "Net Income": 219
    },
    "2020-06-30": {
        "Diluted EPS": -2.18,
        "Total Revenue": 335,
        "Gross Profit": 174,
        "Operating Income": -583,
        "EBIT": -553,
        "Net Income": -576
    },
    "2020-03-31": {
        "Diluted EPS": -1.3,
        "Total Revenue": 842,
        "Gross Profit": 564,
        "Operating Income": -325,
        "EBIT": -292,
        "Net Income": -341
    },
    "2019-12-31": {
        "Diluted EPS": 0.0,
        "Total Revenue": NaN,
        "Gross Profit": NaN,
        "Operating Income": NaN,
        "EBIT": NaN,
        "Net Income": NaN
    },
    "2018-12-31": {
        "Diluted EPS": 0.0,
        "Total Revenue": NaN,
        "Gross Profit": NaN,
        "Operating Income": NaN,
        "EBIT": NaN,
        "Net Income": NaN
    },
    "2017-12-31": {
        "Diluted EPS": 0.0,
        "Total Revenue": NaN,
        "Gross Profit": NaN,
        "Operating Income": NaN,
        "EBIT": NaN,
        "Net Income": NaN
    },
    "2023-09-30": {
        "Tax Effect Of Unusual Items": 0.0,
        "Tax Rate For Calcs": 0.21,
        "Normalized EBITDA": 1504000000.0,
        "Total Unusual Items": 0.0,
        "Total Unusual Items Excluding Goodwill": 0.0,
        "Net Income From Continuing Operation Net Minority Interest": 4374000000.0,
        "Reconciled Depreciation": 8000000.0,
        "Reconciled Cost Of Revenue": 459000000.0,
        "EBITDA": 1504000000.0,
        "EBIT": 1496000000.0,
        "Net Interest Income": 192000000.0,
        "Interest Expense": 6000000.0,
        "Interest Income": 192000000.0,
        "Normalized Income": 4374000000.0,
        "Net Income From Continuing And Discontinued Operation": 4374000000.0,
        "Total Expenses": 1901000000.0,
        "Total Operating Income As Reported": 1496000000.0,
        "Diluted Average Shares": 660000000.0,
        "Basic Average Shares": 640000000.0,
        "Diluted EPS": 6.63,
        "Basic EPS": 6.83,
        "Diluted NI Availto Com Stockholders": 4375000000.0,
        "Average Dilution Earnings": 1000000.0,
        "Net Income Common Stockholders": 4374000000.0,
        "Net Income": 4374000000.0,
        "Net Income Including Noncontrolling Interests": 4374000000.0,
        "Net Income Continuous Operations": 4374000000.0,
        "Tax Provision": -2695000000.0,
        "Pretax Income": 1679000000.0,
        "Other Income Expense": -9000000.0,
        "Other Non Operating Income Expenses": -9000000.0,
        "Special Income Charges": 0.0,
        "Restructuring And Mergern Acquisition": 0.0,
        "Net Non Operating Interest Income Expense": 192000000.0,
        "Interest Expense Non Operating": 6000000.0,
        "Interest Income Non Operating": 192000000.0,
        "Operating Income": 1496000000.0,
        "Operating Expense": 1442000000.0,
        "Other Operating Expenses": 316000000.0,
        "Research And Development": 419000000.0,
        "Selling General And Administration": 707000000.0,
        "Selling And Marketing Expense": 403000000.0,
        "General And Administrative Expense": 304000000.0,
        "Other Gand A": 304000000.0,
        "Gross Profit": 2938000000.0,
        "Cost Of Revenue": 459000000.0,
        "Total Revenue": 3397000000.0,
        "Operating Revenue": 3397000000.0
    },
    "2023-12-31": {
        "Tax Effect Of Unusual Items": 0.0,
        "Tax Rate For Calcs": 0.088773,
        "Normalized EBITDA": -296000000.0,
        "Total Unusual Items": 0.0,
        "Total Unusual Items Excluding Goodwill": 0.0,
        "Net Income From Continuing Operation Net Minority Interest": -349000000.0,
        "Reconciled Depreciation": 16000000.0,
        "Reconciled Cost Of Revenue": 384000000.0,
        "EBITDA": -296000000.0,
        "EBIT": -312000000.0,
        "Net Interest Income": 121000000.0,
        "Interest Expense": 71000000.0,
        "Interest Income": 192000000.0,
        "Normalized Income": -349000000.0,
        "Net Income From Continuing And Discontinued Operation": -349000000.0,
        "Total Expenses": 2714000000.0,
        "Total Operating Income As Reported": -496000000.0,
        "Diluted Average Shares": 640000000.0,
        "Basic Average Shares": 640000000.0,
        "Diluted EPS": -0.55,
        "Basic EPS": -0.55,
        "Diluted NI Availto Com Stockholders": -351000000.0,
        "Average Dilution Earnings": NaN,
        "Net Income Common Stockholders": -349000000.0,
        "Net Income": -349000000.0,
        "Net Income Including Noncontrolling Interests": -349000000.0,
        "Net Income Continuous Operations": -349000000.0,
        "Tax Provision": -34000000.0,
        "Pretax Income": -383000000.0,
        "Other Income Expense": -8000000.0,
        "Other Non Operating Income Expenses": -8000000.0,
        "Special Income Charges": 0.0,
        "Restructuring And Mergern Acquisition": 0.0,
        "Net Non Operating Interest Income Expense": 121000000.0,
        "Interest Expense Non Operating": 71000000.0,
        "Interest Income Non Operating": 192000000.0,
        "Operating Income": -496000000.0,
        "Operating Expense": 2330000000.0,
        "Other Operating Expenses": 271000000.0,
        "Research And Development": 432000000.0,
        "Selling General And Administration": 1627000000.0,
        "Selling And Marketing Expense": 424000000.0,
        "General And Administrative Expense": 1203000000.0,
        "Other Gand A": 1203000000.0,
        "Gross Profit": 1834000000.0,
        "Cost Of Revenue": 384000000.0,
        "Total Revenue": 2218000000.0,
        "Operating Revenue": 2218000000.0
    },
    "2024-03-31": {
        "Tax Effect Of Unusual Items": 0.0,
        "Tax Rate For Calcs": 0.098976,
        "Normalized EBITDA": 115000000.0,
        "Total Unusual Items": NaN,
        "Total Unusual Items Excluding Goodwill": NaN,
        "Net Income From Continuing Operation Net Minority Interest": 264000000.0,
        "Reconciled Depreciation": 14000000.0,
        "Reconciled Cost Of Revenue": 480000000.0,
        "EBITDA": 115000000.0,
        "EBIT": 101000000.0,
        "Net Interest Income": 202000000.0,
        "Interest Expense": NaN,
        "Interest Income": 202000000.0,
        "Normalized Income": 264000000.0,
        "Net Income From Continuing And Discontinued Operation": 264000000.0,
        "Total Expenses": 2041000000.0,
        "Total Operating Income As Reported": 101000000.0,
        "Diluted Average Shares": 654000000.0,
        "Basic Average Shares": 638000000.0,
        "Diluted EPS": 0.41,
        "Basic EPS": 0.41,
        "Diluted NI Availto Com Stockholders": 265000000.0,
        "Average Dilution Earnings": 1000000.0,
        "Net Income Common Stockholders": 264000000.0,
        "Net Income": 264000000.0,
        "Net Income Including Noncontrolling Interests": 264000000.0,
        "Net Income Continuous Operations": 264000000.0,
        "Tax Provision": 29000000.0,
        "Pretax Income": 293000000.0,
        "Other Income Expense": -10000000.0,
        "Other Non Operating Income Expenses": -10000000.0,
        "Special Income Charges": NaN,
        "Restructuring And Mergern Acquisition": NaN,
        "Net Non Operating Interest Income Expense": 202000000.0,
        "Interest Expense Non Operating": NaN,
        "Interest Income Non Operating": 202000000.0,
        "Operating Income": 101000000.0,
        "Operating Expense": 1561000000.0,
        "Other Operating Expenses": 285000000.0,
        "Research And Development": 475000000.0,
        "Selling General And Administration": 801000000.0,
        "Selling And Marketing Expense": 514000000.0,
        "General And Administrative Expense": 287000000.0,
        "Other Gand A": 287000000.0,
        "Gross Profit": 1662000000.0,
        "Cost Of Revenue": 480000000.0,
        "Total Revenue": 2142000000.0,
        "Operating Revenue": 2142000000.0
    },
    "2024-06-30": {
        "Tax Effect Of Unusual Items": 0.0,
        "Tax Rate For Calcs": 0.185022,
        "Normalized EBITDA": 511000000.0,
        "Total Unusual Items": NaN,
        "Total Unusual Items Excluding Goodwill": NaN,
        "Net Income From Continuing Operation Net Minority Interest": 555000000.0,
        "Reconciled Depreciation": 14000000.0,
        "Reconciled Cost Of Revenue": 506000000.0,
        "EBITDA": 511000000.0,
        "EBIT": 497000000.0,
        "Net Interest Income": 226000000.0,
        "Interest Expense": NaN,
        "Interest Income": 226000000.0,
        "Normalized Income": 555000000.0,
        "Net Income From Continuing And Discontinued Operation": 555000000.0,
        "Total Expenses": 2251000000.0,
        "Total Operating Income As Reported": 497000000.0,
        "Diluted Average Shares": 649000000.0,
        "Basic Average Shares": 635000000.0,
        "Diluted EPS": 0.86,
        "Basic EPS": 0.87,
        "Diluted NI Availto Com Stockholders": 556000000.0,
        "Average Dilution Earnings": 1000000.0,
        "Net Income Common Stockholders": 555000000.0,
        "Net Income": 555000000.0,
        "Net Income Including Noncontrolling Interests": 555000000.0,
        "Net Income Continuous Operations": 555000000.0,
        "Tax Provision": 126000000.0,
        "Pretax Income": 681000000.0,
        "Other Income Expense": -42000000.0,
        "Other Non Operating Income Expenses": -42000000.0,
        "Special Income Charges": NaN,
        "Restructuring And Mergern Acquisition": NaN,
        "Net Non Operating Interest Income Expense": 226000000.0,
        "Interest Expense Non Operating": NaN,
        "Interest Income Non Operating": 226000000.0,
        "Operating Income": 497000000.0,
        "Operating Expense": 1745000000.0,
        "Other Operating Expenses": 338000000.0,
        "Research And Development": 519000000.0,
        "Selling General And Administration": 888000000.0,
        "Selling And Marketing Expense": 573000000.0,
        "General And Administrative Expense": 315000000.0,
        "Other Gand A": 315000000.0,
        "Gross Profit": 2242000000.0,
        "Cost Of Revenue": 506000000.0,
        "Total Revenue": 2748000000.0,
        "Operating Revenue": 2748000000.0
    },
    "2024-09-30": {
        "Tax Effect Of Unusual Items": 0.0,
        "Tax Rate For Calcs": 0.211527,
        "Normalized EBITDA": 1540000000.0,
        "Total Unusual Items": NaN,
        "Total Unusual Items Excluding Goodwill": NaN,
        "Net Income From Continuing Operation Net Minority Interest": 1368000000.0,
        "Reconciled Depreciation": 15000000.0,
        "Reconciled Cost Of Revenue": 465000000.0,
        "EBITDA": 1540000000.0,
        "EBIT": 1525000000.0,
        "Net Interest Income": 207000000.0,
        "Interest Expense": NaN,
        "Interest Income": 207000000.0,
        "Normalized Income": 1368000000.0,
        "Net Income From Continuing And Discontinued Operation": 1368000000.0,
        "Total Expenses": 2207000000.0,
        "Total Operating Income As Reported": 1525000000.0,
        "Diluted Average Shares": 642000000.0,
        "Basic Average Shares": 631000000.0,
        "Diluted EPS": 2.13,
        "Basic EPS": 2.17,
        "Diluted NI Availto Com Stockholders": 1369000000.0,
        "Average Dilution Earnings": 1000000.0,
        "Net Income Common Stockholders": 1368000000.0,
        "Net Income": 1368000000.0,
        "Net Income Including Noncontrolling Interests": 1368000000.0,
        "Net Income Continuous Operations": 1368000000.0,
        "Tax Provision": 367000000.0,
        "Pretax Income": 1735000000.0,
        "Other Income Expense": 3000000.0,
        "Other Non Operating Income Expenses": 3000000.0,
        "Special Income Charges": NaN,
        "Restructuring And Mergern Acquisition": NaN,
        "Net Non Operating Interest Income Expense": 207000000.0,
        "Interest Expense Non Operating": NaN,
        "Interest Income Non Operating": 207000000.0,
        "Operating Income": 1525000000.0,
        "Operating Expense": 1742000000.0,
        "Other Operating Expenses": 369000000.0,
        "Research And Development": 524000000.0,
        "Selling General And Administration": 849000000.0,
        "Selling And Marketing Expense": 514000000.0,
        "General And Administrative Expense": 335000000.0,
        "Other Gand A": 335000000.0,
        "Gross Profit": 3267000000.0,
        "Cost Of Revenue": 465000000.0,
        "Total Revenue": 3732000000.0,
        "Operating Revenue": 3732000000.0
    }
}