{
    "2023-03-31": {
        "Tax Effect Of Unusual Items": 0.0,
        "Tax Rate For Calcs": 0.0,
        "Normalized EBITDA": -11255000.0,
        "Total Unusual Items": NaN,
        "Total Unusual Items Excluding Goodwill": NaN,
        "Net Income From Continuing Operation Net Minority Interest": -11307000.0,
        "Reconciled Depreciation": 52000.0,
        "EBITDA": -11255000.0,
        "EBIT": -11307000.0,
        "Net Interest Income": 1832000.0,
        "Interest Expense": 0.0,
        "Interest Income": 1832000.0,
        "Normalized Income": -11307000.0,
        "Net Income From Continuing And Discontinued Operation": -11307000.0,
        "Total Expenses": 13135000.0,
        "Total Operating Income As Reported": -13135000.0,
        "Diluted Average Shares": 41025062.0,
        "Basic Average Shares": 41025062.0,
        "Diluted EPS": -0.28,
        "Basic EPS": -0.28,
        "Diluted NI Availto Com Stockholders": -11307000.0,
        "Net Income Common Stockholders": -11307000.0,
        "Net Income": -11307000.0,
        "Net Income Including Noncontrolling Interests": -11307000.0,
        "Net Income Continuous Operations": -11307000.0,
        "Pretax Income": -11307000.0,
        "Other Income Expense": -4000.0,
        "Other Non Operating Income Expenses": -4000.0,
        "Gain On Sale Of Security": NaN,
        "Net Non Operating Interest Income Expense": 1832000.0,
        "Interest Expense Non Operating": 0.0,
        "Interest Income Non Operating": 1832000.0,
        "Operating Income": -13135000.0,
        "Operating Expense": 13135000.0,
        "Research And Development": 8713000.0,
        "Selling General And Administration": 4422000.0,
        "General And Administrative Expense": 4422000.0,
        "Other Gand A": 4422000.0,
        "Total Revenue": 0.0,
        "Operating Revenue": 0.0
    },
    "2022-12-31": {
        "Tax Effect Of Unusual Items": 0.0,
        "Tax Rate For Calcs": 0.0,
        "Normalized EBITDA": -14199000.0,
        "Net Income From Continuing Operation Net Minority Interest": -12866000.0,
        "Reconciled Depreciation": 49000.0,
        "EBITDA": -14199000.0,
        "EBIT": -14248000.0,
        "Net Interest Income": 1392000.0,
        "Interest Income": 1392000.0,
        "Normalized Income": -12866000.0,
        "Net Income From Continuing And Discontinued Operation": -12866000.0,
        "Total Expenses": 14248000.0,
        "Total Operating Income As Reported": -14248000.0,
        "Diluted Average Shares": NaN,
        "Basic Average Shares": NaN,
        "Diluted EPS": NaN,
        "Basic EPS": NaN,
        "Diluted NI Availto Com Stockholders": -12866000.0,
        "Net Income Common Stockholders": -12866000.0,
        "Net Income": -12866000.0,
        "Net Income Including Noncontrolling Interests": -12866000.0,
        "Net Income Continuous Operations": -12866000.0,
        "Pretax Income": -12866000.0,
        "Other Income Expense": -10000.0,
        "Other Non Operating Income Expenses": -10000.0,
        "Net Non Operating Interest Income Expense": 1392000.0,
        "Interest Income Non Operating": 1392000.0,
        "Operating Income": -14248000.0,
        "Operating Expense": 14248000.0,
        "Research And Development": 10746000.0,
        "Selling General And Administration": 3502000.0,
        "General And Administrative Expense": 3502000.0,
        "Other Gand A": 3502000.0,
        "Total Revenue": 0.0,
        "Operating Revenue": 0.0
    },
    "2022-09-30": {
        "Tax Effect Of Unusual Items": NaN,
        "Tax Rate For Calcs": NaN,
        "Normalized EBITDA": NaN,
        "Total Unusual Items": NaN,
        "Total Unusual Items Excluding Goodwill": NaN,
        "Net Income From Continuing Operation Net Minority Interest": NaN,
        "Reconciled Depreciation": NaN,
        "EBITDA": NaN,
        "EBIT": NaN,
        "Net Interest Income": NaN,
        "Interest Expense": NaN,
        "Interest Income": NaN,
        "Normalized Income": NaN,
        "Net Income From Continuing And Discontinued Operation": NaN,
        "Total Expenses": NaN,
        "Total Operating Income As Reported": NaN,
        "Diluted Average Shares": 40502860.0,
        "Basic Average Shares": 40502860.0,
        "Diluted EPS": -0.26,
        "Basic EPS": -0.26,
        "Diluted NI Availto Com Stockholders": NaN,
        "Net Income Common Stockholders": NaN,
        "Net Income": NaN,
        "Net Income Including Noncontrolling Interests": NaN,
        "Net Income Continuous Operations": NaN,
        "Pretax Income": NaN,
        "Other Income Expense": NaN,
        "Other Non Operating Income Expenses": NaN,
        "Gain On Sale Of Security": NaN,
        "Net Non Operating Interest Income Expense": NaN,
        "Interest Expense Non Operating": NaN,
        "Interest Income Non Operating": NaN,
        "Operating Income": NaN,
        "Operating Expense": NaN,
        "Research And Development": NaN,
        "Selling General And Administration": NaN,
        "General And Administrative Expense": NaN,
        "Other Gand A": NaN,
        "Total Revenue": NaN,
        "Operating Revenue": NaN
    },
    "2022-06-30": {
        "Tax Effect Of Unusual Items": 0.0,
        "Tax Rate For Calcs": 0.0,
        "Normalized EBITDA": -10372000.0,
        "Net Income From Continuing Operation Net Minority Interest": -10151000.0,
        "Reconciled Depreciation": 39000.0,
        "EBITDA": -10372000.0,
        "EBIT": -10411000.0,
        "Net Interest Income": 260000.0,
        "Interest Income": 260000.0,
        "Normalized Income": -10151000.0,
        "Net Income From Continuing And Discontinued Operation": -10151000.0,
        "Total Expenses": 10411000.0,
        "Total Operating Income As Reported": -10411000.0,
        "Diluted Average Shares": 40497087.0,
        "Basic Average Shares": 40497087.0,
        "Diluted EPS": -0.25,
        "Basic EPS": -0.25,
        "Diluted NI Availto Com Stockholders": -10151000.0,
        "Net Income Common Stockholders": -10151000.0,
        "Net Income": -10151000.0,
        "Net Income Including Noncontrolling Interests": -10151000.0,
        "Net Income Continuous Operations": -10151000.0,
        "Pretax Income": -10151000.0,
        "Other Income Expense": NaN,
        "Other Non Operating Income Expenses": NaN,
        "Net Non Operating Interest Income Expense": 260000.0,
        "Interest Income Non Operating": 260000.0,
        "Operating Income": -10411000.0,
        "Operating Expense": 10411000.0,
        "Research And Development": 7321000.0,
        "Selling General And Administration": 3090000.0,
        "General And Administrative Expense": 3090000.0,
        "Other Gand A": 3090000.0,
        "Total Revenue": 0.0,
        "Operating Revenue": 0.0
    },
    "2022-03-31": {
        "Diluted EPS": -0.23,
        "Total Revenue": NaN,
        "Gross Profit": NaN,
        "Operating Income": -9,
        "EBIT": -9,
        "Net Income": -9
    },
    "2021-12-31": {
        "Diluted EPS": 201.42,
        "Total Revenue": NaN,
        "Gross Profit": NaN,
        "Operating Income": -8,
        "EBIT": -8,
        "Net Income": -8
    },
    "2021-09-30": {
        "Diluted EPS": -0.1,
        "Total Revenue": NaN,
        "Gross Profit": NaN,
        "Operating Income": -4,
        "EBIT": -4,
        "Net Income": -4
    },
    "2021-06-30": {
        "Diluted EPS": -141.93,
        "Total Revenue": NaN,
        "Gross Profit": NaN,
        "Operating Income": -3,
        "EBIT": -3,
        "Net Income": -61
    },
    "2021-03-31": {
        "Diluted EPS": -64.41,
        "Total Revenue": NaN,
        "Gross Profit": NaN,
        "Operating Income": -4,
        "EBIT": -4,
        "Net Income": -27
    },
    "2020-12-31": {
        "Diluted EPS": -1.8,
        "Total Revenue": 0,
        "Gross Profit": 0,
        "Operating Income": -1,
        "EBIT": -1,
        "Net Income": -1
    },
    "2020-09-30": {
        "Diluted EPS": -5.94,
        "Total Revenue": 1,
        "Gross Profit": 1,
        "Operating Income": -2,
        "EBIT": -2,
        "Net Income": -2
    },
    "2020-06-30": {
        "Diluted EPS": -4.86,
        "Total Revenue": 0,
        "Gross Profit": 0,
        "Operating Income": -2,
        "EBIT": -2,
        "Net Income": -2
    },
    "2020-03-31": {
        "Diluted EPS": -4.88,
        "Total Revenue": 0,
        "Gross Profit": 0,
        "Operating Income": -2,
        "EBIT": -2,
        "Net Income": -2
    },
    "2019-12-31": {
        "Diluted EPS": 0.0,
        "Total Revenue": NaN,
        "Gross Profit": NaN,
        "Operating Income": NaN,
        "EBIT": NaN,
        "Net Income": NaN
    },
    "2023-06-30": {
        "Tax Effect Of Unusual Items": 0.0,
        "Tax Rate For Calcs": 0.0,
        "Normalized EBITDA": -13425000.0,
        "Total Unusual Items": NaN,
        "Total Unusual Items Excluding Goodwill": NaN,
        "Net Income From Continuing Operation Net Minority Interest": -11610000.0,
        "Reconciled Depreciation": 53000.0,
        "EBITDA": -13425000.0,
        "EBIT": -13478000.0,
        "Net Interest Income": 1884000.0,
        "Interest Expense": NaN,
        "Interest Income": 1884000.0,
        "Normalized Income": -11610000.0,
        "Net Income From Continuing And Discontinued Operation": -11610000.0,
        "Total Expenses": 13478000.0,
        "Total Operating Income As Reported": -13478000.0,
        "Diluted Average Shares": 41025062.0,
        "Basic Average Shares": 41025062.0,
        "Diluted EPS": -0.28,
        "Basic EPS": -0.28,
        "Diluted NI Availto Com Stockholders": -11610000.0,
        "Net Income Common Stockholders": -11610000.0,
        "Net Income": -11610000.0,
        "Net Income Including Noncontrolling Interests": -11610000.0,
        "Net Income Continuous Operations": -11610000.0,
        "Pretax Income": -11610000.0,
        "Other Income Expense": -16000.0,
        "Other Non Operating Income Expenses": -16000.0,
        "Gain On Sale Of Security": NaN,
        "Net Non Operating Interest Income Expense": 1884000.0,
        "Interest Expense Non Operating": NaN,
        "Interest Income Non Operating": 1884000.0,
        "Operating Income": -13478000.0,
        "Operating Expense": 13478000.0,
        "Research And Development": 9133000.0,
        "Selling General And Administration": 4345000.0,
        "General And Administrative Expense": 4345000.0,
        "Other Gand A": 4345000.0,
        "Total Revenue": 0.0,
        "Operating Revenue": 0.0
    },
    "2023-09-30": {
        "Tax Effect Of Unusual Items": 0.0,
        "Tax Rate For Calcs": 0.0,
        "Normalized EBITDA": -15999000.0,
        "Total Unusual Items": NaN,
        "Total Unusual Items Excluding Goodwill": NaN,
        "Net Income From Continuing Operation Net Minority Interest": -12957000.0,
        "Reconciled Depreciation": 40000.0,
        "EBITDA": -15999000.0,
        "EBIT": -16039000.0,
        "Net Interest Income": 3124000.0,
        "Interest Expense": NaN,
        "Interest Income": 3124000.0,
        "Normalized Income": -12957000.0,
        "Net Income From Continuing And Discontinued Operation": -12957000.0,
        "Total Expenses": 16039000.0,
        "Total Operating Income As Reported": -16039000.0,
        "Diluted Average Shares": 54229630.0,
        "Basic Average Shares": 54229630.0,
        "Diluted EPS": -0.24,
        "Basic EPS": -0.24,
        "Diluted NI Availto Com Stockholders": -12957000.0,
        "Net Income Common Stockholders": -12957000.0,
        "Net Income": -12957000.0,
        "Net Income Including Noncontrolling Interests": -12957000.0,
        "Net Income Continuous Operations": -12957000.0,
        "Pretax Income": -12957000.0,
        "Other Income Expense": -42000.0,
        "Other Non Operating Income Expenses": -42000.0,
        "Gain On Sale Of Security": NaN,
        "Net Non Operating Interest Income Expense": 3124000.0,
        "Interest Expense Non Operating": NaN,
        "Interest Income Non Operating": 3124000.0,
        "Operating Income": -16039000.0,
        "Operating Expense": 16039000.0,
        "Research And Development": 11179000.0,
        "Selling General And Administration": 4860000.0,
        "General And Administrative Expense": 4860000.0,
        "Other Gand A": 4860000.0,
        "Total Revenue": 0.0,
        "Operating Revenue": 0.0
    },
    "2023-12-31": {
        "Tax Effect Of Unusual Items": 0.0,
        "Tax Rate For Calcs": 0.0,
        "Normalized EBITDA": -9099000.0,
        "Total Unusual Items": NaN,
        "Total Unusual Items Excluding Goodwill": NaN,
        "Net Income From Continuing Operation Net Minority Interest": -16497000.0,
        "Reconciled Depreciation": 39000.0,
        "EBITDA": -9099000.0,
        "EBIT": -9138000.0,
        "Net Interest Income": 3370000.0,
        "Interest Expense": NaN,
        "Interest Income": 3951000.0,
        "Normalized Income": -16497000.0,
        "Net Income From Continuing And Discontinued Operation": -16497000.0,
        "Total Expenses": 18486000.0,
        "Total Operating Income As Reported": -18486000.0,
        "Diluted Average Shares": NaN,
        "Basic Average Shares": NaN,
        "Diluted EPS": NaN,
        "Basic EPS": NaN,
        "Diluted NI Availto Com Stockholders": -16497000.0,
        "Net Income Common Stockholders": -16497000.0,
        "Net Income": -16497000.0,
        "Net Income Including Noncontrolling Interests": -16497000.0,
        "Net Income Continuous Operations": -16497000.0,
        "Pretax Income": -16497000.0,
        "Other Income Expense": -1381000.0,
        "Other Non Operating Income Expenses": -21000.0,
        "Gain On Sale Of Security": NaN,
        "Net Non Operating Interest Income Expense": 3370000.0,
        "Interest Expense Non Operating": NaN,
        "Interest Income Non Operating": 3951000.0,
        "Operating Income": -18486000.0,
        "Operating Expense": 18486000.0,
        "Research And Development": 13293000.0,
        "Selling General And Administration": 5193000.0,
        "General And Administrative Expense": 5193000.0,
        "Other Gand A": 5193000.0,
        "Total Revenue": 0.0,
        "Operating Revenue": 0.0
    },
    "2024-03-31": {
        "Tax Effect Of Unusual Items": 0.0,
        "Tax Rate For Calcs": 0.0,
        "Normalized EBITDA": -13779000.0,
        "Total Unusual Items": -50000.0,
        "Total Unusual Items Excluding Goodwill": -50000.0,
        "Net Income From Continuing Operation Net Minority Interest": -14873000.0,
        "Reconciled Depreciation": 44000.0,
        "EBITDA": -13829000.0,
        "EBIT": -13873000.0,
        "Net Interest Income": 3005000.0,
        "Interest Expense": 1000000.0,
        "Interest Income": 4005000.0,
        "Normalized Income": -14823000.0,
        "Net Income From Continuing And Discontinued Operation": -14873000.0,
        "Total Expenses": 17774000.0,
        "Total Operating Income As Reported": -17774000.0,
        "Diluted Average Shares": 59812000.0,
        "Basic Average Shares": 59812000.0,
        "Diluted EPS": -0.25,
        "Basic EPS": -0.25,
        "Diluted NI Availto Com Stockholders": -14873000.0,
        "Net Income Common Stockholders": -14873000.0,
        "Net Income": -14873000.0,
        "Net Income Including Noncontrolling Interests": -14873000.0,
        "Net Income Continuous Operations": -14873000.0,
        "Pretax Income": -14873000.0,
        "Other Income Expense": -104000.0,
        "Other Non Operating Income Expenses": -54000.0,
        "Gain On Sale Of Security": -50000.0,
        "Net Non Operating Interest Income Expense": 3005000.0,
        "Interest Expense Non Operating": 1000000.0,
        "Interest Income Non Operating": 4005000.0,
        "Operating Income": -17774000.0,
        "Operating Expense": 17774000.0,
        "Research And Development": 12449000.0,
        "Selling General And Administration": 5325000.0,
        "General And Administrative Expense": 5325000.0,
        "Other Gand A": 5325000.0,
        "Total Revenue": 0.0,
        "Operating Revenue": 0.0
    }
}