{
    "2023-03-31": {
        "Tax Effect Of Unusual Items": 0.0,
        "Tax Rate For Calcs": 0.21,
        "Normalized EBITDA": -19523000.0,
        "Total Unusual Items": NaN,
        "Total Unusual Items Excluding Goodwill": NaN,
        "Net Income From Continuing Operation Net Minority Interest": -23355000.0,
        "Reconciled Depreciation": 3504000.0,
        "EBITDA": -19523000.0,
        "EBIT": -23027000.0,
        "Net Interest Income": -321000.0,
        "Interest Expense": 321000.0,
        "Normalized Income": -23355000.0,
        "Net Income From Continuing And Discontinued Operation": -23355000.0,
        "Total Expenses": 25754000.0,
        "Total Operating Income As Reported": -24485000.0,
        "Diluted Average Shares": 91479452.0,
        "Basic Average Shares": 91479452.0,
        "Diluted EPS": -0.26,
        "Basic EPS": -0.26,
        "Diluted NI Availto Com Stockholders": -23355000.0,
        "Net Income Common Stockholders": -23355000.0,
        "Net Income": -23355000.0,
        "Net Income Including Noncontrolling Interests": -23355000.0,
        "Net Income Continuous Operations": -23355000.0,
        "Tax Provision": 7000.0,
        "Pretax Income": -23348000.0,
        "Other Income Expense": 1458000.0,
        "Other Non Operating Income Expenses": 1458000.0,
        "Special Income Charges": NaN,
        "Impairment Of Capital Assets": NaN,
        "Net Non Operating Interest Income Expense": -321000.0,
        "Interest Expense Non Operating": 321000.0,
        "Operating Income": -24485000.0,
        "Operating Expense": 25754000.0,
        "Depreciation Amortization Depletion Income Statement": 3504000.0,
        "Depreciation And Amortization In Income Statement": 3504000.0,
        "Research And Development": 12657000.0,
        "Selling General And Administration": 9593000.0,
        "Total Revenue": 1269000.0,
        "Operating Revenue": 1269000.0
    },
    "2022-12-31": {
        "Tax Effect Of Unusual Items": 0.0,
        "Tax Rate For Calcs": 0.025036,
        "Normalized EBITDA": -16098000.0,
        "Total Unusual Items": NaN,
        "Total Unusual Items Excluding Goodwill": NaN,
        "Net Income From Continuing Operation Net Minority Interest": -19471000.0,
        "Reconciled Depreciation": 3586000.0,
        "EBITDA": -16098000.0,
        "EBIT": -19684000.0,
        "Net Interest Income": -287000.0,
        "Interest Expense": 287000.0,
        "Normalized Income": -19471000.0,
        "Net Income From Continuing And Discontinued Operation": -19471000.0,
        "Total Expenses": 22650000.0,
        "Total Operating Income As Reported": -21093000.0,
        "Diluted Average Shares": 91321166.0,
        "Basic Average Shares": 91321166.0,
        "Diluted EPS": -0.21,
        "Basic EPS": -0.21,
        "Diluted NI Availto Com Stockholders": -19471000.0,
        "Net Income Common Stockholders": -19471000.0,
        "Net Income": -19471000.0,
        "Net Income Including Noncontrolling Interests": -19471000.0,
        "Net Income Continuous Operations": -19471000.0,
        "Tax Provision": -500000.0,
        "Pretax Income": -19971000.0,
        "Other Income Expense": 1409000.0,
        "Other Non Operating Income Expenses": 1409000.0,
        "Special Income Charges": NaN,
        "Impairment Of Capital Assets": NaN,
        "Net Non Operating Interest Income Expense": -287000.0,
        "Interest Expense Non Operating": 287000.0,
        "Operating Income": -21093000.0,
        "Operating Expense": 22650000.0,
        "Depreciation Amortization Depletion Income Statement": 3586000.0,
        "Depreciation And Amortization In Income Statement": 3586000.0,
        "Research And Development": 11315000.0,
        "Selling General And Administration": 7749000.0,
        "Total Revenue": 1557000.0,
        "Operating Revenue": 1557000.0
    },
    "2022-09-30": {
        "Tax Effect Of Unusual Items": 0.0,
        "Tax Rate For Calcs": 0.011,
        "Normalized EBITDA": -23888000.0,
        "Total Unusual Items": NaN,
        "Total Unusual Items Excluding Goodwill": NaN,
        "Net Income From Continuing Operation Net Minority Interest": -27259000.0,
        "Reconciled Depreciation": 3404000.0,
        "EBITDA": -23888000.0,
        "EBIT": -27292000.0,
        "Net Interest Income": -279000.0,
        "Interest Expense": 279000.0,
        "Normalized Income": -27259000.0,
        "Net Income From Continuing And Discontinued Operation": -27259000.0,
        "Total Expenses": 30336000.0,
        "Total Operating Income As Reported": -27967000.0,
        "Diluted Average Shares": 91105265.0,
        "Basic Average Shares": 91105265.0,
        "Diluted EPS": -0.3,
        "Basic EPS": -0.3,
        "Diluted NI Availto Com Stockholders": -27259000.0,
        "Net Income Common Stockholders": -27259000.0,
        "Net Income": -27259000.0,
        "Net Income Including Noncontrolling Interests": -27259000.0,
        "Net Income Continuous Operations": -27259000.0,
        "Tax Provision": -312000.0,
        "Pretax Income": -27571000.0,
        "Other Income Expense": 675000.0,
        "Other Non Operating Income Expenses": 675000.0,
        "Special Income Charges": NaN,
        "Impairment Of Capital Assets": NaN,
        "Net Non Operating Interest Income Expense": -279000.0,
        "Interest Expense Non Operating": 279000.0,
        "Operating Income": -27967000.0,
        "Operating Expense": 30336000.0,
        "Depreciation Amortization Depletion Income Statement": 3404000.0,
        "Depreciation And Amortization In Income Statement": 3404000.0,
        "Research And Development": 15525000.0,
        "Selling General And Administration": 11407000.0,
        "Total Revenue": 2369000.0,
        "Operating Revenue": 2369000.0
    },
    "2022-06-30": {
        "Tax Effect Of Unusual Items": 0.0,
        "Tax Rate For Calcs": 0.009,
        "Normalized EBITDA": -25598000.0,
        "Total Unusual Items": NaN,
        "Total Unusual Items Excluding Goodwill": NaN,
        "Net Income From Continuing Operation Net Minority Interest": -28680000.0,
        "Reconciled Depreciation": 3141000.0,
        "EBITDA": -25598000.0,
        "EBIT": -28739000.0,
        "Net Interest Income": -211000.0,
        "Interest Expense": 211000.0,
        "Normalized Income": -28680000.0,
        "Net Income From Continuing And Discontinued Operation": -28680000.0,
        "Total Expenses": 29889000.0,
        "Total Operating Income As Reported": -28887000.0,
        "Diluted Average Shares": 90669499.0,
        "Basic Average Shares": 90669499.0,
        "Diluted EPS": -0.32,
        "Basic EPS": -0.32,
        "Diluted NI Availto Com Stockholders": -28680000.0,
        "Net Income Common Stockholders": -28680000.0,
        "Net Income": -28680000.0,
        "Net Income Including Noncontrolling Interests": -28680000.0,
        "Net Income Continuous Operations": -28680000.0,
        "Tax Provision": -270000.0,
        "Pretax Income": -28950000.0,
        "Other Income Expense": 148000.0,
        "Other Non Operating Income Expenses": 148000.0,
        "Special Income Charges": NaN,
        "Impairment Of Capital Assets": NaN,
        "Net Non Operating Interest Income Expense": -211000.0,
        "Interest Expense Non Operating": 211000.0,
        "Operating Income": -28887000.0,
        "Operating Expense": 29889000.0,
        "Depreciation Amortization Depletion Income Statement": 3141000.0,
        "Depreciation And Amortization In Income Statement": 3141000.0,
        "Research And Development": 16241000.0,
        "Selling General And Administration": 10507000.0,
        "Total Revenue": 1002000.0,
        "Operating Revenue": 1002000.0
    },
    "2022-03-31": {
        "Diluted EPS": -0.33,
        "Total Revenue": 1,
        "Gross Profit": 1,
        "Operating Income": -29,
        "EBIT": -26,
        "Net Income": -29
    },
    "2021-12-31": {
        "Diluted EPS": 1.34,
        "Total Revenue": 1,
        "Gross Profit": 1,
        "Operating Income": -26,
        "EBIT": -23,
        "Net Income": -25
    },
    "2021-09-30": {
        "Diluted EPS": -0.33,
        "Total Revenue": 2,
        "Gross Profit": 2,
        "Operating Income": -21,
        "EBIT": -19,
        "Net Income": -24
    },
    "2021-06-30": {
        "Diluted EPS": -2.39,
        "Total Revenue": 1,
        "Gross Profit": 1,
        "Operating Income": -17,
        "EBIT": -15,
        "Net Income": -42
    },
    "2021-03-31": {
        "Diluted EPS": -0.7,
        "Total Revenue": 1,
        "Gross Profit": 1,
        "Operating Income": -11,
        "EBIT": -11,
        "Net Income": -12
    },
    "2020-12-31": {
        "Diluted EPS": -0.31,
        "Total Revenue": 3,
        "Gross Profit": 3,
        "Operating Income": -5,
        "EBIT": -4,
        "Net Income": -5
    },
    "2020-09-30": {
        "Diluted EPS": -0.85,
        "Total Revenue": 1,
        "Gross Profit": 1,
        "Operating Income": -3,
        "EBIT": -3,
        "Net Income": -13
    },
    "2020-06-30": {
        "Diluted EPS": -1.12,
        "Total Revenue": 1,
        "Gross Profit": 1,
        "Operating Income": -3,
        "EBIT": -3,
        "Net Income": -17
    },
    "2020-03-31": {
        "Diluted EPS": -0.91,
        "Total Revenue": 1,
        "Gross Profit": 1,
        "Operating Income": -2,
        "EBIT": -2,
        "Net Income": -14
    },
    "2019-12-31": {
        "Diluted EPS": 0.0,
        "Total Revenue": NaN,
        "Gross Profit": NaN,
        "Operating Income": NaN,
        "EBIT": NaN,
        "Net Income": NaN
    },
    "2023-06-30": {
        "Tax Effect Of Unusual Items": -4480350.0,
        "Tax Rate For Calcs": 0.21,
        "Normalized EBITDA": -16572000.0,
        "Total Unusual Items": -21335000.0,
        "Total Unusual Items Excluding Goodwill": -21335000.0,
        "Net Income From Continuing Operation Net Minority Interest": -41672000.0,
        "Reconciled Depreciation": 3498000.0,
        "EBITDA": -37907000.0,
        "EBIT": -41405000.0,
        "Net Interest Income": -256000.0,
        "Interest Expense": 256000.0,
        "Normalized Income": -24817350.0,
        "Net Income From Continuing And Discontinued Operation": -41672000.0,
        "Total Expenses": 25020000.0,
        "Total Operating Income As Reported": -42988000.0,
        "Diluted Average Shares": 91827780.0,
        "Basic Average Shares": 91827780.0,
        "Diluted EPS": -0.45,
        "Basic EPS": -0.45,
        "Diluted NI Availto Com Stockholders": -41672000.0,
        "Net Income Common Stockholders": -41672000.0,
        "Net Income": -41672000.0,
        "Net Income Including Noncontrolling Interests": -41672000.0,
        "Net Income Continuous Operations": -41672000.0,
        "Tax Provision": 11000.0,
        "Pretax Income": -41661000.0,
        "Other Income Expense": -19752000.0,
        "Other Non Operating Income Expenses": 1583000.0,
        "Special Income Charges": -21335000.0,
        "Impairment Of Capital Assets": 21335000.0,
        "Net Non Operating Interest Income Expense": -256000.0,
        "Interest Expense Non Operating": 256000.0,
        "Operating Income": -21653000.0,
        "Operating Expense": 25020000.0,
        "Depreciation Amortization Depletion Income Statement": 3498000.0,
        "Depreciation And Amortization In Income Statement": 3498000.0,
        "Research And Development": 12112000.0,
        "Selling General And Administration": 9410000.0,
        "Total Revenue": 3367000.0,
        "Operating Revenue": 3367000.0
    },
    "2023-09-30": {
        "Tax Effect Of Unusual Items": 0.0,
        "Tax Rate For Calcs": 0.21,
        "Normalized EBITDA": -18218000.0,
        "Total Unusual Items": 0.0,
        "Total Unusual Items Excluding Goodwill": 0.0,
        "Net Income From Continuing Operation Net Minority Interest": -21994000.0,
        "Reconciled Depreciation": 3513000.0,
        "EBITDA": -18218000.0,
        "EBIT": -21731000.0,
        "Net Interest Income": -229000.0,
        "Interest Expense": 229000.0,
        "Normalized Income": -21994000.0,
        "Net Income From Continuing And Discontinued Operation": -21994000.0,
        "Total Expenses": 24047000.0,
        "Total Operating Income As Reported": -23303000.0,
        "Diluted Average Shares": 92217234.0,
        "Basic Average Shares": 92217234.0,
        "Diluted EPS": -0.24,
        "Basic EPS": -0.24,
        "Diluted NI Availto Com Stockholders": -21994000.0,
        "Net Income Common Stockholders": -21994000.0,
        "Net Income": -21994000.0,
        "Net Income Including Noncontrolling Interests": -21994000.0,
        "Net Income Continuous Operations": -21994000.0,
        "Tax Provision": 34000.0,
        "Pretax Income": -21960000.0,
        "Other Income Expense": 1572000.0,
        "Other Non Operating Income Expenses": 1572000.0,
        "Special Income Charges": 0.0,
        "Impairment Of Capital Assets": 0.0,
        "Net Non Operating Interest Income Expense": -229000.0,
        "Interest Expense Non Operating": 229000.0,
        "Operating Income": -23303000.0,
        "Operating Expense": 24047000.0,
        "Depreciation Amortization Depletion Income Statement": 3513000.0,
        "Depreciation And Amortization In Income Statement": 3513000.0,
        "Research And Development": 11029000.0,
        "Selling General And Administration": 9505000.0,
        "Total Revenue": 744000.0,
        "Operating Revenue": 744000.0
    },
    "2023-12-31": {
        "Tax Effect Of Unusual Items": 0.0,
        "Tax Rate For Calcs": 0.21,
        "Normalized EBITDA": -19808000.0,
        "Total Unusual Items": 0.0,
        "Total Unusual Items Excluding Goodwill": 0.0,
        "Net Income From Continuing Operation Net Minority Interest": -23545000.0,
        "Reconciled Depreciation": 3485000.0,
        "EBITDA": -19808000.0,
        "EBIT": -23293000.0,
        "Net Interest Income": -204000.0,
        "Interest Expense": 204000.0,
        "Normalized Income": -23545000.0,
        "Net Income From Continuing And Discontinued Operation": -23545000.0,
        "Total Expenses": 25077000.0,
        "Total Operating Income As Reported": -24739000.0,
        "Diluted Average Shares": NaN,
        "Basic Average Shares": NaN,
        "Diluted EPS": NaN,
        "Basic EPS": NaN,
        "Diluted NI Availto Com Stockholders": -23545000.0,
        "Net Income Common Stockholders": -23545000.0,
        "Net Income": -23545000.0,
        "Net Income Including Noncontrolling Interests": -23545000.0,
        "Net Income Continuous Operations": -23545000.0,
        "Tax Provision": 48000.0,
        "Pretax Income": -23497000.0,
        "Other Income Expense": 1446000.0,
        "Other Non Operating Income Expenses": 1446000.0,
        "Special Income Charges": 0.0,
        "Impairment Of Capital Assets": 0.0,
        "Net Non Operating Interest Income Expense": -204000.0,
        "Interest Expense Non Operating": 204000.0,
        "Operating Income": -24739000.0,
        "Operating Expense": 25077000.0,
        "Depreciation Amortization Depletion Income Statement": 3484000.0,
        "Depreciation And Amortization In Income Statement": 3484000.0,
        "Research And Development": 12269000.0,
        "Selling General And Administration": 9324000.0,
        "Total Revenue": 338000.0,
        "Operating Revenue": 338000.0
    },
    "2024-03-31": {
        "Tax Effect Of Unusual Items": 0.0,
        "Tax Rate For Calcs": 0.4,
        "Normalized EBITDA": -18371000.0,
        "Total Unusual Items": NaN,
        "Total Unusual Items Excluding Goodwill": NaN,
        "Net Income From Continuing Operation Net Minority Interest": -21975000.0,
        "Reconciled Depreciation": 3416000.0,
        "EBITDA": -18371000.0,
        "EBIT": -21787000.0,
        "Net Interest Income": -176000.0,
        "Interest Expense": 176000.0,
        "Normalized Income": -21975000.0,
        "Net Income From Continuing And Discontinued Operation": -21975000.0,
        "Total Expenses": 24396000.0,
        "Total Operating Income As Reported": -23498000.0,
        "Diluted Average Shares": 99393333.0,
        "Basic Average Shares": 99393333.0,
        "Diluted EPS": -0.22,
        "Basic EPS": -0.22,
        "Diluted NI Availto Com Stockholders": -21975000.0,
        "Net Income Common Stockholders": -21975000.0,
        "Net Income": -21975000.0,
        "Net Income Including Noncontrolling Interests": -21975000.0,
        "Net Income Continuous Operations": -21975000.0,
        "Tax Provision": 12000.0,
        "Pretax Income": -21963000.0,
        "Other Income Expense": 1711000.0,
        "Other Non Operating Income Expenses": 1711000.0,
        "Special Income Charges": NaN,
        "Impairment Of Capital Assets": NaN,
        "Net Non Operating Interest Income Expense": -176000.0,
        "Interest Expense Non Operating": 176000.0,
        "Operating Income": -23498000.0,
        "Operating Expense": 24396000.0,
        "Depreciation Amortization Depletion Income Statement": 3416000.0,
        "Depreciation And Amortization In Income Statement": 3416000.0,
        "Research And Development": 12236000.0,
        "Selling General And Administration": 8744000.0,
        "Total Revenue": 898000.0,
        "Operating Revenue": 898000.0
    }
}