{
    "2023-06-30": {
        "Tax Effect Of Unusual Items": -3350244.498778,
        "Tax Rate For Calcs": 0.159535,
        "Normalized EBITDA": 2616000000.0,
        "Total Unusual Items": -21000000.0,
        "Total Unusual Items Excluding Goodwill": -21000000.0,
        "Net Income From Continuing Operation Net Minority Interest": 1375000000.0,
        "Reconciled Depreciation": 800000000.0,
        "Reconciled Cost Of Revenue": 4181000000.0,
        "EBITDA": 2595000000.0,
        "EBIT": 1795000000.0,
        "Net Interest Income": -61000000.0,
        "Interest Expense": 159000000.0,
        "Interest Income": 98000000.0,
        "Normalized Income": 1392649755.501222,
        "Net Income From Continuing And Discontinued Operation": 1375000000.0,
        "Total Expenses": 8436000000.0,
        "Total Operating Income As Reported": 1542000000.0,
        "Diluted Average Shares": 1750000000.0,
        "Basic Average Shares": 1735357980.0,
        "Diluted EPS": 0.78,
        "Basic EPS": 0.792344,
        "Diluted NI Availto Com Stockholders": 1375000000.0,
        "Net Income Common Stockholders": 1375000000.0,
        "Net Income": 1375000000.0,
        "Net Income Including Noncontrolling Interests": 1375000000.0,
        "Net Income Continuous Operations": 1375000000.0,
        "Tax Provision": 261000000.0,
        "Pretax Income": 1636000000.0,
        "Other Income Expense": 155000000.0,
        "Other Non Operating Income Expenses": 176000000.0,
        "Gain On Sale Of Security": -21000000.0,
        "Net Non Operating Interest Income Expense": -61000000.0,
        "Interest Expense Non Operating": 159000000.0,
        "Interest Income Non Operating": 98000000.0,
        "Operating Income": 1542000000.0,
        "Operating Expense": 3953000000.0,
        "Depreciation Amortization Depletion Income Statement": 498000000.0,
        "Depreciation And Amortization In Income Statement": 498000000.0,
        "Amortization": 498000000.0,
        "Amortization Of Intangibles Income Statement": 498000000.0,
        "Research And Development": 715000000.0,
        "Selling General And Administration": 2740000000.0,
        "Gross Profit": 5495000000.0,
        "Cost Of Revenue": 4483000000.0,
        "Total Revenue": 9978000000.0,
        "Operating Revenue": 9978000000.0
    },
    "2023-03-31": {
        "Tax Effect Of Unusual Items": -937259.923175,
        "Tax Rate For Calcs": 0.15621,
        "Normalized EBITDA": 2527000000.0,
        "Total Unusual Items": -6000000.0,
        "Total Unusual Items Excluding Goodwill": -6000000.0,
        "Net Income From Continuing Operation Net Minority Interest": 1318000000.0,
        "Reconciled Depreciation": 806000000.0,
        "Reconciled Cost Of Revenue": 4016000000.0,
        "EBITDA": 2521000000.0,
        "EBIT": 1715000000.0,
        "Net Interest Income": -52000000.0,
        "Interest Expense": 153000000.0,
        "Interest Income": 101000000.0,
        "Normalized Income": 1323062740.076825,
        "Net Income From Continuing And Discontinued Operation": 1318000000.0,
        "Total Expenses": 8238000000.0,
        "Total Operating Income As Reported": 1509000000.0,
        "Diluted Average Shares": 1752000000.0,
        "Basic Average Shares": 1738946799.0,
        "Diluted EPS": 0.75,
        "Basic EPS": 0.75793,
        "Diluted NI Availto Com Stockholders": 1318000000.0,
        "Net Income Common Stockholders": 1318000000.0,
        "Net Income": 1318000000.0,
        "Net Income Including Noncontrolling Interests": 1318000000.0,
        "Net Income Continuous Operations": 1318000000.0,
        "Tax Provision": 244000000.0,
        "Pretax Income": 1562000000.0,
        "Other Income Expense": 105000000.0,
        "Other Non Operating Income Expenses": 111000000.0,
        "Gain On Sale Of Security": -6000000.0,
        "Net Non Operating Interest Income Expense": -52000000.0,
        "Interest Expense Non Operating": 153000000.0,
        "Interest Income Non Operating": 101000000.0,
        "Operating Income": 1509000000.0,
        "Operating Expense": 3907000000.0,
        "Depreciation Amortization Depletion Income Statement": 491000000.0,
        "Depreciation And Amortization In Income Statement": 491000000.0,
        "Amortization": 491000000.0,
        "Amortization Of Intangibles Income Statement": 491000000.0,
        "Research And Development": 654000000.0,
        "Selling General And Administration": 2762000000.0,
        "Gross Profit": 5416000000.0,
        "Cost Of Revenue": 4331000000.0,
        "Total Revenue": 9747000000.0,
        "Operating Revenue": 9747000000.0
    },
    "2022-12-31": {
        "Tax Effect Of Unusual Items": 3043939.393939,
        "Tax Rate For Calcs": 0.217424,
        "Normalized EBITDA": 2267000000.0,
        "Total Unusual Items": 14000000.0,
        "Total Unusual Items Excluding Goodwill": 14000000.0,
        "Net Income From Continuing Operation Net Minority Interest": 1033000000.0,
        "Reconciled Depreciation": 807000000.0,
        "Reconciled Cost Of Revenue": 4282000000.0,
        "EBITDA": 2281000000.0,
        "EBIT": 1474000000.0,
        "Net Interest Income": -66000000.0,
        "Interest Expense": 154000000.0,
        "Interest Income": 88000000.0,
        "Normalized Income": 1022043939.393939,
        "Net Income From Continuing And Discontinued Operation": 1033000000.0,
        "Total Expenses": 8787000000.0,
        "Total Operating Income As Reported": 1304000000.0,
        "Diluted Average Shares": 1754000000.0,
        "Basic Average Shares": 1737795021.0,
        "Diluted EPS": 0.59,
        "Basic EPS": 0.594431,
        "Diluted NI Availto Com Stockholders": 1033000000.0,
        "Net Income Common Stockholders": 1033000000.0,
        "Net Income": 1033000000.0,
        "Net Income Including Noncontrolling Interests": 1033000000.0,
        "Net Income Continuous Operations": 1033000000.0,
        "Tax Provision": 287000000.0,
        "Pretax Income": 1320000000.0,
        "Other Income Expense": 82000000.0,
        "Other Non Operating Income Expenses": 68000000.0,
        "Gain On Sale Of Security": 14000000.0,
        "Net Non Operating Interest Income Expense": -66000000.0,
        "Interest Expense Non Operating": 154000000.0,
        "Interest Income Non Operating": 88000000.0,
        "Operating Income": 1304000000.0,
        "Operating Expense": 4194000000.0,
        "Depreciation Amortization Depletion Income Statement": 496000000.0,
        "Depreciation And Amortization In Income Statement": 496000000.0,
        "Amortization": 496000000.0,
        "Amortization Of Intangibles Income Statement": 496000000.0,
        "Research And Development": 725000000.0,
        "Selling General And Administration": 2973000000.0,
        "Gross Profit": 5498000000.0,
        "Cost Of Revenue": 4593000000.0,
        "Total Revenue": 10091000000.0,
        "Operating Revenue": 10091000000.0
    },
    "2022-09-30": {
        "Tax Effect Of Unusual Items": -3496000.0,
        "Tax Rate For Calcs": 0.184,
        "Normalized EBITDA": 2361000000.0,
        "Total Unusual Items": -19000000.0,
        "Total Unusual Items Excluding Goodwill": -19000000.0,
        "Net Income From Continuing Operation Net Minority Interest": 1435000000.0,
        "Reconciled Depreciation": 498000000.0,
        "Reconciled Cost Of Revenue": 4629000000.0,
        "EBITDA": 2342000000.0,
        "EBIT": 1844000000.0,
        "Net Interest Income": -86000000.0,
        "Interest Expense": 86000000.0,
        "Interest Income": 55000000.0,
        "Normalized Income": 1450504000.0,
        "Net Income From Continuing And Discontinued Operation": 1435000000.0,
        "Total Expenses": 8640000000.0,
        "Total Operating Income As Reported": 1770000000.0,
        "Diluted Average Shares": 1764000000.0,
        "Basic Average Shares": 1247826087.0,
        "Diluted EPS": 0.81,
        "Basic EPS": 1.15,
        "Diluted NI Availto Com Stockholders": 1435000000.0,
        "Net Income Common Stockholders": 1435000000.0,
        "Net Income": 1435000000.0,
        "Net Income Including Noncontrolling Interests": 1435000000.0,
        "Net Income Continuous Operations": 1435000000.0,
        "Tax Provision": 323000000.0,
        "Pretax Income": 1758000000.0,
        "Other Income Expense": 74000000.0,
        "Other Non Operating Income Expenses": 93000000.0,
        "Gain On Sale Of Security": -19000000.0,
        "Net Non Operating Interest Income Expense": -86000000.0,
        "Interest Expense Non Operating": 86000000.0,
        "Interest Income Non Operating": 55000000.0,
        "Operating Income": 1770000000.0,
        "Operating Expense": 4011000000.0,
        "Depreciation Amortization Depletion Income Statement": 498000000.0,
        "Depreciation And Amortization In Income Statement": 498000000.0,
        "Amortization": 498000000.0,
        "Amortization Of Intangibles Income Statement": 498000000.0,
        "Research And Development": 782000000.0,
        "Selling General And Administration": 2731000000.0,
        "Gross Profit": 5781000000.0,
        "Cost Of Revenue": 4629000000.0,
        "Total Revenue": 10410000000.0,
        "Operating Revenue": 10410000000.0
    },
    "2022-06-30": {
        "Tax Effect Of Unusual Items": 0.0,
        "Tax Rate For Calcs": 0.142,
        "Normalized EBITDA": 2965000000.0,
        "Total Unusual Items": NaN,
        "Total Unusual Items Excluding Goodwill": NaN,
        "Net Income From Continuing Operation Net Minority Interest": 2018000000.0,
        "Reconciled Depreciation": 507000000.0,
        "Reconciled Cost Of Revenue": 4933000000.0,
        "EBITDA": 2965000000.0,
        "EBIT": 2458000000.0,
        "Net Interest Income": -106000000.0,
        "Interest Expense": 106000000.0,
        "Interest Income": 26000000.0,
        "Normalized Income": 2018000000.0,
        "Net Income From Continuing And Discontinued Operation": 2018000000.0,
        "Total Expenses": 8881000000.0,
        "Total Operating Income As Reported": 2376000000.0,
        "Diluted Average Shares": 1765000000.0,
        "Basic Average Shares": 1751219743.0,
        "Diluted EPS": 1.14,
        "Basic EPS": 1.15234,
        "Diluted NI Availto Com Stockholders": 2018000000.0,
        "Net Income Common Stockholders": 2018000000.0,
        "Net Income": 2018000000.0,
        "Net Income Including Noncontrolling Interests": 2018000000.0,
        "Net Income Continuous Operations": 2018000000.0,
        "Tax Provision": 334000000.0,
        "Pretax Income": 2352000000.0,
        "Other Income Expense": 82000000.0,
        "Other Non Operating Income Expenses": 82000000.0,
        "Gain On Sale Of Security": NaN,
        "Net Non Operating Interest Income Expense": -106000000.0,
        "Interest Expense Non Operating": 106000000.0,
        "Interest Income Non Operating": 26000000.0,
        "Operating Income": 2376000000.0,
        "Operating Expense": 3948000000.0,
        "Depreciation Amortization Depletion Income Statement": 507000000.0,
        "Depreciation And Amortization In Income Statement": 507000000.0,
        "Amortization": 507000000.0,
        "Amortization Of Intangibles Income Statement": 507000000.0,
        "Research And Development": 684000000.0,
        "Selling General And Administration": 2757000000.0,
        "Gross Profit": 6324000000.0,
        "Cost Of Revenue": 4933000000.0,
        "Total Revenue": 11257000000.0,
        "Operating Revenue": 11257000000.0
    },
    "2022-03-31": {
        "Diluted EPS": 1.37,
        "Total Revenue": NaN,
        "Gross Profit": NaN,
        "Operating Income": NaN,
        "EBIT": NaN,
        "Net Income": NaN
    },
    "2021-12-31": {
        "Diluted EPS": 1.11,
        "Total Revenue": NaN,
        "Gross Profit": NaN,
        "Operating Income": NaN,
        "EBIT": NaN,
        "Net Income": NaN
    },
    "2021-09-30": {
        "Diluted EPS": 1.17,
        "Total Revenue": NaN,
        "Gross Profit": NaN,
        "Operating Income": NaN,
        "EBIT": NaN,
        "Net Income": NaN
    },
    "2021-06-30": {
        "Diluted EPS": 0.66,
        "Total Revenue": NaN,
        "Gross Profit": NaN,
        "Operating Income": NaN,
        "EBIT": NaN,
        "Net Income": NaN
    },
    "2021-03-31": {
        "Diluted EPS": 1.0,
        "Total Revenue": NaN,
        "Gross Profit": NaN,
        "Operating Income": NaN,
        "EBIT": NaN,
        "Net Income": NaN
    },
    "2020-12-31": {
        "Diluted EPS": 1.2,
        "Total Revenue": NaN,
        "Gross Profit": NaN,
        "Operating Income": NaN,
        "EBIT": NaN,
        "Net Income": NaN
    },
    "2020-09-30": {
        "Diluted EPS": 0.69,
        "Total Revenue": NaN,
        "Gross Profit": NaN,
        "Operating Income": NaN,
        "EBIT": NaN,
        "Net Income": NaN
    },
    "2020-06-30": {
        "Diluted EPS": 0.3,
        "Total Revenue": NaN,
        "Gross Profit": NaN,
        "Operating Income": 672,
        "EBIT": NaN,
        "Net Income": 537
    },
    "2020-03-31": {
        "Diluted EPS": 0.31,
        "Total Revenue": NaN,
        "Gross Profit": NaN,
        "Operating Income": 758,
        "EBIT": NaN,
        "Net Income": 564
    },
    "2019-12-31": {
        "Diluted EPS": 0.59,
        "Total Revenue": NaN,
        "Gross Profit": NaN,
        "Operating Income": NaN,
        "EBIT": NaN,
        "Net Income": NaN
    },
    "2019-09-30": {
        "Diluted EPS": 0.53,
        "Total Revenue": NaN,
        "Gross Profit": NaN,
        "Operating Income": NaN,
        "EBIT": NaN,
        "Net Income": 960
    },
    "2019-06-30": {
        "Diluted EPS": 0.56,
        "Total Revenue": NaN,
        "Gross Profit": NaN,
        "Operating Income": NaN,
        "EBIT": NaN,
        "Net Income": NaN
    },
    "2019-03-31": {
        "Diluted EPS": 0.38,
        "Total Revenue": NaN,
        "Gross Profit": NaN,
        "Operating Income": 739,
        "EBIT": NaN,
        "Net Income": 672
    },
    "2018-12-31": {
        "Diluted EPS": 0.37,
        "Total Revenue": NaN,
        "Gross Profit": NaN,
        "Operating Income": NaN,
        "EBIT": NaN,
        "Net Income": 654
    },
    "2018-09-30": {
        "Diluted EPS": 0.32,
        "Total Revenue": NaN,
        "Gross Profit": NaN,
        "Operating Income": 995,
        "EBIT": NaN,
        "Net Income": 563
    },
    "2018-06-30": {
        "Diluted EPS": 0.41,
        "Total Revenue": NaN,
        "Gross Profit": NaN,
        "Operating Income": 882,
        "EBIT": NaN,
        "Net Income": 733
    },
    "2018-03-31": {
        "Diluted EPS": 0.23,
        "Total Revenue": NaN,
        "Gross Profit": NaN,
        "Operating Income": 608,
        "EBIT": NaN,
        "Net Income": 418
    },
    "2017-12-31": {
        "Diluted EPS": -0.47,
        "Total Revenue": NaN,
        "Gross Profit": NaN,
        "Operating Income": 651,
        "EBIT": NaN,
        "Net Income": -828
    },
    "2017-09-30": {
        "Diluted EPS": 0.34,
        "Total Revenue": NaN,
        "Gross Profit": NaN,
        "Operating Income": 769,
        "EBIT": NaN,
        "Net Income": 603
    },
    "2017-06-30": {
        "Diluted EPS": 0.16,
        "Total Revenue": NaN,
        "Gross Profit": NaN,
        "Operating Income": 386,
        "EBIT": NaN,
        "Net Income": 283
    },
    "2017-03-31": {
        "Diluted EPS": 0.24,
        "Total Revenue": NaN,
        "Gross Profit": NaN,
        "Operating Income": -242,
        "EBIT": 924,
        "Net Income": 419
    },
    "2016-12-31": {
        "Diluted EPS": 0.54,
        "Total Revenue": NaN,
        "Gross Profit": NaN,
        "Operating Income": 789,
        "EBIT": NaN,
        "Net Income": 798
    },
    "2016-09-30": {
        "Diluted EPS": -0.22,
        "Total Revenue": NaN,
        "Gross Profit": NaN,
        "Operating Income": 897,
        "EBIT": NaN,
        "Net Income": -329
    },
    "2016-06-30": {
        "Diluted EPS": 0.41,
        "Total Revenue": NaN,
        "Gross Profit": NaN,
        "Operating Income": 816,
        "EBIT": NaN,
        "Net Income": 615
    },
    "2016-03-31": {
        "Diluted EPS": 0.21,
        "Total Revenue": NaN,
        "Gross Profit": NaN,
        "Operating Income": 524,
        "EBIT": 871,
        "Net Income": 316
    },
    "2015-12-31": {
        "Diluted EPS": 0.51,
        "Total Revenue": NaN,
        "Gross Profit": NaN,
        "Operating Income": 815,
        "EBIT": NaN,
        "Net Income": 767
    },
    "2015-09-30": {
        "Diluted EPS": 0.38,
        "Total Revenue": NaN,
        "Gross Profit": NaN,
        "Operating Income": 713,
        "EBIT": NaN,
        "Net Income": 580
    },
    "2015-06-30": {
        "Diluted EPS": 0.52,
        "Total Revenue": NaN,
        "Gross Profit": NaN,
        "Operating Income": 729,
        "EBIT": NaN,
        "Net Income": 784
    },
    "2015-03-31": {
        "Diluted EPS": 1.51,
        "Total Revenue": NaN,
        "Gross Profit": NaN,
        "Operating Income": 610,
        "EBIT": 981,
        "Net Income": NaN
    },
    "2014-12-31": {
        "Diluted EPS": 0.59,
        "Total Revenue": NaN,
        "Gross Profit": NaN,
        "Operating Income": 829,
        "EBIT": NaN,
        "Net Income": 905
    },
    "2014-09-30": {
        "Diluted EPS": 0.36,
        "Total Revenue": NaN,
        "Gross Profit": NaN,
        "Operating Income": 728,
        "EBIT": NaN,
        "Net Income": 538
    },
    "2014-06-30": {
        "Diluted EPS": 0.3,
        "Total Revenue": NaN,
        "Gross Profit": NaN,
        "Operating Income": 677,
        "EBIT": NaN,
        "Net Income": 466
    },
    "2014-03-31": {
        "Diluted EPS": 0.24,
        "Total Revenue": NaN,
        "Gross Profit": NaN,
        "Operating Income": 365,
        "EBIT": 763,
        "Net Income": 375
    },
    "2013-12-31": {
        "Diluted EPS": 0.37,
        "Total Revenue": NaN,
        "Gross Profit": NaN,
        "Operating Income": 418,
        "EBIT": 844,
        "Net Income": 590
    },
    "2013-09-30": {
        "Diluted EPS": 0.61,
        "Total Revenue": NaN,
        "Gross Profit": NaN,
        "Operating Income": 473,
        "EBIT": 909,
        "Net Income": 966
    },
    "2013-06-30": {
        "Diluted EPS": 0.3,
        "Total Revenue": NaN,
        "Gross Profit": NaN,
        "Operating Income": 627,
        "EBIT": NaN,
        "Net Income": 476
    },
    "2013-03-31": {
        "Diluted EPS": 0.34,
        "Total Revenue": NaN,
        "Gross Profit": NaN,
        "Operating Income": 615,
        "EBIT": NaN,
        "Net Income": 544
    },
    "2012-12-31": {
        "Diluted EPS": 0.65,
        "Total Revenue": NaN,
        "Gross Profit": NaN,
        "Operating Income": -23,
        "EBIT": 564,
        "Net Income": NaN
    },
    "2012-09-30": {
        "Diluted EPS": 1.21,
        "Total Revenue": NaN,
        "Gross Profit": NaN,
        "Operating Income": 310,
        "EBIT": NaN,
        "Net Income": NaN
    },
    "2012-06-30": {
        "Diluted EPS": 1.08,
        "Total Revenue": NaN,
        "Gross Profit": NaN,
        "Operating Income": 564,
        "EBIT": NaN,
        "Net Income": NaN
    },
    "2012-03-31": {
        "Diluted EPS": 0.78,
        "Total Revenue": NaN,
        "Gross Profit": NaN,
        "Operating Income": 509,
        "EBIT": NaN,
        "Net Income": NaN
    },
    "2011-12-31": {
        "Diluted EPS": 1.02,
        "Total Revenue": NaN,
        "Gross Profit": NaN,
        "Operating Income": NaN,
        "EBIT": NaN,
        "Net Income": NaN
    },
    "2011-09-30": {
        "Diluted EPS": 0.19,
        "Total Revenue": NaN,
        "Gross Profit": NaN,
        "Operating Income": 595,
        "EBIT": NaN,
        "Net Income": 303
    },
    "2011-06-30": {
        "Diluted EPS": 1.23,
        "Total Revenue": NaN,
        "Gross Profit": NaN,
        "Operating Income": NaN,
        "EBIT": NaN,
        "Net Income": NaN
    },
    "2011-03-31": {
        "Diluted EPS": 0.55,
        "Total Revenue": NaN,
        "Gross Profit": NaN,
        "Operating Income": NaN,
        "EBIT": NaN,
        "Net Income": 864
    },
    "2010-12-31": {
        "Diluted EPS": 0.92,
        "Total Revenue": NaN,
        "Gross Profit": NaN,
        "Operating Income": NaN,
        "EBIT": NaN,
        "Net Income": NaN
    },
    "2010-09-30": {
        "Diluted EPS": 0.57,
        "Total Revenue": NaN,
        "Gross Profit": NaN,
        "Operating Income": NaN,
        "EBIT": NaN,
        "Net Income": 891
    },
    "2010-06-30": {
        "Diluted EPS": 0.83,
        "Total Revenue": NaN,
        "Gross Profit": NaN,
        "Operating Income": NaN,
        "EBIT": NaN,
        "Net Income": NaN
    },
    "2010-03-31": {
        "Diluted EPS": 0.64,
        "Total Revenue": NaN,
        "Gross Profit": NaN,
        "Operating Income": NaN,
        "EBIT": NaN,
        "Net Income": NaN
    },
    "2009-12-31": {
        "Diluted EPS": 0.99,
        "Total Revenue": NaN,
        "Gross Profit": NaN,
        "Operating Income": NaN,
        "EBIT": NaN,
        "Net Income": NaN
    },
    "2009-09-30": {
        "Diluted EPS": 0.95,
        "Total Revenue": NaN,
        "Gross Profit": NaN,
        "Operating Income": NaN,
        "EBIT": NaN,
        "Net Income": NaN
    },
    "2009-06-30": {
        "Diluted EPS": 0.83,
        "Total Revenue": NaN,
        "Gross Profit": NaN,
        "Operating Income": NaN,
        "EBIT": NaN,
        "Net Income": NaN
    },
    "2009-03-31": {
        "Diluted EPS": 0.92,
        "Total Revenue": NaN,
        "Gross Profit": NaN,
        "Operating Income": NaN,
        "EBIT": NaN,
        "Net Income": NaN
    },
    "2023-09-30": {
        "Tax Effect Of Unusual Items": 1406343.506882,
        "Tax Rate For Calcs": 0.140634,
        "Normalized EBITDA": 2651000000.0,
        "Total Unusual Items": 10000000.0,
        "Total Unusual Items Excluding Goodwill": 10000000.0,
        "Net Income From Continuing Operation Net Minority Interest": 1436000000.0,
        "Reconciled Depreciation": 824000000.0,
        "Reconciled Cost Of Revenue": 4277000000.0,
        "EBITDA": 2661000000.0,
        "EBIT": 1837000000.0,
        "Net Interest Income": -69000000.0,
        "Interest Expense": 166000000.0,
        "Interest Income": 97000000.0,
        "Normalized Income": 1427406343.506882,
        "Net Income From Continuing And Discontinued Operation": 1436000000.0,
        "Total Expenses": 8496000000.0,
        "Total Operating Income As Reported": 1647000000.0,
        "Diluted Average Shares": 1748000000.0,
        "Basic Average Shares": 1736058536.0,
        "Diluted EPS": 0.82,
        "Basic EPS": 0.827161,
        "Diluted NI Availto Com Stockholders": 1436000000.0,
        "Net Income Common Stockholders": 1436000000.0,
        "Net Income": 1436000000.0,
        "Net Income Including Noncontrolling Interests": 1436000000.0,
        "Net Income Continuous Operations": 1436000000.0,
        "Tax Provision": 235000000.0,
        "Pretax Income": 1671000000.0,
        "Other Income Expense": 93000000.0,
        "Other Non Operating Income Expenses": 83000000.0,
        "Gain On Sale Of Security": 10000000.0,
        "Net Non Operating Interest Income Expense": -69000000.0,
        "Interest Expense Non Operating": 166000000.0,
        "Interest Income Non Operating": 97000000.0,
        "Operating Income": 1647000000.0,
        "Operating Expense": 3891000000.0,
        "Depreciation Amortization Depletion Income Statement": 496000000.0,
        "Depreciation And Amortization In Income Statement": 496000000.0,
        "Amortization": 496000000.0,
        "Amortization Of Intangibles Income Statement": 496000000.0,
        "Research And Development": 672000000.0,
        "Selling General And Administration": 2723000000.0,
        "Gross Profit": 5538000000.0,
        "Cost Of Revenue": 4605000000.0,
        "Total Revenue": 10143000000.0,
        "Operating Revenue": 10143000000.0
    },
    "2023-12-31": {
        "Tax Effect Of Unusual Items": -2687465.181058,
        "Tax Rate For Calcs": 0.111978,
        "Normalized EBITDA": 2791000000.0,
        "Total Unusual Items": -24000000.0,
        "Total Unusual Items Excluding Goodwill": -24000000.0,
        "Net Income From Continuing Operation Net Minority Interest": 1594000000.0,
        "Reconciled Depreciation": 813000000.0,
        "Reconciled Cost Of Revenue": 4224000000.0,
        "EBITDA": 2767000000.0,
        "EBIT": 1954000000.0,
        "Net Interest Income": -70000000.0,
        "Interest Expense": 159000000.0,
        "Interest Income": 89000000.0,
        "Normalized Income": 1615312534.818942,
        "Net Income From Continuing And Discontinued Operation": 1594000000.0,
        "Total Expenses": 8461000000.0,
        "Total Operating Income As Reported": 1780000000.0,
        "Diluted Average Shares": 1748000000.0,
        "Basic Average Shares": 1734076358.0,
        "Diluted EPS": 0.91,
        "Basic EPS": 0.919221,
        "Diluted NI Availto Com Stockholders": 1594000000.0,
        "Net Income Common Stockholders": 1594000000.0,
        "Net Income": 1594000000.0,
        "Net Income Including Noncontrolling Interests": 1594000000.0,
        "Net Income Continuous Operations": 1594000000.0,
        "Tax Provision": 201000000.0,
        "Pretax Income": 1795000000.0,
        "Other Income Expense": 85000000.0,
        "Other Non Operating Income Expenses": 109000000.0,
        "Gain On Sale Of Security": -24000000.0,
        "Net Non Operating Interest Income Expense": -70000000.0,
        "Interest Expense Non Operating": 159000000.0,
        "Interest Income Non Operating": 89000000.0,
        "Operating Income": 1780000000.0,
        "Operating Expense": 3905000000.0,
        "Depreciation Amortization Depletion Income Statement": 481000000.0,
        "Depreciation And Amortization In Income Statement": 481000000.0,
        "Amortization": 481000000.0,
        "Amortization Of Intangibles Income Statement": 481000000.0,
        "Research And Development": 700000000.0,
        "Selling General And Administration": 2724000000.0,
        "Gross Profit": 5685000000.0,
        "Cost Of Revenue": 4556000000.0,
        "Total Revenue": 10241000000.0,
        "Operating Revenue": 10241000000.0
    },
    "2024-03-31": {
        "Tax Effect Of Unusual Items": 0.0,
        "Tax Rate For Calcs": 0.146936,
        "Normalized EBITDA": 2382000000.0,
        "Total Unusual Items": NaN,
        "Total Unusual Items Excluding Goodwill": NaN,
        "Net Income From Continuing Operation Net Minority Interest": 1225000000.0,
        "Reconciled Depreciation": 805000000.0,
        "Reconciled Cost Of Revenue": 4130000000.0,
        "EBITDA": 2382000000.0,
        "EBIT": 1577000000.0,
        "Net Interest Income": -61000000.0,
        "Interest Expense": 141000000.0,
        "Interest Income": 80000000.0,
        "Normalized Income": 1225000000.0,
        "Net Income From Continuing And Discontinued Operation": 1225000000.0,
        "Total Expenses": 8578000000.0,
        "Total Operating Income As Reported": 1386000000.0,
        "Diluted Average Shares": 1750000000.0,
        "Basic Average Shares": 1739633759.0,
        "Diluted EPS": 0.7,
        "Basic EPS": 0.704171,
        "Diluted NI Availto Com Stockholders": 1225000000.0,
        "Net Income Common Stockholders": 1225000000.0,
        "Net Income": 1225000000.0,
        "Net Income Including Noncontrolling Interests": 1225000000.0,
        "Net Income Continuous Operations": 1225000000.0,
        "Tax Provision": 211000000.0,
        "Pretax Income": 1436000000.0,
        "Other Income Expense": 111000000.0,
        "Other Non Operating Income Expenses": 111000000.0,
        "Gain On Sale Of Security": NaN,
        "Net Non Operating Interest Income Expense": -61000000.0,
        "Interest Expense Non Operating": 141000000.0,
        "Interest Income Non Operating": 80000000.0,
        "Operating Income": 1386000000.0,
        "Operating Expense": 4115000000.0,
        "Depreciation Amortization Depletion Income Statement": 472000000.0,
        "Depreciation And Amortization In Income Statement": 472000000.0,
        "Amortization": 472000000.0,
        "Amortization Of Intangibles Income Statement": 472000000.0,
        "Research And Development": 684000000.0,
        "Selling General And Administration": 2959000000.0,
        "Gross Profit": 5501000000.0,
        "Cost Of Revenue": 4463000000.0,
        "Total Revenue": 9964000000.0,
        "Operating Revenue": 9964000000.0
    }
}