{
    "2023-03-31": {
        "Tax Effect Of Unusual Items": NaN,
        "Tax Rate For Calcs": NaN,
        "Normalized EBITDA": NaN,
        "Total Unusual Items": NaN,
        "Total Unusual Items Excluding Goodwill": NaN,
        "Net Income From Continuing Operation Net Minority Interest": NaN,
        "Reconciled Depreciation": NaN,
        "EBITDA": NaN,
        "EBIT": NaN,
        "Net Interest Income": NaN,
        "Interest Expense": NaN,
        "Interest Income": NaN,
        "Normalized Income": NaN,
        "Net Income From Continuing And Discontinued Operation": NaN,
        "Total Expenses": NaN,
        "Total Operating Income As Reported": NaN,
        "Diluted Average Shares": NaN,
        "Basic Average Shares": NaN,
        "Diluted EPS": NaN,
        "Basic EPS": NaN,
        "Diluted NI Availto Com Stockholders": NaN,
        "Net Income Common Stockholders": NaN,
        "Net Income": NaN,
        "Net Income Including Noncontrolling Interests": NaN,
        "Net Income Continuous Operations": NaN,
        "Tax Provision": 0.0,
        "Pretax Income": NaN,
        "Other Income Expense": NaN,
        "Special Income Charges": NaN,
        "Restructuring And Mergern Acquisition": NaN,
        "Gain On Sale Of Security": NaN,
        "Net Non Operating Interest Income Expense": NaN,
        "Interest Expense Non Operating": NaN,
        "Interest Income Non Operating": NaN,
        "Operating Income": NaN,
        "Operating Expense": NaN,
        "Research And Development": NaN,
        "Selling General And Administration": NaN,
        "General And Administrative Expense": NaN,
        "Other Gand A": NaN,
        "Total Revenue": NaN,
        "Operating Revenue": NaN
    },
    "2022-12-31": {
        "Tax Effect Of Unusual Items": NaN,
        "Tax Rate For Calcs": NaN,
        "Normalized EBITDA": NaN,
        "Total Unusual Items": NaN,
        "Total Unusual Items Excluding Goodwill": NaN,
        "Net Income From Continuing Operation Net Minority Interest": NaN,
        "Reconciled Depreciation": NaN,
        "EBITDA": NaN,
        "EBIT": NaN,
        "Net Interest Income": NaN,
        "Interest Expense": NaN,
        "Interest Income": NaN,
        "Normalized Income": NaN,
        "Net Income From Continuing And Discontinued Operation": NaN,
        "Total Expenses": NaN,
        "Total Operating Income As Reported": NaN,
        "Diluted Average Shares": NaN,
        "Basic Average Shares": NaN,
        "Diluted EPS": NaN,
        "Basic EPS": NaN,
        "Diluted NI Availto Com Stockholders": NaN,
        "Net Income Common Stockholders": NaN,
        "Otherunder Preferred Stock Dividend": 0.0,
        "Net Income": NaN,
        "Net Income Including Noncontrolling Interests": NaN,
        "Net Income Continuous Operations": NaN,
        "Tax Provision": 0.0,
        "Pretax Income": NaN,
        "Other Income Expense": NaN,
        "Special Income Charges": NaN,
        "Restructuring And Mergern Acquisition": NaN,
        "Gain On Sale Of Security": NaN,
        "Net Non Operating Interest Income Expense": NaN,
        "Interest Expense Non Operating": NaN,
        "Interest Income Non Operating": NaN,
        "Operating Income": NaN,
        "Operating Expense": NaN,
        "Research And Development": NaN,
        "Selling General And Administration": NaN,
        "General And Administrative Expense": NaN,
        "Other Gand A": NaN,
        "Total Revenue": NaN,
        "Operating Revenue": NaN
    },
    "2022-09-30": {
        "Tax Effect Of Unusual Items": NaN,
        "Tax Rate For Calcs": NaN,
        "Normalized EBITDA": NaN,
        "Total Unusual Items": NaN,
        "Total Unusual Items Excluding Goodwill": NaN,
        "Net Income From Continuing Operation Net Minority Interest": NaN,
        "Reconciled Depreciation": NaN,
        "EBITDA": NaN,
        "EBIT": NaN,
        "Net Interest Income": NaN,
        "Interest Expense": NaN,
        "Interest Income": NaN,
        "Normalized Income": NaN,
        "Net Income From Continuing And Discontinued Operation": NaN,
        "Total Expenses": NaN,
        "Total Operating Income As Reported": NaN,
        "Diluted Average Shares": 150995191.0,
        "Basic Average Shares": 150995191.0,
        "Diluted EPS": -0.12,
        "Basic EPS": -0.12,
        "Diluted NI Availto Com Stockholders": NaN,
        "Net Income Common Stockholders": NaN,
        "Otherunder Preferred Stock Dividend": 0.0,
        "Net Income": NaN,
        "Net Income Including Noncontrolling Interests": NaN,
        "Net Income Continuous Operations": NaN,
        "Tax Provision": NaN,
        "Pretax Income": NaN,
        "Other Income Expense": NaN,
        "Special Income Charges": NaN,
        "Restructuring And Mergern Acquisition": NaN,
        "Gain On Sale Of Security": NaN,
        "Net Non Operating Interest Income Expense": NaN,
        "Interest Expense Non Operating": NaN,
        "Interest Income Non Operating": NaN,
        "Operating Income": NaN,
        "Operating Expense": NaN,
        "Research And Development": NaN,
        "Selling General And Administration": NaN,
        "General And Administrative Expense": NaN,
        "Other Gand A": NaN,
        "Total Revenue": NaN,
        "Operating Revenue": NaN
    },
    "2022-06-30": {
        "Tax Effect Of Unusual Items": 0.0,
        "Tax Rate For Calcs": 0.0,
        "Normalized EBITDA": -13122000.0,
        "Total Unusual Items": -205000.0,
        "Total Unusual Items Excluding Goodwill": -205000.0,
        "Net Income From Continuing Operation Net Minority Interest": -14192000.0,
        "Reconciled Depreciation": 383000.0,
        "EBITDA": -13327000.0,
        "EBIT": -13710000.0,
        "Net Interest Income": -86000.0,
        "Interest Expense": 482000.0,
        "Interest Income": 396000.0,
        "Normalized Income": -13987000.0,
        "Net Income From Continuing And Discontinued Operation": -14192000.0,
        "Total Expenses": 28142000.0,
        "Total Operating Income As Reported": -14109000.0,
        "Diluted Average Shares": 148750048.0,
        "Basic Average Shares": 148750048.0,
        "Diluted EPS": -0.1,
        "Basic EPS": -0.1,
        "Diluted NI Availto Com Stockholders": -14192000.0,
        "Net Income Common Stockholders": -14192000.0,
        "Otherunder Preferred Stock Dividend": 0.0,
        "Net Income": -14192000.0,
        "Net Income Including Noncontrolling Interests": -14192000.0,
        "Net Income Continuous Operations": -14192000.0,
        "Tax Provision": 0.0,
        "Pretax Income": -14192000.0,
        "Other Income Expense": -205000.0,
        "Special Income Charges": -208000.0,
        "Restructuring And Mergern Acquisition": 208000.0,
        "Gain On Sale Of Security": 3000.0,
        "Net Non Operating Interest Income Expense": -86000.0,
        "Interest Expense Non Operating": 482000.0,
        "Interest Income Non Operating": 396000.0,
        "Operating Income": -13901000.0,
        "Operating Expense": 28142000.0,
        "Research And Development": 22942000.0,
        "Selling General And Administration": 5200000.0,
        "General And Administrative Expense": 5200000.0,
        "Other Gand A": 5200000.0,
        "Total Revenue": 14241000.0,
        "Operating Revenue": 14241000.0
    },
    "2022-03-31": {
        "Diluted EPS": -0.11,
        "Total Revenue": 13,
        "Gross Profit": 13,
        "Operating Income": -11,
        "EBIT": -11,
        "Net Income": -16
    },
    "2021-12-31": {
        "Diluted EPS": -0.15,
        "Total Revenue": 3,
        "Gross Profit": 3,
        "Operating Income": -21,
        "EBIT": -20,
        "Net Income": -22
    },
    "2021-09-30": {
        "Diluted EPS": -0.24,
        "Total Revenue": 3,
        "Gross Profit": 3,
        "Operating Income": -18,
        "EBIT": -18,
        "Net Income": -24
    },
    "2021-06-30": {
        "Diluted EPS": -0.23,
        "Total Revenue": 2,
        "Gross Profit": 2,
        "Operating Income": -19,
        "EBIT": -18,
        "Net Income": -23
    },
    "2021-03-31": {
        "Diluted EPS": -0.21,
        "Total Revenue": 2,
        "Gross Profit": 2,
        "Operating Income": -16,
        "EBIT": -15,
        "Net Income": -20
    },
    "2020-12-31": {
        "Diluted EPS": -0.23,
        "Total Revenue": 2,
        "Gross Profit": 2,
        "Operating Income": -16,
        "EBIT": -16,
        "Net Income": -20
    },
    "2020-09-30": {
        "Diluted EPS": -0.27,
        "Total Revenue": 2,
        "Gross Profit": 2,
        "Operating Income": -15,
        "EBIT": -15,
        "Net Income": -22
    },
    "2020-06-30": {
        "Diluted EPS": -0.25,
        "Total Revenue": 2,
        "Gross Profit": 2,
        "Operating Income": -13,
        "EBIT": -13,
        "Net Income": -17
    },
    "2020-03-31": {
        "Diluted EPS": -0.25,
        "Total Revenue": 1,
        "Gross Profit": 1,
        "Operating Income": -13,
        "EBIT": -13,
        "Net Income": -17
    },
    "2019-12-31": {
        "Diluted EPS": -0.46,
        "Total Revenue": 2,
        "Gross Profit": 2,
        "Operating Income": -13,
        "EBIT": -13,
        "Net Income": -28
    },
    "2019-09-30": {
        "Diluted EPS": -1.5,
        "Total Revenue": 3,
        "Gross Profit": 3,
        "Operating Income": -91,
        "EBIT": -24,
        "Net Income": -85
    },
    "2019-06-30": {
        "Diluted EPS": -0.46,
        "Total Revenue": 1,
        "Gross Profit": 1,
        "Operating Income": -21,
        "EBIT": -20,
        "Net Income": -26
    },
    "2019-03-31": {
        "Diluted EPS": -0.47,
        "Total Revenue": 1,
        "Gross Profit": 1,
        "Operating Income": -19,
        "EBIT": -19,
        "Net Income": -26
    },
    "2018-12-31": {
        "Diluted EPS": -0.37,
        "Total Revenue": 2,
        "Gross Profit": 2,
        "Operating Income": -17,
        "EBIT": -16,
        "Net Income": -21
    },
    "2018-09-30": {
        "Diluted EPS": -0.49,
        "Total Revenue": 2,
        "Gross Profit": 2,
        "Operating Income": -32,
        "EBIT": -17,
        "Net Income": -27
    },
    "2018-06-30": {
        "Diluted EPS": 0.01,
        "Total Revenue": 1,
        "Gross Profit": 1,
        "Operating Income": -22,
        "EBIT": -21,
        "Net Income": 1
    },
    "2018-03-31": {
        "Diluted EPS": -0.36,
        "Total Revenue": 1,
        "Gross Profit": 1,
        "Operating Income": -18,
        "EBIT": -18,
        "Net Income": -20
    },
    "2017-12-31": {
        "Diluted EPS": -0.68,
        "Total Revenue": 3,
        "Gross Profit": 3,
        "Operating Income": -60,
        "EBIT": -19,
        "Net Income": -37
    },
    "2017-09-30": {
        "Diluted EPS": -0.21,
        "Total Revenue": 7,
        "Gross Profit": 7,
        "Operating Income": -13,
        "EBIT": -12,
        "Net Income": -12
    },
    "2017-06-30": {
        "Diluted EPS": -0.33,
        "Total Revenue": 1,
        "Gross Profit": 1,
        "Operating Income": -19,
        "EBIT": -19,
        "Net Income": -18
    },
    "2017-03-31": {
        "Diluted EPS": -0.34,
        "Total Revenue": 0,
        "Gross Profit": 0,
        "Operating Income": -18,
        "EBIT": -18,
        "Net Income": -19
    },
    "2016-12-31": {
        "Diluted EPS": -4.09,
        "Total Revenue": 0,
        "Gross Profit": 0,
        "Operating Income": -257,
        "EBIT": -22,
        "Net Income": -219
    },
    "2016-09-30": {
        "Diluted EPS": -0.37,
        "Total Revenue": 1,
        "Gross Profit": 1,
        "Operating Income": -19,
        "EBIT": -19,
        "Net Income": -20
    },
    "2016-06-30": {
        "Diluted EPS": -2.47,
        "Total Revenue": 0,
        "Gross Profit": 0,
        "Operating Income": -195,
        "EBIT": -39,
        "Net Income": -130
    },
    "2016-03-31": {
        "Diluted EPS": -0.31,
        "Total Revenue": 1,
        "Gross Profit": 1,
        "Operating Income": -20,
        "EBIT": -20,
        "Net Income": -16
    },
    "2015-12-31": {
        "Diluted EPS": -0.1,
        "Total Revenue": 13,
        "Gross Profit": 13,
        "Operating Income": -12,
        "EBIT": -11,
        "Net Income": -5
    },
    "2015-09-30": {
        "Diluted EPS": -0.57,
        "Total Revenue": 4,
        "Gross Profit": 4,
        "Operating Income": -58,
        "EBIT": -20,
        "Net Income": -29
    },
    "2015-06-30": {
        "Diluted EPS": -0.27,
        "Total Revenue": 3,
        "Gross Profit": 3,
        "Operating Income": -14,
        "EBIT": -14,
        "Net Income": -15
    },
    "2015-03-31": {
        "Diluted EPS": -0.4,
        "Total Revenue": 5,
        "Gross Profit": 5,
        "Operating Income": -18,
        "EBIT": -18,
        "Net Income": -12
    },
    "2014-12-31": {
        "Diluted EPS": -0.22,
        "Total Revenue": 4,
        "Gross Profit": 4,
        "Operating Income": -11,
        "EBIT": -11,
        "Net Income": -6
    },
    "2014-09-30": {
        "Diluted EPS": -0.39,
        "Total Revenue": 4,
        "Gross Profit": 4,
        "Operating Income": -7,
        "EBIT": -7,
        "Net Income": -9
    },
    "2014-06-30": {
        "Diluted EPS": -0.28,
        "Total Revenue": 2,
        "Gross Profit": 2,
        "Operating Income": -9,
        "EBIT": -9,
        "Net Income": -6
    },
    "2014-03-31": {
        "Diluted EPS": -0.91,
        "Total Revenue": 4,
        "Gross Profit": 4,
        "Operating Income": -6,
        "EBIT": -6,
        "Net Income": -18
    },
    "2013-12-31": {
        "Diluted EPS": -0.15,
        "Total Revenue": 8,
        "Gross Profit": 8,
        "Operating Income": -2,
        "EBIT": -2,
        "Net Income": -3
    },
    "2013-09-30": {
        "Diluted EPS": -0.41,
        "Total Revenue": 3,
        "Gross Profit": 3,
        "Operating Income": -4,
        "EBIT": -4,
        "Net Income": -6
    },
    "2013-06-30": {
        "Diluted EPS": -0.21,
        "Total Revenue": 3,
        "Gross Profit": 3,
        "Operating Income": -3,
        "EBIT": -3,
        "Net Income": -3
    },
    "2013-03-31": {
        "Diluted EPS": -0.18,
        "Total Revenue": 2,
        "Gross Profit": 2,
        "Operating Income": -3,
        "EBIT": -3,
        "Net Income": -3
    },
    "2012-12-31": {
        "Diluted EPS": 2.47,
        "Total Revenue": 4,
        "Gross Profit": 4,
        "Operating Income": -6,
        "EBIT": -6,
        "Net Income": 38
    },
    "2012-09-30": {
        "Diluted EPS": -0.25,
        "Total Revenue": 3,
        "Gross Profit": 3,
        "Operating Income": -2,
        "EBIT": -2,
        "Net Income": -3
    },
    "2012-06-30": {
        "Diluted EPS": -0.14,
        "Total Revenue": 4,
        "Gross Profit": 4,
        "Operating Income": -2,
        "EBIT": -2,
        "Net Income": -2
    },
    "2012-03-31": {
        "Diluted EPS": -0.25,
        "Total Revenue": 4,
        "Gross Profit": 4,
        "Operating Income": -3,
        "EBIT": -2,
        "Net Income": -3
    },
    "2011-12-31": {
        "Diluted EPS": -0.15,
        "Total Revenue": 4,
        "Gross Profit": 4,
        "Operating Income": -2,
        "EBIT": -2,
        "Net Income": -2
    },
    "2011-09-30": {
        "Diluted EPS": -0.12,
        "Total Revenue": 4,
        "Gross Profit": 4,
        "Operating Income": -2,
        "EBIT": -2,
        "Net Income": -1
    },
    "2011-06-30": {
        "Diluted EPS": -0.34,
        "Total Revenue": 4,
        "Gross Profit": 4,
        "Operating Income": -4,
        "EBIT": -4,
        "Net Income": -4
    },
    "2011-03-31": {
        "Diluted EPS": -0.31,
        "Total Revenue": 5,
        "Gross Profit": 5,
        "Operating Income": -3,
        "EBIT": -3,
        "Net Income": -3
    },
    "2010-12-31": {
        "Diluted EPS": -0.08,
        "Total Revenue": 5,
        "Gross Profit": 5,
        "Operating Income": -2,
        "EBIT": -4,
        "Net Income": -1
    },
    "2010-09-30": {
        "Diluted EPS": -0.25,
        "Total Revenue": 10,
        "Gross Profit": 10,
        "Operating Income": 3,
        "EBIT": 4,
        "Net Income": -3
    },
    "2010-06-30": {
        "Diluted EPS": -0.08,
        "Total Revenue": 2,
        "Gross Profit": 2,
        "Operating Income": -4,
        "EBIT": -3,
        "Net Income": -4
    },
    "2010-03-31": {
        "Diluted EPS": -0.09,
        "Total Revenue": 2,
        "Gross Profit": 2,
        "Operating Income": -4,
        "EBIT": -4,
        "Net Income": -4
    },
    "2009-12-31": {
        "Diluted EPS": -0.05,
        "Total Revenue": 4,
        "Gross Profit": 4,
        "Operating Income": -2,
        "EBIT": -2,
        "Net Income": -2
    },
    "2009-09-30": {
        "Diluted EPS": -0.05,
        "Total Revenue": 3,
        "Gross Profit": 3,
        "Operating Income": -2,
        "EBIT": -2,
        "Net Income": -3
    },
    "2009-06-30": {
        "Diluted EPS": -0.03,
        "Total Revenue": 3,
        "Gross Profit": 3,
        "Operating Income": -2,
        "EBIT": -1,
        "Net Income": -2
    },
    "2009-03-31": {
        "Diluted EPS": -0.03,
        "Total Revenue": 2,
        "Gross Profit": 2,
        "Operating Income": -2,
        "EBIT": -1,
        "Net Income": -2
    },
    "2023-06-30": {
        "Tax Effect Of Unusual Items": NaN,
        "Tax Rate For Calcs": NaN,
        "Normalized EBITDA": NaN,
        "Total Unusual Items": NaN,
        "Total Unusual Items Excluding Goodwill": NaN,
        "Net Income From Continuing Operation Net Minority Interest": NaN,
        "Reconciled Depreciation": NaN,
        "EBITDA": NaN,
        "EBIT": NaN,
        "Net Interest Income": NaN,
        "Interest Expense": NaN,
        "Interest Income": NaN,
        "Normalized Income": NaN,
        "Net Income From Continuing And Discontinued Operation": NaN,
        "Total Expenses": NaN,
        "Total Operating Income As Reported": NaN,
        "Diluted Average Shares": 166063284.0,
        "Basic Average Shares": 166063284.0,
        "Diluted EPS": -0.1,
        "Basic EPS": -0.1,
        "Diluted NI Availto Com Stockholders": NaN,
        "Net Income Common Stockholders": NaN,
        "Net Income": NaN,
        "Net Income Including Noncontrolling Interests": NaN,
        "Net Income Continuous Operations": NaN,
        "Tax Provision": 0.0,
        "Pretax Income": NaN,
        "Other Income Expense": NaN,
        "Special Income Charges": NaN,
        "Restructuring And Mergern Acquisition": NaN,
        "Gain On Sale Of Security": NaN,
        "Net Non Operating Interest Income Expense": NaN,
        "Interest Expense Non Operating": NaN,
        "Interest Income Non Operating": NaN,
        "Operating Income": NaN,
        "Operating Expense": NaN,
        "Research And Development": NaN,
        "Selling General And Administration": NaN,
        "General And Administrative Expense": NaN,
        "Other Gand A": NaN,
        "Total Revenue": NaN,
        "Operating Revenue": NaN
    },
    "2023-09-30": {
        "Tax Effect Of Unusual Items": 0.0,
        "Tax Rate For Calcs": 0.0,
        "Normalized EBITDA": -19490000.0,
        "Total Unusual Items": -199000.0,
        "Total Unusual Items Excluding Goodwill": -199000.0,
        "Net Income From Continuing Operation Net Minority Interest": -20104000.0,
        "Reconciled Depreciation": 369000.0,
        "EBITDA": -19689000.0,
        "EBIT": -20058000.0,
        "Net Interest Income": 1448000.0,
        "Interest Expense": 46000.0,
        "Interest Income": 1494000.0,
        "Normalized Income": -19905000.0,
        "Net Income From Continuing And Discontinued Operation": -20104000.0,
        "Total Expenses": 26011000.0,
        "Total Operating Income As Reported": -21558000.0,
        "Diluted Average Shares": 167512708.0,
        "Basic Average Shares": 167512708.0,
        "Diluted EPS": -0.12,
        "Basic EPS": -0.12,
        "Diluted NI Availto Com Stockholders": -20104000.0,
        "Net Income Common Stockholders": -20104000.0,
        "Net Income": -20104000.0,
        "Net Income Including Noncontrolling Interests": -20104000.0,
        "Net Income Continuous Operations": -20104000.0,
        "Tax Provision": 0.0,
        "Pretax Income": -20104000.0,
        "Other Income Expense": -199000.0,
        "Special Income Charges": -205000.0,
        "Restructuring And Mergern Acquisition": 205000.0,
        "Gain On Sale Of Security": 6000.0,
        "Net Non Operating Interest Income Expense": 1448000.0,
        "Interest Expense Non Operating": 46000.0,
        "Interest Income Non Operating": 1494000.0,
        "Operating Income": -21353000.0,
        "Operating Expense": 26011000.0,
        "Research And Development": 20169000.0,
        "Selling General And Administration": 5842000.0,
        "General And Administrative Expense": 5842000.0,
        "Other Gand A": 5842000.0,
        "Total Revenue": 4658000.0,
        "Operating Revenue": 4658000.0
    },
    "2023-12-31": {
        "Tax Effect Of Unusual Items": 0.0,
        "Tax Rate For Calcs": 0.0,
        "Normalized EBITDA": -18696000.0,
        "Total Unusual Items": -213000.0,
        "Total Unusual Items Excluding Goodwill": -213000.0,
        "Net Income From Continuing Operation Net Minority Interest": -19312000.0,
        "Reconciled Depreciation": 359000.0,
        "EBITDA": -18909000.0,
        "EBIT": -19268000.0,
        "Net Interest Income": 1421000.0,
        "Interest Expense": 44000.0,
        "Interest Income": 1465000.0,
        "Normalized Income": -19099000.0,
        "Net Income From Continuing And Discontinued Operation": -19312000.0,
        "Total Expenses": 22665000.0,
        "Total Operating Income As Reported": -20747000.0,
        "Diluted Average Shares": NaN,
        "Basic Average Shares": NaN,
        "Diluted EPS": NaN,
        "Basic EPS": NaN,
        "Diluted NI Availto Com Stockholders": -19312000.0,
        "Net Income Common Stockholders": -19312000.0,
        "Net Income": -19312000.0,
        "Net Income Including Noncontrolling Interests": -19312000.0,
        "Net Income Continuous Operations": -19312000.0,
        "Tax Provision": 0.0,
        "Pretax Income": -19312000.0,
        "Other Income Expense": -213000.0,
        "Special Income Charges": -227000.0,
        "Restructuring And Mergern Acquisition": 227000.0,
        "Gain On Sale Of Security": 14000.0,
        "Net Non Operating Interest Income Expense": 1421000.0,
        "Interest Expense Non Operating": 44000.0,
        "Interest Income Non Operating": 1465000.0,
        "Operating Income": -20520000.0,
        "Operating Expense": 22665000.0,
        "Research And Development": 17564000.0,
        "Selling General And Administration": 5101000.0,
        "General And Administrative Expense": 5101000.0,
        "Other Gand A": 5101000.0,
        "Total Revenue": 2145000.0,
        "Operating Revenue": 2145000.0
    },
    "2024-03-31": {
        "Tax Effect Of Unusual Items": 0.0,
        "Tax Rate For Calcs": 0.0,
        "Normalized EBITDA": -17283000.0,
        "Total Unusual Items": -193000.0,
        "Total Unusual Items Excluding Goodwill": -193000.0,
        "Net Income From Continuing Operation Net Minority Interest": -17875000.0,
        "Reconciled Depreciation": 355000.0,
        "EBITDA": -17476000.0,
        "EBIT": -17831000.0,
        "Net Interest Income": 1501000.0,
        "Interest Expense": 44000.0,
        "Interest Income": 1545000.0,
        "Normalized Income": -17682000.0,
        "Net Income From Continuing And Discontinued Operation": -17875000.0,
        "Total Expenses": 20715000.0,
        "Total Operating Income As Reported": -19363000.0,
        "Diluted Average Shares": 175625552.0,
        "Basic Average Shares": 175625552.0,
        "Diluted EPS": -0.1,
        "Basic EPS": -0.1,
        "Diluted NI Availto Com Stockholders": -17875000.0,
        "Net Income Common Stockholders": -17875000.0,
        "Net Income": -17875000.0,
        "Net Income Including Noncontrolling Interests": -17875000.0,
        "Net Income Continuous Operations": -17875000.0,
        "Tax Provision": NaN,
        "Pretax Income": -17875000.0,
        "Other Income Expense": -193000.0,
        "Special Income Charges": -180000.0,
        "Restructuring And Mergern Acquisition": 180000.0,
        "Gain On Sale Of Security": -13000.0,
        "Net Non Operating Interest Income Expense": 1501000.0,
        "Interest Expense Non Operating": 44000.0,
        "Interest Income Non Operating": 1545000.0,
        "Operating Income": -19183000.0,
        "Operating Expense": 20715000.0,
        "Research And Development": 15403000.0,
        "Selling General And Administration": 5312000.0,
        "General And Administrative Expense": 5312000.0,
        "Other Gand A": 5312000.0,
        "Total Revenue": 1532000.0,
        "Operating Revenue": 1532000.0
    },
    "2024-06-30": {
        "Tax Effect Of Unusual Items": 0.0,
        "Tax Rate For Calcs": 0.0,
        "Normalized EBITDA": -19187000.0,
        "Total Unusual Items": -219000.0,
        "Total Unusual Items Excluding Goodwill": -219000.0,
        "Net Income From Continuing Operation Net Minority Interest": -19796000.0,
        "Reconciled Depreciation": 356000.0,
        "EBITDA": -19406000.0,
        "EBIT": -19762000.0,
        "Net Interest Income": 1795000.0,
        "Interest Expense": 34000.0,
        "Interest Income": 1829000.0,
        "Normalized Income": -19577000.0,
        "Net Income From Continuing And Discontinued Operation": -19796000.0,
        "Total Expenses": 23098000.0,
        "Total Operating Income As Reported": -21583000.0,
        "Diluted Average Shares": 188041489.0,
        "Basic Average Shares": 188041489.0,
        "Diluted EPS": -0.11,
        "Basic EPS": -0.11,
        "Diluted NI Availto Com Stockholders": -19796000.0,
        "Net Income Common Stockholders": -19796000.0,
        "Net Income": -19796000.0,
        "Net Income Including Noncontrolling Interests": -19796000.0,
        "Net Income Continuous Operations": -19796000.0,
        "Tax Provision": NaN,
        "Pretax Income": -19796000.0,
        "Other Income Expense": -219000.0,
        "Special Income Charges": -211000.0,
        "Restructuring And Mergern Acquisition": 211000.0,
        "Gain On Sale Of Security": -8000.0,
        "Net Non Operating Interest Income Expense": 1795000.0,
        "Interest Expense Non Operating": 34000.0,
        "Interest Income Non Operating": 1829000.0,
        "Operating Income": -21372000.0,
        "Operating Expense": 23098000.0,
        "Research And Development": 15551000.0,
        "Selling General And Administration": 7547000.0,
        "General And Administrative Expense": 7547000.0,
        "Other Gand A": 7547000.0,
        "Total Revenue": 1726000.0,
        "Operating Revenue": 1726000.0
    },
    "2024-09-30": {
        "Tax Effect Of Unusual Items": 0.0,
        "Tax Rate For Calcs": 0.0,
        "Normalized EBITDA": -15388000.0,
        "Total Unusual Items": -3964000.0,
        "Total Unusual Items Excluding Goodwill": -3964000.0,
        "Net Income From Continuing Operation Net Minority Interest": -19717000.0,
        "Reconciled Depreciation": 336000.0,
        "EBITDA": -19352000.0,
        "EBIT": -19688000.0,
        "Net Interest Income": 1718000.0,
        "Interest Expense": 29000.0,
        "Interest Income": 1747000.0,
        "Normalized Income": -15753000.0,
        "Net Income From Continuing And Discontinued Operation": -19717000.0,
        "Total Expenses": 18810000.0,
        "Total Operating Income As Reported": -21440000.0,
        "Diluted Average Shares": 188997194.0,
        "Basic Average Shares": 188997194.0,
        "Diluted EPS": -0.1,
        "Basic EPS": -0.1,
        "Diluted NI Availto Com Stockholders": -19717000.0,
        "Net Income Common Stockholders": -19717000.0,
        "Net Income": -19717000.0,
        "Net Income Including Noncontrolling Interests": -19717000.0,
        "Net Income Continuous Operations": -19717000.0,
        "Tax Provision": NaN,
        "Pretax Income": -19717000.0,
        "Other Income Expense": -3964000.0,
        "Special Income Charges": -3969000.0,
        "Restructuring And Mergern Acquisition": 3969000.0,
        "Gain On Sale Of Security": 5000.0,
        "Net Non Operating Interest Income Expense": 1718000.0,
        "Interest Expense Non Operating": 29000.0,
        "Interest Income Non Operating": 1747000.0,
        "Operating Income": -17471000.0,
        "Operating Expense": 18810000.0,
        "Research And Development": 14273000.0,
        "Selling General And Administration": 4537000.0,
        "General And Administrative Expense": 4537000.0,
        "Other Gand A": 4537000.0,
        "Total Revenue": 1339000.0,
        "Operating Revenue": 1339000.0
    }
}