{
    "2023-03-31": {
        "Tax Effect Of Unusual Items": 0.0,
        "Tax Rate For Calcs": 0.0,
        "Normalized EBITDA": -1821813.0,
        "Total Unusual Items": -12261.0,
        "Total Unusual Items Excluding Goodwill": -12261.0,
        "Net Income From Continuing Operation Net Minority Interest": -1823695.0,
        "Reconciled Depreciation": 6493.0,
        "Reconciled Cost Of Revenue": 60236.0,
        "EBITDA": -1834074.0,
        "EBIT": -1840567.0,
        "Net Interest Income": -3952.0,
        "Interest Expense": 56663.0,
        "Interest Income": 52711.0,
        "Normalized Income": -1811434.0,
        "Net Income From Continuing And Discontinued Operation": -1823695.0,
        "Total Expenses": 2034456.0,
        "Total Operating Income As Reported": -1906184.0,
        "Diluted Average Shares": 3307577.0,
        "Basic Average Shares": 3307577.0,
        "Diluted EPS": -0.55,
        "Basic EPS": -0.55,
        "Diluted NI Availto Com Stockholders": -1823695.0,
        "Net Income Common Stockholders": -1823695.0,
        "Net Income": -1823695.0,
        "Minority Interests": 73535.0,
        "Net Income Including Noncontrolling Interests": -1897230.0,
        "Net Income Continuous Operations": -1897230.0,
        "Tax Provision": 0.0,
        "Pretax Income": -1897230.0,
        "Other Income Expense": 12906.0,
        "Other Non Operating Income Expenses": 25167.0,
        "Gain On Sale Of Security": -12261.0,
        "Net Non Operating Interest Income Expense": -3952.0,
        "Interest Expense Non Operating": 56663.0,
        "Interest Income Non Operating": 52711.0,
        "Operating Income": -1906184.0,
        "Operating Expense": 1974220.0,
        "Research And Development": 334979.0,
        "Selling General And Administration": 1639241.0,
        "General And Administrative Expense": 1639241.0,
        "Other Gand A": 1272752.0,
        "Salaries And Wages": 366489.0,
        "Gross Profit": 68036.0,
        "Cost Of Revenue": 60236.0,
        "Total Revenue": 128272.0,
        "Operating Revenue": 128272.0
    },
    "2022-12-31": {
        "Tax Effect Of Unusual Items": -82928.79,
        "Tax Rate For Calcs": 0.21,
        "Normalized EBITDA": -3002233.0,
        "Total Unusual Items": -394899.0,
        "Total Unusual Items Excluding Goodwill": -394899.0,
        "Net Income From Continuing Operation Net Minority Interest": -4863938.0,
        "Reconciled Depreciation": 6435.0,
        "Reconciled Cost Of Revenue": 265411.0,
        "EBITDA": -3397132.0,
        "EBIT": -3403567.0,
        "Net Interest Income": -73998.0,
        "Interest Expense": 134461.0,
        "Interest Income": 60463.0,
        "Normalized Income": -4551967.79,
        "Net Income From Continuing And Discontinued Operation": -4863938.0,
        "Total Expenses": 3721984.0,
        "Total Operating Income As Reported": -3132990.0,
        "Diluted Average Shares": NaN,
        "Basic Average Shares": NaN,
        "Diluted EPS": NaN,
        "Basic EPS": NaN,
        "Diluted NI Availto Com Stockholders": -4863938.0,
        "Net Income Common Stockholders": -4863938.0,
        "Net Income": -4863938.0,
        "Minority Interests": -363036.0,
        "Net Income Including Noncontrolling Interests": -4500902.0,
        "Net Income Continuous Operations": -4500902.0,
        "Tax Provision": 962874.0,
        "Pretax Income": -3538028.0,
        "Other Income Expense": -331040.0,
        "Other Non Operating Income Expenses": 63859.0,
        "Gain On Sale Of Security": -284774.0,
        "Net Non Operating Interest Income Expense": -73998.0,
        "Interest Expense Non Operating": 134461.0,
        "Interest Income Non Operating": 60463.0,
        "Operating Income": -3132990.0,
        "Operating Expense": 3456573.0,
        "Research And Development": 1495788.0,
        "Selling General And Administration": 1960785.0,
        "General And Administrative Expense": 1960785.0,
        "Other Gand A": 67490.0,
        "Salaries And Wages": 1893295.0,
        "Gross Profit": 323583.0,
        "Cost Of Revenue": 265411.0,
        "Total Revenue": 588994.0,
        "Operating Revenue": 588994.0
    },
    "2022-09-30": {
        "Tax Effect Of Unusual Items": NaN,
        "Tax Rate For Calcs": NaN,
        "Normalized EBITDA": NaN,
        "Total Unusual Items": NaN,
        "Total Unusual Items Excluding Goodwill": NaN,
        "Net Income From Continuing Operation Net Minority Interest": NaN,
        "Reconciled Depreciation": NaN,
        "Reconciled Cost Of Revenue": NaN,
        "EBITDA": NaN,
        "EBIT": NaN,
        "Net Interest Income": NaN,
        "Interest Expense": NaN,
        "Interest Income": NaN,
        "Normalized Income": NaN,
        "Net Income From Continuing And Discontinued Operation": NaN,
        "Total Expenses": NaN,
        "Total Operating Income As Reported": NaN,
        "Diluted Average Shares": 3257912.0,
        "Basic Average Shares": 3257912.0,
        "Diluted EPS": -1.14,
        "Basic EPS": -1.14,
        "Diluted NI Availto Com Stockholders": NaN,
        "Net Income Common Stockholders": NaN,
        "Net Income": NaN,
        "Minority Interests": NaN,
        "Net Income Including Noncontrolling Interests": NaN,
        "Net Income Continuous Operations": NaN,
        "Tax Provision": NaN,
        "Pretax Income": NaN,
        "Other Income Expense": NaN,
        "Other Non Operating Income Expenses": NaN,
        "Gain On Sale Of Security": NaN,
        "Net Non Operating Interest Income Expense": NaN,
        "Interest Expense Non Operating": NaN,
        "Interest Income Non Operating": NaN,
        "Operating Income": NaN,
        "Operating Expense": NaN,
        "Research And Development": NaN,
        "Selling General And Administration": NaN,
        "General And Administrative Expense": NaN,
        "Other Gand A": NaN,
        "Salaries And Wages": NaN,
        "Gross Profit": NaN,
        "Cost Of Revenue": NaN,
        "Total Revenue": NaN,
        "Operating Revenue": NaN
    },
    "2022-06-30": {
        "Tax Effect Of Unusual Items": 425.663041,
        "Tax Rate For Calcs": 0.040621,
        "Normalized EBITDA": -2020014.0,
        "Total Unusual Items": 10479.0,
        "Total Unusual Items Excluding Goodwill": 10479.0,
        "Net Income From Continuing Operation Net Minority Interest": -1858997.0,
        "Reconciled Depreciation": 5491.0,
        "Reconciled Cost Of Revenue": 8367.0,
        "EBITDA": -2009535.0,
        "EBIT": -2015026.0,
        "Net Interest Income": 24257.0,
        "Interest Expense": 14758.0,
        "Interest Income": 39015.0,
        "Normalized Income": -1869050.336959,
        "Net Income From Continuing And Discontinued Operation": -1858997.0,
        "Total Expenses": 2359720.0,
        "Total Operating Income As Reported": -2046860.0,
        "Diluted Average Shares": 3130733.0,
        "Basic Average Shares": 3130733.0,
        "Diluted EPS": -0.59,
        "Basic EPS": -0.59,
        "Diluted NI Availto Com Stockholders": -1858997.0,
        "Net Income Common Stockholders": -1858997.0,
        "Net Income": -1858997.0,
        "Minority Interests": 88336.0,
        "Net Income Including Noncontrolling Interests": -1947333.0,
        "Net Income Continuous Operations": -1947333.0,
        "Tax Provision": -82451.0,
        "Pretax Income": -2029784.0,
        "Other Income Expense": -7181.0,
        "Other Non Operating Income Expenses": -17660.0,
        "Gain On Sale Of Security": 10479.0,
        "Net Non Operating Interest Income Expense": 24257.0,
        "Interest Expense Non Operating": 14758.0,
        "Interest Income Non Operating": 39015.0,
        "Operating Income": -2046860.0,
        "Operating Expense": 2351353.0,
        "Research And Development": 532782.0,
        "Selling General And Administration": 1818571.0,
        "General And Administrative Expense": 1818571.0,
        "Other Gand A": 1592831.0,
        "Salaries And Wages": 225740.0,
        "Gross Profit": 304493.0,
        "Cost Of Revenue": 8367.0,
        "Total Revenue": 312860.0,
        "Operating Revenue": 312860.0
    },
    "2022-03-31": {
        "Diluted EPS": -0.2,
        "Total Revenue": 0,
        "Gross Profit": 0,
        "Operating Income": -6,
        "EBIT": -6,
        "Net Income": -6
    },
    "2021-12-31": {
        "Diluted EPS": -0.31,
        "Total Revenue": 0,
        "Gross Profit": 0,
        "Operating Income": -6,
        "EBIT": -6,
        "Net Income": -8
    },
    "2021-09-30": {
        "Diluted EPS": -0.07,
        "Total Revenue": 0,
        "Gross Profit": 0,
        "Operating Income": -2,
        "EBIT": -2,
        "Net Income": -2
    },
    "2021-06-30": {
        "Diluted EPS": -0.08,
        "Total Revenue": 0,
        "Gross Profit": 0,
        "Operating Income": -2,
        "EBIT": -2,
        "Net Income": -2
    },
    "2021-03-31": {
        "Diluted EPS": -0.05,
        "Total Revenue": 0,
        "Gross Profit": 0,
        "Operating Income": -1,
        "EBIT": -1,
        "Net Income": -1
    },
    "2020-12-31": {
        "Diluted EPS": -0.26,
        "Total Revenue": 0,
        "Gross Profit": 0,
        "Operating Income": -5,
        "EBIT": -5,
        "Net Income": -5
    },
    "2020-09-30": {
        "Diluted EPS": -0.09,
        "Total Revenue": 0,
        "Gross Profit": 0,
        "Operating Income": -1,
        "EBIT": -1,
        "Net Income": -2
    },
    "2020-06-30": {
        "Diluted EPS": -0.09,
        "Total Revenue": 0,
        "Gross Profit": 0,
        "Operating Income": -1,
        "EBIT": -1,
        "Net Income": -2
    },
    "2020-03-31": {
        "Diluted EPS": -0.06,
        "Total Revenue": 0,
        "Gross Profit": 0,
        "Operating Income": -1,
        "EBIT": -1,
        "Net Income": -1
    },
    "2019-12-31": {
        "Diluted EPS": -0.07,
        "Total Revenue": 0,
        "Gross Profit": 0,
        "Operating Income": -1,
        "EBIT": -1,
        "Net Income": -1
    },
    "2019-09-30": {
        "Diluted EPS": -0.06,
        "Total Revenue": 0,
        "Gross Profit": 0,
        "Operating Income": -1,
        "EBIT": -1,
        "Net Income": -1
    },
    "2019-06-30": {
        "Diluted EPS": -0.03,
        "Total Revenue": 0,
        "Gross Profit": 0,
        "Operating Income": 0,
        "EBIT": 0,
        "Net Income": -1
    },
    "2019-03-31": {
        "Diluted EPS": -0.05,
        "Total Revenue": 0,
        "Gross Profit": 0,
        "Operating Income": -1,
        "EBIT": -1,
        "Net Income": -1
    },
    "2018-12-31": {
        "Diluted EPS": -0.32,
        "Total Revenue": 0,
        "Gross Profit": 0,
        "Operating Income": -1,
        "EBIT": -1,
        "Net Income": -4
    },
    "2018-09-30": {
        "Diluted EPS": -0.06,
        "Total Revenue": 0,
        "Gross Profit": 0,
        "Operating Income": 0,
        "EBIT": 0,
        "Net Income": -1
    },
    "2018-06-30": {
        "Diluted EPS": -0.05,
        "Total Revenue": 0,
        "Gross Profit": 0,
        "Operating Income": -1,
        "EBIT": -1,
        "Net Income": -1
    },
    "2018-03-31": {
        "Diluted EPS": -0.05,
        "Total Revenue": NaN,
        "Gross Profit": NaN,
        "Operating Income": -1,
        "EBIT": -1,
        "Net Income": -1
    },
    "2017-12-31": {
        "Diluted EPS": 0.0,
        "Total Revenue": NaN,
        "Gross Profit": NaN,
        "Operating Income": 0,
        "EBIT": 0,
        "Net Income": 0
    },
    "2017-09-30": {
        "Diluted EPS": -0.36,
        "Total Revenue": NaN,
        "Gross Profit": NaN,
        "Operating Income": -3,
        "EBIT": -3,
        "Net Income": -3
    },
    "2017-06-30": {
        "Diluted EPS": 0.0,
        "Total Revenue": NaN,
        "Gross Profit": NaN,
        "Operating Income": 0,
        "EBIT": 0,
        "Net Income": 0
    },
    "2017-03-31": {
        "Diluted EPS": 0.0,
        "Total Revenue": NaN,
        "Gross Profit": NaN,
        "Operating Income": 0,
        "EBIT": 0,
        "Net Income": 0
    },
    "2016-12-31": {
        "Diluted EPS": 0.0,
        "Total Revenue": NaN,
        "Gross Profit": NaN,
        "Operating Income": 0,
        "EBIT": NaN,
        "Net Income": 0
    },
    "2016-09-30": {
        "Diluted EPS": 0.0,
        "Total Revenue": NaN,
        "Gross Profit": NaN,
        "Operating Income": NaN,
        "EBIT": NaN,
        "Net Income": NaN
    },
    "2016-06-30": {
        "Diluted EPS": 0.0,
        "Total Revenue": NaN,
        "Gross Profit": NaN,
        "Operating Income": 0,
        "EBIT": 0,
        "Net Income": 0
    },
    "2016-03-31": {
        "Diluted EPS": -0.54,
        "Total Revenue": NaN,
        "Gross Profit": 0,
        "Operating Income": -7,
        "EBIT": -7,
        "Net Income": -7
    },
    "2015-12-31": {
        "Diluted EPS": -0.36,
        "Total Revenue": NaN,
        "Gross Profit": NaN,
        "Operating Income": -4,
        "EBIT": -4,
        "Net Income": -4
    },
    "2015-09-30": {
        "Diluted EPS": 0.0,
        "Total Revenue": NaN,
        "Gross Profit": NaN,
        "Operating Income": 0,
        "EBIT": 0,
        "Net Income": 0
    },
    "2015-06-30": {
        "Diluted EPS": 0.0,
        "Total Revenue": NaN,
        "Gross Profit": NaN,
        "Operating Income": 0,
        "EBIT": 0,
        "Net Income": 0
    },
    "2015-03-31": {
        "Diluted EPS": 0.0,
        "Total Revenue": NaN,
        "Gross Profit": NaN,
        "Operating Income": 0,
        "EBIT": 0,
        "Net Income": 0
    },
    "2014-12-31": {
        "Diluted EPS": 0.0,
        "Total Revenue": NaN,
        "Gross Profit": NaN,
        "Operating Income": 0,
        "EBIT": NaN,
        "Net Income": 0
    },
    "2014-09-30": {
        "Diluted EPS": 0.0,
        "Total Revenue": NaN,
        "Gross Profit": NaN,
        "Operating Income": NaN,
        "EBIT": NaN,
        "Net Income": NaN
    },
    "2014-06-30": {
        "Diluted EPS": 0.0,
        "Total Revenue": NaN,
        "Gross Profit": NaN,
        "Operating Income": 0,
        "EBIT": 0,
        "Net Income": 0
    },
    "2014-03-31": {
        "Diluted EPS": 0.0,
        "Total Revenue": NaN,
        "Gross Profit": NaN,
        "Operating Income": 0,
        "EBIT": 0,
        "Net Income": 0
    },
    "2013-12-31": {
        "Diluted EPS": 0.0,
        "Total Revenue": NaN,
        "Gross Profit": NaN,
        "Operating Income": 0,
        "EBIT": NaN,
        "Net Income": 0
    },
    "2013-09-30": {
        "Diluted EPS": 0.0,
        "Total Revenue": NaN,
        "Gross Profit": NaN,
        "Operating Income": NaN,
        "EBIT": 0,
        "Net Income": NaN
    },
    "2013-06-30": {
        "Diluted EPS": 0.0,
        "Total Revenue": NaN,
        "Gross Profit": NaN,
        "Operating Income": 0,
        "EBIT": 0,
        "Net Income": 0
    },
    "2012-09-30": {
        "Diluted EPS": 0.0,
        "Total Revenue": 0,
        "Gross Profit": 0,
        "Operating Income": 0,
        "EBIT": 0,
        "Net Income": 0
    },
    "2012-06-30": {
        "Diluted EPS": 0.0,
        "Total Revenue": NaN,
        "Gross Profit": NaN,
        "Operating Income": 0,
        "EBIT": 0,
        "Net Income": 0
    },
    "2012-03-31": {
        "Diluted EPS": -858.91,
        "Total Revenue": 0,
        "Gross Profit": 0,
        "Operating Income": 0,
        "EBIT": 0,
        "Net Income": 0
    },
    "2011-12-31": {
        "Diluted EPS": -858.91,
        "Total Revenue": 0,
        "Gross Profit": 0,
        "Operating Income": 0,
        "EBIT": 0,
        "Net Income": 0
    },
    "2011-09-30": {
        "Diluted EPS": NaN,
        "Total Revenue": NaN,
        "Gross Profit": NaN,
        "Operating Income": 0,
        "EBIT": 0,
        "Net Income": 0
    },
    "2011-06-30": {
        "Diluted EPS": NaN,
        "Total Revenue": NaN,
        "Gross Profit": NaN,
        "Operating Income": -1,
        "EBIT": -1,
        "Net Income": -1
    },
    "2011-03-31": {
        "Diluted EPS": NaN,
        "Total Revenue": 0,
        "Gross Profit": 0,
        "Operating Income": 0,
        "EBIT": 0,
        "Net Income": 0
    },
    "2010-12-31": {
        "Diluted EPS": NaN,
        "Total Revenue": 0,
        "Gross Profit": 0,
        "Operating Income": 0,
        "EBIT": 0,
        "Net Income": 0
    },
    "2010-09-30": {
        "Diluted EPS": NaN,
        "Total Revenue": 0,
        "Gross Profit": 0,
        "Operating Income": 0,
        "EBIT": 0,
        "Net Income": 0
    },
    "2010-06-30": {
        "Diluted EPS": -286.3,
        "Total Revenue": 0,
        "Gross Profit": 0,
        "Operating Income": 0,
        "EBIT": 0,
        "Net Income": 0
    },
    "2010-03-31": {
        "Diluted EPS": -572.61,
        "Total Revenue": 0,
        "Gross Profit": 0,
        "Operating Income": 0,
        "EBIT": 0,
        "Net Income": 0
    },
    "2009-09-30": {
        "Diluted EPS": 0.0,
        "Total Revenue": NaN,
        "Gross Profit": NaN,
        "Operating Income": NaN,
        "EBIT": NaN,
        "Net Income": NaN
    },
    "2009-06-30": {
        "Diluted EPS": -572.61,
        "Total Revenue": NaN,
        "Gross Profit": NaN,
        "Operating Income": NaN,
        "EBIT": NaN,
        "Net Income": -1
    },
    "2009-03-31": {
        "Diluted EPS": -858.91,
        "Total Revenue": NaN,
        "Gross Profit": NaN,
        "Operating Income": NaN,
        "EBIT": NaN,
        "Net Income": -1
    },
    "2023-06-30": {
        "Tax Effect Of Unusual Items": -3844.05,
        "Tax Rate For Calcs": 0.21,
        "Normalized EBITDA": -2093476.0,
        "Total Unusual Items": -18305.0,
        "Total Unusual Items Excluding Goodwill": -18305.0,
        "Net Income From Continuing Operation Net Minority Interest": -2263511.0,
        "Reconciled Depreciation": 6997.0,
        "Reconciled Cost Of Revenue": 72981.0,
        "EBITDA": -2111781.0,
        "EBIT": -2118778.0,
        "Net Interest Income": -59711.0,
        "Interest Expense": 114752.0,
        "Interest Income": 55041.0,
        "Normalized Income": -2249050.05,
        "Net Income From Continuing And Discontinued Operation": -2263511.0,
        "Total Expenses": 2199951.0,
        "Total Operating Income As Reported": -2193842.0,
        "Diluted Average Shares": 3308740.0,
        "Basic Average Shares": 3308740.0,
        "Diluted EPS": -0.68,
        "Basic EPS": -0.68,
        "Diluted NI Availto Com Stockholders": -2263511.0,
        "Net Income Common Stockholders": -2263511.0,
        "Net Income": -2263511.0,
        "Minority Interests": 51714.0,
        "Net Income Including Noncontrolling Interests": -2315225.0,
        "Net Income Continuous Operations": -2315225.0,
        "Tax Provision": 81695.0,
        "Pretax Income": -2233530.0,
        "Other Income Expense": 20023.0,
        "Other Non Operating Income Expenses": 38328.0,
        "Gain On Sale Of Security": -18305.0,
        "Net Non Operating Interest Income Expense": -59711.0,
        "Interest Expense Non Operating": 114752.0,
        "Interest Income Non Operating": 55041.0,
        "Operating Income": -2193842.0,
        "Operating Expense": 2126970.0,
        "Research And Development": 514442.0,
        "Selling General And Administration": 1612528.0,
        "General And Administrative Expense": 1612528.0,
        "Other Gand A": 1386788.0,
        "Salaries And Wages": 225740.0,
        "Gross Profit": -66872.0,
        "Cost Of Revenue": 72981.0,
        "Total Revenue": 6109.0,
        "Operating Revenue": 6109.0
    },
    "2023-09-30": {
        "Tax Effect Of Unusual Items": -7.4305,
        "Tax Rate For Calcs": 0.000297,
        "Normalized EBITDA": -2117937.0,
        "Total Unusual Items": -25059.0,
        "Total Unusual Items Excluding Goodwill": -25059.0,
        "Net Income From Continuing Operation Net Minority Interest": -3317516.0,
        "Reconciled Depreciation": 7459.0,
        "Reconciled Cost Of Revenue": 29614.0,
        "EBITDA": -2142996.0,
        "EBIT": -2150455.0,
        "Net Interest Income": -1178378.0,
        "Interest Expense": 1218624.0,
        "Interest Income": 40246.0,
        "Normalized Income": -3292464.4305,
        "Net Income From Continuing And Discontinued Operation": -3317516.0,
        "Total Expenses": 2170757.0,
        "Total Operating Income As Reported": -2154873.0,
        "Diluted Average Shares": 4055345.0,
        "Basic Average Shares": 4055345.0,
        "Diluted EPS": -0.82,
        "Basic EPS": -0.82,
        "Diluted NI Availto Com Stockholders": -3317516.0,
        "Net Income Common Stockholders": -3317516.0,
        "Net Income": -3317516.0,
        "Minority Interests": 50564.0,
        "Net Income Including Noncontrolling Interests": -3368080.0,
        "Net Income Continuous Operations": -3368080.0,
        "Tax Provision": -999.0,
        "Pretax Income": -3369079.0,
        "Other Income Expense": -35828.0,
        "Other Non Operating Income Expenses": -10769.0,
        "Gain On Sale Of Security": -25059.0,
        "Net Non Operating Interest Income Expense": -1178378.0,
        "Interest Expense Non Operating": 1218624.0,
        "Interest Income Non Operating": 40246.0,
        "Operating Income": -2154873.0,
        "Operating Expense": 2141143.0,
        "Research And Development": 141310.0,
        "Selling General And Administration": 1999833.0,
        "General And Administrative Expense": 1999833.0,
        "Other Gand A": 1182093.0,
        "Salaries And Wages": 817740.0,
        "Gross Profit": -13730.0,
        "Cost Of Revenue": 29614.0,
        "Total Revenue": 15884.0,
        "Operating Revenue": 15884.0
    },
    "2023-12-31": {
        "Tax Effect Of Unusual Items": -30150.33,
        "Tax Rate For Calcs": 0.21,
        "Normalized EBITDA": -1899987.0,
        "Total Unusual Items": -143573.0,
        "Total Unusual Items Excluding Goodwill": -143573.0,
        "Net Income From Continuing Operation Net Minority Interest": -3110934.0,
        "Reconciled Depreciation": 7582.0,
        "Reconciled Cost Of Revenue": 139206.0,
        "EBITDA": -2043560.0,
        "EBIT": -2051142.0,
        "Net Interest Income": -1065818.0,
        "Interest Expense": 1103301.0,
        "Interest Income": 37483.0,
        "Normalized Income": -2997511.33,
        "Net Income From Continuing And Discontinued Operation": -3110934.0,
        "Total Expenses": 1963775.0,
        "Total Operating Income As Reported": -1961610.0,
        "Diluted Average Shares": NaN,
        "Basic Average Shares": NaN,
        "Diluted EPS": NaN,
        "Basic EPS": NaN,
        "Diluted NI Availto Com Stockholders": -3110934.0,
        "Net Income Common Stockholders": -3110934.0,
        "Net Income": -3110934.0,
        "Minority Interests": 218819.0,
        "Net Income Including Noncontrolling Interests": -3329753.0,
        "Net Income Continuous Operations": -3329753.0,
        "Tax Provision": 175310.0,
        "Pretax Income": -3154443.0,
        "Other Income Expense": -127015.0,
        "Other Non Operating Income Expenses": 16558.0,
        "Gain On Sale Of Security": -143573.0,
        "Net Non Operating Interest Income Expense": -1065818.0,
        "Interest Expense Non Operating": 1103301.0,
        "Interest Income Non Operating": 37483.0,
        "Operating Income": -1961610.0,
        "Operating Expense": 1824569.0,
        "Research And Development": 72185.0,
        "Selling General And Administration": 1752384.0,
        "General And Administrative Expense": 1752384.0,
        "Other Gand A": 1526645.0,
        "Salaries And Wages": 225739.0,
        "Gross Profit": -137041.0,
        "Cost Of Revenue": 139206.0,
        "Total Revenue": 2165.0,
        "Operating Revenue": 2165.0
    },
    "2024-03-31": {
        "Tax Effect Of Unusual Items": 0.0,
        "Tax Rate For Calcs": 0.0,
        "Normalized EBITDA": -3408570.0,
        "Total Unusual Items": 113520.0,
        "Total Unusual Items Excluding Goodwill": 113520.0,
        "Net Income From Continuing Operation Net Minority Interest": -3932976.0,
        "Reconciled Depreciation": 1286.0,
        "Reconciled Cost Of Revenue": 277.0,
        "EBITDA": -3295050.0,
        "EBIT": -3296336.0,
        "Net Interest Income": -680634.0,
        "Interest Expense": 684683.0,
        "Interest Income": 4049.0,
        "Normalized Income": -4046496.0,
        "Net Income From Continuing And Discontinued Operation": -3932976.0,
        "Total Expenses": 3445595.0,
        "Total Operating Income As Reported": -3444390.0,
        "Diluted Average Shares": 9736150.0,
        "Basic Average Shares": 9736150.0,
        "Diluted EPS": -0.4,
        "Basic EPS": -0.4,
        "Diluted NI Availto Com Stockholders": -3932976.0,
        "Net Income Common Stockholders": -3932976.0,
        "Net Income": -3932976.0,
        "Minority Interests": 48043.0,
        "Net Income Including Noncontrolling Interests": -3981019.0,
        "Net Income Continuous Operations": -3981019.0,
        "Tax Provision": 0.0,
        "Pretax Income": -3981019.0,
        "Other Income Expense": 144005.0,
        "Other Non Operating Income Expenses": 30485.0,
        "Gain On Sale Of Security": 113520.0,
        "Net Non Operating Interest Income Expense": -680634.0,
        "Interest Expense Non Operating": 684683.0,
        "Interest Income Non Operating": 4049.0,
        "Operating Income": -3444390.0,
        "Operating Expense": 3445318.0,
        "Research And Development": 69066.0,
        "Selling General And Administration": 3376252.0,
        "General And Administrative Expense": 3376252.0,
        "Other Gand A": 831257.0,
        "Salaries And Wages": 2544995.0,
        "Gross Profit": 928.0,
        "Cost Of Revenue": 277.0,
        "Total Revenue": 1205.0,
        "Operating Revenue": 1205.0
    }
}