{
    "2023-03-31": {
        "Tax Effect Of Unusual Items": NaN,
        "Tax Rate For Calcs": NaN,
        "Normalized EBITDA": NaN,
        "Total Unusual Items": NaN,
        "Total Unusual Items Excluding Goodwill": NaN,
        "Net Income From Continuing Operation Net Minority Interest": NaN,
        "Reconciled Depreciation": NaN,
        "Reconciled Cost Of Revenue": NaN,
        "EBITDA": NaN,
        "EBIT": NaN,
        "Net Interest Income": NaN,
        "Interest Expense": NaN,
        "Interest Income": NaN,
        "Normalized Income": NaN,
        "Net Income From Continuing And Discontinued Operation": NaN,
        "Total Expenses": NaN,
        "Total Operating Income As Reported": NaN,
        "Diluted Average Shares": NaN,
        "Basic Average Shares": NaN,
        "Diluted EPS": NaN,
        "Basic EPS": NaN,
        "Diluted NI Availto Com Stockholders": NaN,
        "Net Income Common Stockholders": NaN,
        "Net Income": NaN,
        "Minority Interests": NaN,
        "Net Income Including Noncontrolling Interests": NaN,
        "Net Income Continuous Operations": NaN,
        "Tax Provision": NaN,
        "Pretax Income": NaN,
        "Other Income Expense": NaN,
        "Other Non Operating Income Expenses": NaN,
        "Special Income Charges": -871000.0,
        "Other Special Charges": 871000.0,
        "Gain On Sale Of Security": NaN,
        "Net Non Operating Interest Income Expense": NaN,
        "Interest Expense Non Operating": NaN,
        "Interest Income Non Operating": NaN,
        "Operating Income": NaN,
        "Operating Expense": NaN,
        "Other Operating Expenses": NaN,
        "Selling General And Administration": 2543000.0,
        "General And Administrative Expense": 2543000.0,
        "Other Gand A": 2543000.0,
        "Gross Profit": NaN,
        "Cost Of Revenue": NaN,
        "Total Revenue": NaN,
        "Operating Revenue": NaN
    },
    "2022-12-31": {
        "Tax Effect Of Unusual Items": NaN,
        "Tax Rate For Calcs": NaN,
        "Normalized EBITDA": NaN,
        "Total Unusual Items": NaN,
        "Total Unusual Items Excluding Goodwill": NaN,
        "Net Income From Continuing Operation Net Minority Interest": NaN,
        "Reconciled Depreciation": NaN,
        "Reconciled Cost Of Revenue": NaN,
        "EBITDA": NaN,
        "EBIT": NaN,
        "Net Interest Income": NaN,
        "Interest Expense": NaN,
        "Interest Income": NaN,
        "Normalized Income": NaN,
        "Net Income From Continuing And Discontinued Operation": NaN,
        "Total Expenses": NaN,
        "Total Operating Income As Reported": NaN,
        "Diluted Average Shares": NaN,
        "Basic Average Shares": NaN,
        "Diluted EPS": NaN,
        "Basic EPS": NaN,
        "Diluted NI Availto Com Stockholders": NaN,
        "Net Income Common Stockholders": NaN,
        "Net Income": NaN,
        "Minority Interests": NaN,
        "Net Income Including Noncontrolling Interests": NaN,
        "Net Income Continuous Operations": NaN,
        "Tax Provision": NaN,
        "Pretax Income": NaN,
        "Other Income Expense": NaN,
        "Other Non Operating Income Expenses": NaN,
        "Special Income Charges": -1713000.0,
        "Other Special Charges": 1713000.0,
        "Gain On Sale Of Security": NaN,
        "Net Non Operating Interest Income Expense": NaN,
        "Interest Expense Non Operating": NaN,
        "Interest Income Non Operating": NaN,
        "Operating Income": NaN,
        "Operating Expense": NaN,
        "Other Operating Expenses": NaN,
        "Selling General And Administration": 0.0,
        "General And Administrative Expense": NaN,
        "Other Gand A": NaN,
        "Gross Profit": NaN,
        "Cost Of Revenue": NaN,
        "Total Revenue": NaN,
        "Operating Revenue": NaN
    },
    "2022-09-30": {
        "Tax Effect Of Unusual Items": NaN,
        "Tax Rate For Calcs": NaN,
        "Normalized EBITDA": NaN,
        "Total Unusual Items": NaN,
        "Total Unusual Items Excluding Goodwill": NaN,
        "Net Income From Continuing Operation Net Minority Interest": NaN,
        "Reconciled Depreciation": NaN,
        "Reconciled Cost Of Revenue": NaN,
        "EBITDA": NaN,
        "EBIT": NaN,
        "Net Interest Income": NaN,
        "Interest Expense": NaN,
        "Interest Income": NaN,
        "Normalized Income": NaN,
        "Net Income From Continuing And Discontinued Operation": NaN,
        "Total Expenses": NaN,
        "Total Operating Income As Reported": NaN,
        "Diluted Average Shares": NaN,
        "Basic Average Shares": NaN,
        "Diluted EPS": NaN,
        "Basic EPS": NaN,
        "Diluted NI Availto Com Stockholders": NaN,
        "Net Income Common Stockholders": NaN,
        "Net Income": NaN,
        "Minority Interests": NaN,
        "Net Income Including Noncontrolling Interests": NaN,
        "Net Income Continuous Operations": NaN,
        "Tax Provision": NaN,
        "Pretax Income": NaN,
        "Other Income Expense": NaN,
        "Other Non Operating Income Expenses": NaN,
        "Special Income Charges": NaN,
        "Other Special Charges": NaN,
        "Gain On Sale Of Security": NaN,
        "Net Non Operating Interest Income Expense": NaN,
        "Interest Expense Non Operating": NaN,
        "Interest Income Non Operating": NaN,
        "Operating Income": NaN,
        "Operating Expense": NaN,
        "Other Operating Expenses": NaN,
        "Selling General And Administration": 0.0,
        "General And Administrative Expense": NaN,
        "Other Gand A": NaN,
        "Gross Profit": NaN,
        "Cost Of Revenue": NaN,
        "Total Revenue": NaN,
        "Operating Revenue": NaN
    },
    "2022-06-30": {
        "Tax Effect Of Unusual Items": -7976433.0,
        "Tax Rate For Calcs": 0.211,
        "Normalized EBITDA": -208000.0,
        "Total Unusual Items": -37803000.0,
        "Total Unusual Items Excluding Goodwill": -37803000.0,
        "Net Income From Continuing Operation Net Minority Interest": -29887000.0,
        "Reconciled Depreciation": 71000.0,
        "Reconciled Cost Of Revenue": 3007000.0,
        "EBITDA": -38011000.0,
        "EBIT": -38082000.0,
        "Net Interest Income": 1886000.0,
        "Interest Expense": 46000.0,
        "Interest Income": 1932000.0,
        "Normalized Income": -60433.0,
        "Net Income From Continuing And Discontinued Operation": -29887000.0,
        "Total Expenses": 4757000.0,
        "Total Operating Income As Reported": -2211000.0,
        "Diluted Average Shares": 22036000.0,
        "Basic Average Shares": 22036000.0,
        "Diluted EPS": -1.36,
        "Basic EPS": -1.36,
        "Diluted NI Availto Com Stockholders": -29887000.0,
        "Net Income Common Stockholders": -29887000.0,
        "Net Income": -29887000.0,
        "Minority Interests": 205000.0,
        "Net Income Including Noncontrolling Interests": -30092000.0,
        "Net Income Continuous Operations": -30092000.0,
        "Tax Provision": -8036000.0,
        "Pretax Income": -38128000.0,
        "Other Income Expense": -37803000.0,
        "Special Income Charges": 0.0,
        "Other Special Charges": NaN,
        "Gain On Sale Of Security": -37803000.0,
        "Net Non Operating Interest Income Expense": 1886000.0,
        "Interest Expense Non Operating": 46000.0,
        "Interest Income Non Operating": 1932000.0,
        "Operating Income": -2211000.0,
        "Operating Expense": 1750000.0,
        "Other Operating Expenses": 1750000.0,
        "Selling General And Administration": 0.0,
        "General And Administrative Expense": NaN,
        "Other Gand A": NaN,
        "Gross Profit": -461000.0,
        "Cost Of Revenue": 3007000.0,
        "Total Revenue": 2546000.0,
        "Operating Revenue": 2451000.0
    },
    "2023-06-30": {
        "Tax Effect Of Unusual Items": 1180249.027237,
        "Tax Rate For Calcs": 0.357977,
        "Normalized EBITDA": 2089000.0,
        "Total Unusual Items": 3297000.0,
        "Total Unusual Items Excluding Goodwill": 3297000.0,
        "Net Income From Continuing Operation Net Minority Interest": 3371000.0,
        "Reconciled Depreciation": 90000.0,
        "Reconciled Cost Of Revenue": 3789000.0,
        "EBITDA": 5386000.0,
        "EBIT": 5296000.0,
        "Net Interest Income": 5812000.0,
        "Interest Expense": 156000.0,
        "Interest Income": 5968000.0,
        "Normalized Income": 1254249.027237,
        "Net Income From Continuing And Discontinued Operation": 3371000.0,
        "Total Expenses": 5853000.0,
        "Total Operating Income As Reported": -3471000.0,
        "Diluted Average Shares": 21870000.0,
        "Basic Average Shares": 21870000.0,
        "Diluted EPS": 0.15,
        "Basic EPS": 0.15,
        "Diluted NI Availto Com Stockholders": 3371000.0,
        "Net Income Common Stockholders": 3371000.0,
        "Net Income": 3371000.0,
        "Minority Interests": 71000.0,
        "Net Income Including Noncontrolling Interests": 3300000.0,
        "Net Income Continuous Operations": 3300000.0,
        "Tax Provision": 1840000.0,
        "Pretax Income": 5140000.0,
        "Other Income Expense": 2799000.0,
        "Other Non Operating Income Expenses": -498000.0,
        "Special Income Charges": -498000.0,
        "Other Special Charges": 498000.0,
        "Gain On Sale Of Security": 3297000.0,
        "Net Non Operating Interest Income Expense": 5812000.0,
        "Interest Expense Non Operating": 156000.0,
        "Interest Income Non Operating": 5968000.0,
        "Operating Income": -3471000.0,
        "Operating Expense": 2064000.0,
        "Other Operating Expenses": 1520000.0,
        "Selling General And Administration": 544000.0,
        "General And Administrative Expense": 544000.0,
        "Other Gand A": 544000.0,
        "Gross Profit": -1407000.0,
        "Cost Of Revenue": 3789000.0,
        "Total Revenue": 2382000.0,
        "Operating Revenue": 2280000.0
    },
    "2023-09-30": {
        "Tax Effect Of Unusual Items": -456330.0,
        "Tax Rate For Calcs": 0.21,
        "Normalized EBITDA": 2670000.0,
        "Total Unusual Items": -2173000.0,
        "Total Unusual Items Excluding Goodwill": -2173000.0,
        "Net Income From Continuing Operation Net Minority Interest": -16000.0,
        "Reconciled Depreciation": 90000.0,
        "Reconciled Cost Of Revenue": 4066000.0,
        "EBITDA": 497000.0,
        "EBIT": 407000.0,
        "Net Interest Income": 6202000.0,
        "Interest Expense": 134000.0,
        "Interest Income": 6336000.0,
        "Normalized Income": 1700670.0,
        "Net Income From Continuing And Discontinued Operation": -16000.0,
        "Total Expenses": 5721000.0,
        "Total Operating Income As Reported": -3521000.0,
        "Diluted Average Shares": 21672000.0,
        "Basic Average Shares": 21672000.0,
        "Diluted EPS": -0.000738,
        "Basic EPS": -0.000738,
        "Diluted NI Availto Com Stockholders": -16000.0,
        "Net Income Common Stockholders": -16000.0,
        "Net Income": -16000.0,
        "Minority Interests": -123000.0,
        "Net Income Including Noncontrolling Interests": 107000.0,
        "Net Income Continuous Operations": 107000.0,
        "Tax Provision": 166000.0,
        "Pretax Income": 273000.0,
        "Other Income Expense": -2408000.0,
        "Other Non Operating Income Expenses": -235000.0,
        "Special Income Charges": -235000.0,
        "Other Special Charges": 235000.0,
        "Gain On Sale Of Security": -2173000.0,
        "Net Non Operating Interest Income Expense": 6202000.0,
        "Interest Expense Non Operating": 134000.0,
        "Interest Income Non Operating": 6336000.0,
        "Operating Income": -3521000.0,
        "Operating Expense": 1655000.0,
        "Other Operating Expenses": 1655000.0,
        "Selling General And Administration": NaN,
        "General And Administrative Expense": NaN,
        "Other Gand A": NaN,
        "Gross Profit": -1866000.0,
        "Cost Of Revenue": 4066000.0,
        "Total Revenue": 2200000.0,
        "Operating Revenue": 2098000.0
    },
    "2023-12-31": {
        "Tax Effect Of Unusual Items": 5436169.244851,
        "Tax Rate For Calcs": 0.25405,
        "Normalized EBITDA": 616000.0,
        "Total Unusual Items": 21398000.0,
        "Total Unusual Items Excluding Goodwill": 21398000.0,
        "Net Income From Continuing Operation Net Minority Interest": 16342000.0,
        "Reconciled Depreciation": 90000.0,
        "Reconciled Cost Of Revenue": 2734000.0,
        "EBITDA": 22014000.0,
        "EBIT": 21924000.0,
        "Net Interest Income": 7687000.0,
        "Interest Expense": 74000.0,
        "Interest Income": 7761000.0,
        "Normalized Income": 380169.244851,
        "Net Income From Continuing And Discontinued Operation": 16342000.0,
        "Total Expenses": 10458000.0,
        "Total Operating Income As Reported": -4822000.0,
        "Diluted Average Shares": 21576000.0,
        "Basic Average Shares": 21576000.0,
        "Diluted EPS": 0.76,
        "Basic EPS": 0.76,
        "Diluted NI Availto Com Stockholders": 16342000.0,
        "Net Income Common Stockholders": 16342000.0,
        "Net Income": 16342000.0,
        "Minority Interests": 43000.0,
        "Net Income Including Noncontrolling Interests": 16299000.0,
        "Net Income Continuous Operations": 16299000.0,
        "Tax Provision": 5551000.0,
        "Pretax Income": 21850000.0,
        "Other Income Expense": 18985000.0,
        "Other Non Operating Income Expenses": -2413000.0,
        "Special Income Charges": -2413000.0,
        "Other Special Charges": 2413000.0,
        "Gain On Sale Of Security": 21398000.0,
        "Net Non Operating Interest Income Expense": 7687000.0,
        "Interest Expense Non Operating": 74000.0,
        "Interest Income Non Operating": 7761000.0,
        "Operating Income": -4822000.0,
        "Operating Expense": 7724000.0,
        "Other Operating Expenses": 2278000.0,
        "Selling General And Administration": NaN,
        "General And Administrative Expense": NaN,
        "Other Gand A": NaN,
        "Gross Profit": 2902000.0,
        "Cost Of Revenue": 2734000.0,
        "Total Revenue": 5636000.0,
        "Operating Revenue": 5535000.0
    },
    "2024-03-31": {
        "Tax Effect Of Unusual Items": 3610710.0,
        "Tax Rate For Calcs": 0.215,
        "Normalized EBITDA": 1034000.0,
        "Total Unusual Items": 16794000.0,
        "Total Unusual Items Excluding Goodwill": 16794000.0,
        "Net Income From Continuing Operation Net Minority Interest": 13821000.0,
        "Reconciled Depreciation": 90000.0,
        "Reconciled Cost Of Revenue": 5802000.0,
        "EBITDA": 17828000.0,
        "EBIT": 17738000.0,
        "Net Interest Income": 5900000.0,
        "Interest Expense": 83000.0,
        "Interest Income": 5983000.0,
        "Normalized Income": 637710.0,
        "Net Income From Continuing And Discontinued Operation": 13821000.0,
        "Total Expenses": 7981000.0,
        "Total Operating Income As Reported": -4970000.0,
        "Diluted Average Shares": 21500000.0,
        "Basic Average Shares": 21500000.0,
        "Diluted EPS": 0.64,
        "Basic EPS": 0.64,
        "Diluted NI Availto Com Stockholders": 13821000.0,
        "Net Income Common Stockholders": 13821000.0,
        "Net Income": 13821000.0,
        "Minority Interests": -36000.0,
        "Net Income Including Noncontrolling Interests": 13857000.0,
        "Net Income Continuous Operations": 13857000.0,
        "Tax Provision": 3798000.0,
        "Pretax Income": 17655000.0,
        "Other Income Expense": 16725000.0,
        "Other Non Operating Income Expenses": -69000.0,
        "Special Income Charges": NaN,
        "Other Special Charges": NaN,
        "Gain On Sale Of Security": 16794000.0,
        "Net Non Operating Interest Income Expense": 5900000.0,
        "Interest Expense Non Operating": 83000.0,
        "Interest Income Non Operating": 5983000.0,
        "Operating Income": -4970000.0,
        "Operating Expense": 2179000.0,
        "Other Operating Expenses": 2179000.0,
        "Selling General And Administration": NaN,
        "General And Administrative Expense": NaN,
        "Other Gand A": NaN,
        "Gross Profit": -2791000.0,
        "Cost Of Revenue": 5802000.0,
        "Total Revenue": 3011000.0,
        "Operating Revenue": 2907000.0
    },
    "2024-06-30": {
        "Tax Effect Of Unusual Items": -30395.751817,
        "Tax Rate For Calcs": 0.191168,
        "Normalized EBITDA": 3897000.0,
        "Total Unusual Items": -159000.0,
        "Total Unusual Items Excluding Goodwill": -159000.0,
        "Net Income From Continuing Operation Net Minority Interest": 2985000.0,
        "Reconciled Depreciation": 91000.0,
        "Reconciled Cost Of Revenue": 3942000.0,
        "EBITDA": 3738000.0,
        "EBIT": 3647000.0,
        "Net Interest Income": 7791000.0,
        "Interest Expense": 69000.0,
        "Interest Income": 7860000.0,
        "Normalized Income": 3113604.248183,
        "Net Income From Continuing And Discontinued Operation": 2985000.0,
        "Total Expenses": 6269000.0,
        "Total Operating Income As Reported": -3674000.0,
        "Diluted Average Shares": 21392000.0,
        "Basic Average Shares": 21392000.0,
        "Diluted EPS": 0.14,
        "Basic EPS": 0.14,
        "Diluted NI Availto Com Stockholders": 2985000.0,
        "Net Income Common Stockholders": 2985000.0,
        "Net Income": 2985000.0,
        "Minority Interests": 91000.0,
        "Net Income Including Noncontrolling Interests": 2894000.0,
        "Net Income Continuous Operations": 2894000.0,
        "Tax Provision": 684000.0,
        "Pretax Income": 3578000.0,
        "Other Income Expense": -539000.0,
        "Other Non Operating Income Expenses": -380000.0,
        "Special Income Charges": NaN,
        "Other Special Charges": NaN,
        "Gain On Sale Of Security": -159000.0,
        "Net Non Operating Interest Income Expense": 7791000.0,
        "Interest Expense Non Operating": 69000.0,
        "Interest Income Non Operating": 7860000.0,
        "Operating Income": -3674000.0,
        "Operating Expense": 2327000.0,
        "Other Operating Expenses": 1885000.0,
        "Selling General And Administration": 442000.0,
        "General And Administrative Expense": 442000.0,
        "Other Gand A": 442000.0,
        "Gross Profit": -1347000.0,
        "Cost Of Revenue": 3942000.0,
        "Total Revenue": 2595000.0,
        "Operating Revenue": 2489000.0
    }
}