{
    "2023-03-31": {
        "Tax Effect Of Unusual Items": 0.0,
        "Tax Rate For Calcs": 0.0,
        "Normalized EBITDA": -29608000.0,
        "Total Unusual Items": NaN,
        "Total Unusual Items Excluding Goodwill": NaN,
        "Net Income From Continuing Operation Net Minority Interest": -30881000.0,
        "Reconciled Depreciation": 1254000.0,
        "EBITDA": -29608000.0,
        "EBIT": -30862000.0,
        "Net Interest Income": 2647000.0,
        "Interest Expense": 19000.0,
        "Interest Income": 2666000.0,
        "Normalized Income": -30881000.0,
        "Net Income From Continuing And Discontinued Operation": -30881000.0,
        "Total Expenses": 33322000.0,
        "Total Operating Income As Reported": -33322000.0,
        "Diluted Average Shares": 42955688.0,
        "Basic Average Shares": 42955688.0,
        "Diluted EPS": -0.72,
        "Basic EPS": -0.72,
        "Diluted NI Availto Com Stockholders": -30881000.0,
        "Net Income Common Stockholders": -30881000.0,
        "Net Income": -30881000.0,
        "Net Income Including Noncontrolling Interests": -30881000.0,
        "Net Income Continuous Operations": -30881000.0,
        "Tax Provision": 0.0,
        "Pretax Income": -30881000.0,
        "Other Income Expense": -206000.0,
        "Other Non Operating Income Expenses": -206000.0,
        "Special Income Charges": NaN,
        "Impairment Of Capital Assets": NaN,
        "Net Non Operating Interest Income Expense": 2647000.0,
        "Interest Expense Non Operating": 19000.0,
        "Interest Income Non Operating": 2666000.0,
        "Operating Income": -33322000.0,
        "Operating Expense": 33322000.0,
        "Research And Development": 26756000.0,
        "Selling General And Administration": 6566000.0,
        "General And Administrative Expense": 6566000.0,
        "Other Gand A": 6566000.0,
        "Salaries And Wages": NaN,
        "Total Revenue": 0.0,
        "Operating Revenue": 0.0
    },
    "2022-12-31": {
        "Tax Effect Of Unusual Items": 0.0,
        "Tax Rate For Calcs": 0.0,
        "Normalized EBITDA": -28790000.0,
        "Total Unusual Items": NaN,
        "Total Unusual Items Excluding Goodwill": NaN,
        "Net Income From Continuing Operation Net Minority Interest": -29875000.0,
        "Reconciled Depreciation": 1059000.0,
        "EBITDA": -28790000.0,
        "EBIT": -29849000.0,
        "Net Interest Income": 2153000.0,
        "Interest Expense": 26000.0,
        "Interest Income": 2179000.0,
        "Normalized Income": -29875000.0,
        "Net Income From Continuing And Discontinued Operation": -29875000.0,
        "Total Expenses": 31565000.0,
        "Total Operating Income As Reported": -31565000.0,
        "Diluted Average Shares": 41651298.0,
        "Basic Average Shares": 41651298.0,
        "Diluted EPS": -0.72,
        "Basic EPS": -0.72,
        "Diluted NI Availto Com Stockholders": -29875000.0,
        "Net Income Common Stockholders": -29875000.0,
        "Net Income": -29875000.0,
        "Net Income Including Noncontrolling Interests": -29875000.0,
        "Net Income Continuous Operations": -29875000.0,
        "Tax Provision": 0.0,
        "Pretax Income": -29875000.0,
        "Other Income Expense": -463000.0,
        "Other Non Operating Income Expenses": -463000.0,
        "Special Income Charges": NaN,
        "Impairment Of Capital Assets": NaN,
        "Net Non Operating Interest Income Expense": 2153000.0,
        "Interest Expense Non Operating": 26000.0,
        "Interest Income Non Operating": 2179000.0,
        "Operating Income": -31565000.0,
        "Operating Expense": 31565000.0,
        "Research And Development": 25015000.0,
        "Selling General And Administration": 6550000.0,
        "General And Administrative Expense": 6550000.0,
        "Other Gand A": 6550000.0,
        "Salaries And Wages": NaN,
        "Total Revenue": 0.0,
        "Operating Revenue": 0.0
    },
    "2022-09-30": {
        "Tax Effect Of Unusual Items": 0.0,
        "Tax Rate For Calcs": 0.0,
        "Normalized EBITDA": -21219000.0,
        "Total Unusual Items": NaN,
        "Total Unusual Items Excluding Goodwill": NaN,
        "Net Income From Continuing Operation Net Minority Interest": -21996000.0,
        "Reconciled Depreciation": 759000.0,
        "EBITDA": -21219000.0,
        "EBIT": -21978000.0,
        "Net Interest Income": 1206000.0,
        "Interest Expense": 18000.0,
        "Interest Income": 1224000.0,
        "Normalized Income": -21996000.0,
        "Net Income From Continuing And Discontinued Operation": -21996000.0,
        "Total Expenses": 22985000.0,
        "Total Operating Income As Reported": -22985000.0,
        "Diluted Average Shares": 41642815.0,
        "Basic Average Shares": 41642815.0,
        "Diluted EPS": -0.53,
        "Basic EPS": -0.53,
        "Diluted NI Availto Com Stockholders": -21996000.0,
        "Net Income Common Stockholders": -21996000.0,
        "Net Income": -21996000.0,
        "Net Income Including Noncontrolling Interests": -21996000.0,
        "Net Income Continuous Operations": -21996000.0,
        "Tax Provision": 0.0,
        "Pretax Income": -21996000.0,
        "Other Income Expense": -217000.0,
        "Other Non Operating Income Expenses": -217000.0,
        "Special Income Charges": NaN,
        "Impairment Of Capital Assets": NaN,
        "Net Non Operating Interest Income Expense": 1206000.0,
        "Interest Expense Non Operating": 18000.0,
        "Interest Income Non Operating": 1224000.0,
        "Operating Income": -22985000.0,
        "Operating Expense": 22985000.0,
        "Research And Development": 16570000.0,
        "Selling General And Administration": 6415000.0,
        "General And Administrative Expense": 6415000.0,
        "Other Gand A": 6415000.0,
        "Salaries And Wages": NaN,
        "Total Revenue": 0.0,
        "Operating Revenue": 0.0
    },
    "2022-06-30": {
        "Tax Effect Of Unusual Items": 0.0,
        "Tax Rate For Calcs": 0.0,
        "Normalized EBITDA": -22115000.0,
        "Net Income From Continuing Operation Net Minority Interest": -22538000.0,
        "Reconciled Depreciation": 405000.0,
        "EBITDA": -22115000.0,
        "EBIT": -22520000.0,
        "Net Interest Income": 307000.0,
        "Interest Expense": 18000.0,
        "Interest Income": 325000.0,
        "Normalized Income": -22538000.0,
        "Net Income From Continuing And Discontinued Operation": -22538000.0,
        "Total Expenses": 22707000.0,
        "Total Operating Income As Reported": -22707000.0,
        "Diluted Average Shares": 40075060.0,
        "Basic Average Shares": 40075060.0,
        "Diluted EPS": -0.56,
        "Basic EPS": -0.56,
        "Diluted NI Availto Com Stockholders": -22538000.0,
        "Net Income Common Stockholders": -22538000.0,
        "Net Income": -22538000.0,
        "Net Income Including Noncontrolling Interests": -22538000.0,
        "Net Income Continuous Operations": -22538000.0,
        "Tax Provision": 0.0,
        "Pretax Income": -22538000.0,
        "Other Income Expense": -138000.0,
        "Other Non Operating Income Expenses": -138000.0,
        "Net Non Operating Interest Income Expense": 307000.0,
        "Interest Expense Non Operating": 18000.0,
        "Interest Income Non Operating": 325000.0,
        "Operating Income": -22707000.0,
        "Operating Expense": 22707000.0,
        "Research And Development": 16178000.0,
        "Selling General And Administration": 6529000.0,
        "General And Administrative Expense": 6529000.0,
        "Other Gand A": 6529000.0,
        "Salaries And Wages": NaN,
        "Total Revenue": 0.0,
        "Operating Revenue": 0.0
    },
    "2022-03-31": {
        "Diluted EPS": 0.1,
        "Total Revenue": 25,
        "Gross Profit": 25,
        "Operating Income": 5,
        "EBIT": 5,
        "Net Income": 5
    },
    "2021-12-31": {
        "Diluted EPS": -0.4,
        "Total Revenue": 5,
        "Gross Profit": 5,
        "Operating Income": -16,
        "EBIT": -15,
        "Net Income": -16
    },
    "2021-09-30": {
        "Diluted EPS": -0.44,
        "Total Revenue": 3,
        "Gross Profit": 3,
        "Operating Income": -14,
        "EBIT": -13,
        "Net Income": -14
    },
    "2021-06-30": {
        "Diluted EPS": -0.34,
        "Total Revenue": 5,
        "Gross Profit": 5,
        "Operating Income": -11,
        "EBIT": -10,
        "Net Income": -11
    },
    "2021-03-31": {
        "Diluted EPS": -0.82,
        "Total Revenue": -4,
        "Gross Profit": -4,
        "Operating Income": -21,
        "EBIT": -21,
        "Net Income": -21
    },
    "2020-12-31": {
        "Diluted EPS": 3.78,
        "Total Revenue": 5,
        "Gross Profit": 5,
        "Operating Income": -9,
        "EBIT": -9,
        "Net Income": -9
    },
    "2020-09-30": {
        "Diluted EPS": -2.84,
        "Total Revenue": 3,
        "Gross Profit": 3,
        "Operating Income": -14,
        "EBIT": -13,
        "Net Income": -15
    },
    "2020-06-30": {
        "Diluted EPS": -3.88,
        "Total Revenue": 7,
        "Gross Profit": 7,
        "Operating Income": -9,
        "EBIT": -8,
        "Net Income": -8
    },
    "2020-03-31": {
        "Diluted EPS": -2.07,
        "Total Revenue": 2,
        "Gross Profit": 2,
        "Operating Income": -8,
        "EBIT": -7,
        "Net Income": -4
    },
    "2019-12-31": {
        "Diluted EPS": -0.05,
        "Total Revenue": 8,
        "Gross Profit": 8,
        "Operating Income": 15,
        "EBIT": 15,
        "Net Income": 16
    },
    "2019-09-30": {
        "Diluted EPS": -6.87,
        "Total Revenue": -7,
        "Gross Profit": -7,
        "Operating Income": -15,
        "EBIT": -14,
        "Net Income": -15
    },
    "2019-06-30": {
        "Diluted EPS": -3.57,
        "Total Revenue": NaN,
        "Gross Profit": NaN,
        "Operating Income": -19,
        "EBIT": -20,
        "Net Income": -18
    },
    "2019-03-31": {
        "Diluted EPS": -2.66,
        "Total Revenue": NaN,
        "Gross Profit": NaN,
        "Operating Income": -12,
        "EBIT": -12,
        "Net Income": -11
    },
    "2018-12-31": {
        "Diluted EPS": 3.9,
        "Total Revenue": NaN,
        "Gross Profit": NaN,
        "Operating Income": 10,
        "EBIT": 11,
        "Net Income": 23
    },
    "2018-09-30": {
        "Diluted EPS": -2.1,
        "Total Revenue": NaN,
        "Gross Profit": NaN,
        "Operating Income": -9,
        "EBIT": -9,
        "Net Income": -8
    },
    "2018-06-30": {
        "Diluted EPS": -3.36,
        "Total Revenue": NaN,
        "Gross Profit": NaN,
        "Operating Income": -14,
        "EBIT": -14,
        "Net Income": -14
    },
    "2018-03-31": {
        "Diluted EPS": -3.22,
        "Total Revenue": NaN,
        "Gross Profit": NaN,
        "Operating Income": -10,
        "EBIT": -10,
        "Net Income": -10
    },
    "2017-12-31": {
        "Diluted EPS": -35.76,
        "Total Revenue": NaN,
        "Gross Profit": NaN,
        "Operating Income": -8,
        "EBIT": -8,
        "Net Income": -23
    },
    "2017-09-30": {
        "Diluted EPS": -5.25,
        "Total Revenue": NaN,
        "Gross Profit": NaN,
        "Operating Income": -4,
        "EBIT": -4,
        "Net Income": -3
    },
    "2017-06-30": {
        "Diluted EPS": -6.58,
        "Total Revenue": NaN,
        "Gross Profit": NaN,
        "Operating Income": -4,
        "EBIT": -4,
        "Net Income": -4
    },
    "2017-03-31": {
        "Diluted EPS": -8.4,
        "Total Revenue": NaN,
        "Gross Profit": NaN,
        "Operating Income": -3,
        "EBIT": -3,
        "Net Income": -3
    },
    "2016-12-31": {
        "Diluted EPS": 0.0,
        "Total Revenue": NaN,
        "Gross Profit": NaN,
        "Operating Income": NaN,
        "EBIT": NaN,
        "Net Income": NaN
    },
    "2023-06-30": {
        "Tax Effect Of Unusual Items": 0.0,
        "Tax Rate For Calcs": 0.0,
        "Normalized EBITDA": -30889000.0,
        "Total Unusual Items": NaN,
        "Total Unusual Items Excluding Goodwill": NaN,
        "Net Income From Continuing Operation Net Minority Interest": -32403000.0,
        "Reconciled Depreciation": 1510000.0,
        "EBITDA": -30889000.0,
        "EBIT": -32399000.0,
        "Net Interest Income": 2611000.0,
        "Interest Expense": 4000.0,
        "Interest Income": 2615000.0,
        "Normalized Income": -32403000.0,
        "Net Income From Continuing And Discontinued Operation": -32403000.0,
        "Total Expenses": 34890000.0,
        "Total Operating Income As Reported": -34890000.0,
        "Diluted Average Shares": 42957035.0,
        "Basic Average Shares": 42957035.0,
        "Diluted EPS": -0.75,
        "Basic EPS": -0.75,
        "Diluted NI Availto Com Stockholders": -32403000.0,
        "Net Income Common Stockholders": -32403000.0,
        "Net Income": -32403000.0,
        "Net Income Including Noncontrolling Interests": -32403000.0,
        "Net Income Continuous Operations": -32403000.0,
        "Tax Provision": 0.0,
        "Pretax Income": -32403000.0,
        "Other Income Expense": -124000.0,
        "Other Non Operating Income Expenses": -124000.0,
        "Special Income Charges": NaN,
        "Impairment Of Capital Assets": NaN,
        "Net Non Operating Interest Income Expense": 2611000.0,
        "Interest Expense Non Operating": 4000.0,
        "Interest Income Non Operating": 2615000.0,
        "Operating Income": -34890000.0,
        "Operating Expense": 34890000.0,
        "Research And Development": 28362000.0,
        "Selling General And Administration": 6528000.0,
        "General And Administrative Expense": 6528000.0,
        "Other Gand A": 6528000.0,
        "Salaries And Wages": 2642000.0,
        "Total Revenue": 0.0,
        "Operating Revenue": 0.0
    },
    "2023-09-30": {
        "Tax Effect Of Unusual Items": 0.0,
        "Tax Rate For Calcs": 0.0,
        "Normalized EBITDA": -28777000.0,
        "Total Unusual Items": -19462000.0,
        "Total Unusual Items Excluding Goodwill": -19462000.0,
        "Net Income From Continuing Operation Net Minority Interest": -49885000.0,
        "Reconciled Depreciation": 1645000.0,
        "EBITDA": -48239000.0,
        "EBIT": -49884000.0,
        "Net Interest Income": 2519000.0,
        "Interest Expense": 1000.0,
        "Interest Income": 2520000.0,
        "Normalized Income": -30423000.0,
        "Net Income From Continuing And Discontinued Operation": -49885000.0,
        "Total Expenses": 32800000.0,
        "Total Operating Income As Reported": -52262000.0,
        "Diluted Average Shares": 42980641.0,
        "Basic Average Shares": 42980641.0,
        "Diluted EPS": -1.16,
        "Basic EPS": -1.16,
        "Diluted NI Availto Com Stockholders": -49885000.0,
        "Net Income Common Stockholders": -49885000.0,
        "Net Income": -49885000.0,
        "Net Income Including Noncontrolling Interests": -49885000.0,
        "Net Income Continuous Operations": -49885000.0,
        "Tax Provision": 0.0,
        "Pretax Income": -49885000.0,
        "Other Income Expense": -19604000.0,
        "Other Non Operating Income Expenses": -142000.0,
        "Special Income Charges": -19462000.0,
        "Impairment Of Capital Assets": 19462000.0,
        "Net Non Operating Interest Income Expense": 2519000.0,
        "Interest Expense Non Operating": 1000.0,
        "Interest Income Non Operating": 2520000.0,
        "Operating Income": -32800000.0,
        "Operating Expense": 32800000.0,
        "Research And Development": 26167000.0,
        "Selling General And Administration": 6633000.0,
        "General And Administrative Expense": 6633000.0,
        "Other Gand A": 6633000.0,
        "Salaries And Wages": NaN,
        "Total Revenue": 0.0,
        "Operating Revenue": 0.0
    }
}