{
    "2023-03-31": {
        "Tax Effect Of Unusual Items": 0.0,
        "Tax Rate For Calcs": 0.0,
        "Normalized EBITDA": -106800000.0,
        "Total Unusual Items": -2100000.0,
        "Total Unusual Items Excluding Goodwill": -2100000.0,
        "Net Income From Continuing Operation Net Minority Interest": -113100000.0,
        "Reconciled Depreciation": 1000000.0,
        "EBITDA": -108900000.0,
        "EBIT": -109900000.0,
        "Net Interest Income": 1600000.0,
        "Interest Income": NaN,
        "Normalized Income": -111000000.0,
        "Net Income From Continuing And Discontinued Operation": -113100000.0,
        "Total Expenses": 109900000.0,
        "Total Operating Income As Reported": -112000000.0,
        "Diluted Average Shares": 247274541.0,
        "Basic Average Shares": 247274541.0,
        "Diluted EPS": -0.46,
        "Basic EPS": -0.46,
        "Diluted NI Availto Com Stockholders": -113100000.0,
        "Net Income Common Stockholders": -113100000.0,
        "Net Income": -113100000.0,
        "Net Income Including Noncontrolling Interests": -113100000.0,
        "Net Income Continuous Operations": -113100000.0,
        "Tax Provision": 0.0,
        "Pretax Income": -113100000.0,
        "Other Income Expense": -4800000.0,
        "Other Non Operating Income Expenses": -2700000.0,
        "Special Income Charges": NaN,
        "Gain On Sale Of Security": -2100000.0,
        "Net Non Operating Interest Income Expense": 1600000.0,
        "Total Other Finance Cost": -1600000.0,
        "Interest Income Non Operating": NaN,
        "Operating Income": -109900000.0,
        "Operating Expense": 109900000.0,
        "Research And Development": 65800000.0,
        "Selling General And Administration": 44100000.0,
        "General And Administrative Expense": 44100000.0,
        "Other Gand A": 44100000.0,
        "Total Revenue": 0.0,
        "Operating Revenue": 0.0
    },
    "2022-12-31": {
        "Tax Effect Of Unusual Items": NaN,
        "Tax Rate For Calcs": NaN,
        "Normalized EBITDA": NaN,
        "Total Unusual Items": -4800000.0,
        "Total Unusual Items Excluding Goodwill": -4800000.0,
        "Net Income From Continuing Operation Net Minority Interest": NaN,
        "Reconciled Depreciation": NaN,
        "EBITDA": NaN,
        "EBIT": NaN,
        "Net Interest Income": NaN,
        "Interest Income": NaN,
        "Normalized Income": NaN,
        "Net Income From Continuing And Discontinued Operation": NaN,
        "Total Expenses": NaN,
        "Total Operating Income As Reported": NaN,
        "Diluted Average Shares": NaN,
        "Basic Average Shares": NaN,
        "Diluted EPS": NaN,
        "Basic EPS": NaN,
        "Diluted NI Availto Com Stockholders": NaN,
        "Net Income Common Stockholders": NaN,
        "Net Income": NaN,
        "Net Income Including Noncontrolling Interests": NaN,
        "Net Income Continuous Operations": NaN,
        "Tax Provision": NaN,
        "Pretax Income": NaN,
        "Other Income Expense": NaN,
        "Other Non Operating Income Expenses": NaN,
        "Special Income Charges": 0.0,
        "Gain On Sale Of Security": -4800000.0,
        "Net Non Operating Interest Income Expense": NaN,
        "Total Other Finance Cost": -700000.0,
        "Interest Income Non Operating": NaN,
        "Operating Income": NaN,
        "Operating Expense": NaN,
        "Research And Development": NaN,
        "Selling General And Administration": NaN,
        "General And Administrative Expense": NaN,
        "Other Gand A": NaN,
        "Total Revenue": NaN,
        "Operating Revenue": NaN
    },
    "2022-09-30": {
        "Tax Effect Of Unusual Items": NaN,
        "Tax Rate For Calcs": NaN,
        "Normalized EBITDA": NaN,
        "Total Unusual Items": -6000000.0,
        "Total Unusual Items Excluding Goodwill": -6000000.0,
        "Net Income From Continuing Operation Net Minority Interest": NaN,
        "Reconciled Depreciation": NaN,
        "EBITDA": NaN,
        "EBIT": NaN,
        "Net Interest Income": NaN,
        "Interest Income": NaN,
        "Normalized Income": NaN,
        "Net Income From Continuing And Discontinued Operation": NaN,
        "Total Expenses": NaN,
        "Total Operating Income As Reported": NaN,
        "Diluted Average Shares": 240252605.0,
        "Basic Average Shares": 240252605.0,
        "Diluted EPS": -0.38,
        "Basic EPS": -0.38,
        "Diluted NI Availto Com Stockholders": NaN,
        "Net Income Common Stockholders": NaN,
        "Net Income": NaN,
        "Net Income Including Noncontrolling Interests": NaN,
        "Net Income Continuous Operations": NaN,
        "Tax Provision": NaN,
        "Pretax Income": NaN,
        "Other Income Expense": NaN,
        "Other Non Operating Income Expenses": NaN,
        "Special Income Charges": 0.0,
        "Gain On Sale Of Security": -6000000.0,
        "Net Non Operating Interest Income Expense": NaN,
        "Total Other Finance Cost": NaN,
        "Interest Income Non Operating": NaN,
        "Operating Income": NaN,
        "Operating Expense": NaN,
        "Research And Development": NaN,
        "Selling General And Administration": NaN,
        "General And Administrative Expense": NaN,
        "Other Gand A": NaN,
        "Total Revenue": NaN,
        "Operating Revenue": NaN
    },
    "2022-06-30": {
        "Tax Effect Of Unusual Items": 0.0,
        "Tax Rate For Calcs": 0.0,
        "Normalized EBITDA": -79500000.0,
        "Total Unusual Items": 0.0,
        "Total Unusual Items Excluding Goodwill": 0.0,
        "Net Income From Continuing Operation Net Minority Interest": -71700000.0,
        "Reconciled Depreciation": 700000.0,
        "EBITDA": -79500000.0,
        "EBIT": -80200000.0,
        "Net Interest Income": 500000.0,
        "Interest Income": 500000.0,
        "Normalized Income": -71700000.0,
        "Net Income From Continuing And Discontinued Operation": -71700000.0,
        "Total Expenses": 80200000.0,
        "Total Operating Income As Reported": -80200000.0,
        "Diluted Average Shares": 238062232.0,
        "Basic Average Shares": 238062232.0,
        "Diluted EPS": -0.3,
        "Basic EPS": -0.3,
        "Diluted NI Availto Com Stockholders": -71700000.0,
        "Net Income Common Stockholders": -71700000.0,
        "Net Income": -71700000.0,
        "Net Income Including Noncontrolling Interests": -71700000.0,
        "Net Income Continuous Operations": -71700000.0,
        "Tax Provision": NaN,
        "Pretax Income": -71700000.0,
        "Other Income Expense": 8000000.0,
        "Other Non Operating Income Expenses": 8000000.0,
        "Special Income Charges": 0.0,
        "Gain On Sale Of Security": NaN,
        "Net Non Operating Interest Income Expense": 500000.0,
        "Total Other Finance Cost": NaN,
        "Interest Income Non Operating": 500000.0,
        "Operating Income": -80200000.0,
        "Operating Expense": 80200000.0,
        "Research And Development": 37800000.0,
        "Selling General And Administration": 42400000.0,
        "General And Administrative Expense": 42400000.0,
        "Other Gand A": 42400000.0,
        "Total Revenue": 0.0,
        "Operating Revenue": 0.0
    },
    "2022-03-31": {
        "Diluted EPS": -0.25,
        "Total Revenue": NaN,
        "Gross Profit": NaN,
        "Operating Income": -65,
        "EBIT": -65,
        "Net Income": -59
    },
    "2021-12-31": {
        "Diluted EPS": 1.12,
        "Total Revenue": NaN,
        "Gross Profit": NaN,
        "Operating Income": -53,
        "EBIT": -53,
        "Net Income": -43
    },
    "2021-09-30": {
        "Diluted EPS": -2.0,
        "Total Revenue": NaN,
        "Gross Profit": NaN,
        "Operating Income": -176,
        "EBIT": -176,
        "Net Income": -177
    },
    "2021-06-30": {
        "Diluted EPS": -0.56,
        "Total Revenue": NaN,
        "Gross Profit": NaN,
        "Operating Income": -34,
        "EBIT": -34,
        "Net Income": -33
    },
    "2021-03-31": {
        "Diluted EPS": -1.7,
        "Total Revenue": NaN,
        "Gross Profit": NaN,
        "Operating Income": -95,
        "EBIT": -95,
        "Net Income": -95
    },
    "2020-12-31": {
        "Diluted EPS": 0.0,
        "Total Revenue": NaN,
        "Gross Profit": NaN,
        "Operating Income": NaN,
        "EBIT": NaN,
        "Net Income": NaN
    },
    "2020-09-30": {
        "Diluted EPS": -0.14,
        "Total Revenue": NaN,
        "Gross Profit": NaN,
        "Operating Income": -7,
        "EBIT": -7,
        "Net Income": -7
    },
    "2023-06-30": {
        "Tax Effect Of Unusual Items": 0.0,
        "Tax Rate For Calcs": 0.0,
        "Normalized EBITDA": -180300000.0,
        "Total Unusual Items": NaN,
        "Total Unusual Items Excluding Goodwill": NaN,
        "Net Income From Continuing Operation Net Minority Interest": -184100000.0,
        "Reconciled Depreciation": 1100000.0,
        "EBITDA": -180300000.0,
        "EBIT": -181400000.0,
        "Net Interest Income": 4100000.0,
        "Interest Income": 4100000.0,
        "Normalized Income": -184100000.0,
        "Net Income From Continuing And Discontinued Operation": -184100000.0,
        "Total Expenses": 181400000.0,
        "Total Operating Income As Reported": -181400000.0,
        "Diluted Average Shares": 251018612.0,
        "Basic Average Shares": 251018612.0,
        "Diluted EPS": -0.73,
        "Basic EPS": -0.73,
        "Diluted NI Availto Com Stockholders": -184100000.0,
        "Net Income Common Stockholders": -184100000.0,
        "Net Income": -184100000.0,
        "Net Income Including Noncontrolling Interests": -184100000.0,
        "Net Income Continuous Operations": -184100000.0,
        "Tax Provision": 200000.0,
        "Pretax Income": -183900000.0,
        "Other Income Expense": -6600000.0,
        "Other Non Operating Income Expenses": -6600000.0,
        "Special Income Charges": NaN,
        "Gain On Sale Of Security": NaN,
        "Net Non Operating Interest Income Expense": 4100000.0,
        "Total Other Finance Cost": NaN,
        "Interest Income Non Operating": 4100000.0,
        "Operating Income": -181400000.0,
        "Operating Expense": 181400000.0,
        "Research And Development": 63300000.0,
        "Selling General And Administration": 118100000.0,
        "General And Administrative Expense": 118100000.0,
        "Other Gand A": 118100000.0,
        "Total Revenue": 0.0,
        "Operating Revenue": 0.0
    },
    "2023-09-30": {
        "Tax Effect Of Unusual Items": 0.0,
        "Tax Rate For Calcs": 0.21,
        "Normalized EBITDA": -44100000.0,
        "Total Unusual Items": NaN,
        "Total Unusual Items Excluding Goodwill": NaN,
        "Net Income From Continuing Operation Net Minority Interest": -51600000.0,
        "Reconciled Depreciation": 2100000.0,
        "EBITDA": -44100000.0,
        "EBIT": -46200000.0,
        "Net Interest Income": 5100000.0,
        "Interest Income": NaN,
        "Normalized Income": -51600000.0,
        "Net Income From Continuing And Discontinued Operation": -51600000.0,
        "Total Expenses": 46200000.0,
        "Total Operating Income As Reported": -46200000.0,
        "Diluted Average Shares": 277683468.0,
        "Basic Average Shares": 277683468.0,
        "Diluted EPS": -0.19,
        "Basic EPS": -0.19,
        "Diluted NI Availto Com Stockholders": -51600000.0,
        "Net Income Common Stockholders": -51600000.0,
        "Net Income": -51600000.0,
        "Net Income Including Noncontrolling Interests": -51600000.0,
        "Net Income Continuous Operations": -51600000.0,
        "Tax Provision": 100000.0,
        "Pretax Income": -51500000.0,
        "Other Income Expense": -10400000.0,
        "Other Non Operating Income Expenses": -10400000.0,
        "Special Income Charges": NaN,
        "Gain On Sale Of Security": NaN,
        "Net Non Operating Interest Income Expense": 5100000.0,
        "Total Other Finance Cost": -5100000.0,
        "Interest Income Non Operating": NaN,
        "Operating Income": -46200000.0,
        "Operating Expense": 46200000.0,
        "Research And Development": 67800000.0,
        "Selling General And Administration": -21600000.0,
        "General And Administrative Expense": -21600000.0,
        "Other Gand A": -21600000.0,
        "Total Revenue": 0.0,
        "Operating Revenue": 0.0
    },
    "2023-12-31": {
        "Tax Effect Of Unusual Items": 0.0,
        "Tax Rate For Calcs": 0.21,
        "Normalized EBITDA": -105000000.0,
        "Total Unusual Items": 0.0,
        "Total Unusual Items Excluding Goodwill": 0.0,
        "Net Income From Continuing Operation Net Minority Interest": -109100000.0,
        "Reconciled Depreciation": 2300000.0,
        "EBITDA": -105000000.0,
        "EBIT": -107300000.0,
        "Net Interest Income": 5600000.0,
        "Interest Income": NaN,
        "Normalized Income": -109100000.0,
        "Net Income From Continuing And Discontinued Operation": -109100000.0,
        "Total Expenses": 107300000.0,
        "Total Operating Income As Reported": -107300000.0,
        "Diluted Average Shares": NaN,
        "Basic Average Shares": NaN,
        "Diluted EPS": NaN,
        "Basic EPS": NaN,
        "Diluted NI Availto Com Stockholders": -109100000.0,
        "Net Income Common Stockholders": -109100000.0,
        "Net Income": -109100000.0,
        "Net Income Including Noncontrolling Interests": -109100000.0,
        "Net Income Continuous Operations": -109100000.0,
        "Tax Provision": 200000.0,
        "Pretax Income": -108900000.0,
        "Other Income Expense": -7200000.0,
        "Other Non Operating Income Expenses": -7200000.0,
        "Special Income Charges": NaN,
        "Gain On Sale Of Security": 0.0,
        "Net Non Operating Interest Income Expense": 5600000.0,
        "Total Other Finance Cost": -5600000.0,
        "Interest Income Non Operating": NaN,
        "Operating Income": -107300000.0,
        "Operating Expense": 107300000.0,
        "Research And Development": 79500000.0,
        "Selling General And Administration": 27800000.0,
        "General And Administrative Expense": 27800000.0,
        "Other Gand A": 27800000.0,
        "Total Revenue": 0.0,
        "Operating Revenue": 0.0
    },
    "2024-03-31": {
        "Tax Effect Of Unusual Items": 0.0,
        "Tax Rate For Calcs": 0.4,
        "Normalized EBITDA": -139900000.0,
        "Total Unusual Items": NaN,
        "Total Unusual Items Excluding Goodwill": NaN,
        "Net Income From Continuing Operation Net Minority Interest": -116500000.0,
        "Reconciled Depreciation": 2300000.0,
        "EBITDA": -139900000.0,
        "EBIT": -142200000.0,
        "Net Interest Income": 5300000.0,
        "Interest Income": NaN,
        "Normalized Income": -116500000.0,
        "Net Income From Continuing And Discontinued Operation": -116500000.0,
        "Total Expenses": 142200000.0,
        "Total Operating Income As Reported": -142200000.0,
        "Diluted Average Shares": 320256596.0,
        "Basic Average Shares": 320256596.0,
        "Diluted EPS": -0.36,
        "Basic EPS": -0.36,
        "Diluted NI Availto Com Stockholders": -116500000.0,
        "Net Income Common Stockholders": -116500000.0,
        "Net Income": -116500000.0,
        "Net Income Including Noncontrolling Interests": -116500000.0,
        "Net Income Continuous Operations": -116500000.0,
        "Tax Provision": 200000.0,
        "Pretax Income": -116300000.0,
        "Other Income Expense": 20600000.0,
        "Other Non Operating Income Expenses": 20600000.0,
        "Special Income Charges": NaN,
        "Gain On Sale Of Security": NaN,
        "Net Non Operating Interest Income Expense": 5300000.0,
        "Total Other Finance Cost": -5300000.0,
        "Interest Income Non Operating": NaN,
        "Operating Income": -142200000.0,
        "Operating Expense": 142200000.0,
        "Research And Development": 83500000.0,
        "Selling General And Administration": 58700000.0,
        "General And Administrative Expense": 58700000.0,
        "Other Gand A": 58700000.0,
        "Total Revenue": 0.0,
        "Operating Revenue": 0.0
    }
}