{
    "2023-06-30": {
        "Tax Effect Of Unusual Items": NaN,
        "Tax Rate For Calcs": NaN,
        "Normalized EBITDA": NaN,
        "Total Unusual Items": NaN,
        "Total Unusual Items Excluding Goodwill": NaN,
        "Net Income From Continuing Operation Net Minority Interest": NaN,
        "Reconciled Depreciation": NaN,
        "Reconciled Cost Of Revenue": NaN,
        "EBITDA": NaN,
        "EBIT": NaN,
        "Net Interest Income": NaN,
        "Interest Expense": NaN,
        "Normalized Income": NaN,
        "Net Income From Continuing And Discontinued Operation": NaN,
        "Total Expenses": NaN,
        "Total Operating Income As Reported": NaN,
        "Diluted Average Shares": 575630760.0,
        "Basic Average Shares": 575630760.0,
        "Diluted EPS": NaN,
        "Basic EPS": NaN,
        "Diluted NI Availto Com Stockholders": NaN,
        "Average Dilution Earnings": NaN,
        "Net Income Common Stockholders": NaN,
        "Preferred Stock Dividends": NaN,
        "Net Income": NaN,
        "Net Income Including Noncontrolling Interests": NaN,
        "Net Income Continuous Operations": NaN,
        "Tax Provision": NaN,
        "Pretax Income": NaN,
        "Other Income Expense": NaN,
        "Other Non Operating Income Expenses": NaN,
        "Special Income Charges": NaN,
        "Gain On Sale Of Ppe": NaN,
        "Impairment Of Capital Assets": NaN,
        "Net Non Operating Interest Income Expense": NaN,
        "Interest Expense Non Operating": NaN,
        "Operating Income": NaN,
        "Operating Expense": NaN,
        "Selling General And Administration": NaN,
        "Gross Profit": NaN,
        "Cost Of Revenue": NaN,
        "Total Revenue": NaN,
        "Operating Revenue": NaN
    },
    "2023-05-31": {
        "Tax Effect Of Unusual Items": NaN,
        "Tax Rate For Calcs": NaN,
        "Normalized EBITDA": NaN,
        "Total Unusual Items": NaN,
        "Total Unusual Items Excluding Goodwill": NaN,
        "Net Income From Continuing Operation Net Minority Interest": NaN,
        "Reconciled Depreciation": NaN,
        "Reconciled Cost Of Revenue": NaN,
        "EBITDA": NaN,
        "EBIT": NaN,
        "Net Interest Income": NaN,
        "Interest Expense": NaN,
        "Normalized Income": NaN,
        "Net Income From Continuing And Discontinued Operation": NaN,
        "Total Expenses": NaN,
        "Total Operating Income As Reported": NaN,
        "Diluted Average Shares": NaN,
        "Basic Average Shares": NaN,
        "Diluted EPS": NaN,
        "Basic EPS": NaN,
        "Diluted NI Availto Com Stockholders": NaN,
        "Average Dilution Earnings": 700000.0,
        "Net Income Common Stockholders": NaN,
        "Preferred Stock Dividends": 700000.0,
        "Net Income": NaN,
        "Net Income Including Noncontrolling Interests": NaN,
        "Net Income Continuous Operations": NaN,
        "Tax Provision": NaN,
        "Pretax Income": NaN,
        "Other Income Expense": NaN,
        "Other Non Operating Income Expenses": NaN,
        "Special Income Charges": NaN,
        "Gain On Sale Of Ppe": NaN,
        "Impairment Of Capital Assets": NaN,
        "Net Non Operating Interest Income Expense": NaN,
        "Interest Expense Non Operating": NaN,
        "Operating Income": NaN,
        "Operating Expense": NaN,
        "Selling General And Administration": NaN,
        "Gross Profit": NaN,
        "Cost Of Revenue": NaN,
        "Total Revenue": NaN,
        "Operating Revenue": NaN
    },
    "2023-02-28": {
        "Tax Effect Of Unusual Items": NaN,
        "Tax Rate For Calcs": NaN,
        "Normalized EBITDA": NaN,
        "Total Unusual Items": NaN,
        "Total Unusual Items Excluding Goodwill": NaN,
        "Net Income From Continuing Operation Net Minority Interest": NaN,
        "Reconciled Depreciation": NaN,
        "Reconciled Cost Of Revenue": NaN,
        "EBITDA": NaN,
        "EBIT": NaN,
        "Net Interest Income": NaN,
        "Interest Expense": NaN,
        "Normalized Income": NaN,
        "Net Income From Continuing And Discontinued Operation": NaN,
        "Total Expenses": NaN,
        "Total Operating Income As Reported": NaN,
        "Diluted Average Shares": NaN,
        "Basic Average Shares": NaN,
        "Diluted EPS": NaN,
        "Basic EPS": NaN,
        "Diluted NI Availto Com Stockholders": NaN,
        "Average Dilution Earnings": NaN,
        "Net Income Common Stockholders": NaN,
        "Preferred Stock Dividends": NaN,
        "Net Income": NaN,
        "Net Income Including Noncontrolling Interests": NaN,
        "Net Income Continuous Operations": NaN,
        "Tax Provision": NaN,
        "Pretax Income": NaN,
        "Other Income Expense": NaN,
        "Other Non Operating Income Expenses": NaN,
        "Special Income Charges": NaN,
        "Gain On Sale Of Ppe": NaN,
        "Impairment Of Capital Assets": 0.0,
        "Net Non Operating Interest Income Expense": NaN,
        "Interest Expense Non Operating": NaN,
        "Operating Income": NaN,
        "Operating Expense": NaN,
        "Selling General And Administration": NaN,
        "Gross Profit": NaN,
        "Cost Of Revenue": NaN,
        "Total Revenue": NaN,
        "Operating Revenue": NaN
    },
    "2022-11-30": {
        "Tax Effect Of Unusual Items": NaN,
        "Tax Rate For Calcs": NaN,
        "Normalized EBITDA": NaN,
        "Total Unusual Items": NaN,
        "Total Unusual Items Excluding Goodwill": NaN,
        "Net Income From Continuing Operation Net Minority Interest": NaN,
        "Reconciled Depreciation": NaN,
        "Reconciled Cost Of Revenue": NaN,
        "EBITDA": NaN,
        "EBIT": NaN,
        "Net Interest Income": NaN,
        "Interest Expense": NaN,
        "Normalized Income": NaN,
        "Net Income From Continuing And Discontinued Operation": NaN,
        "Total Expenses": NaN,
        "Total Operating Income As Reported": NaN,
        "Diluted Average Shares": NaN,
        "Basic Average Shares": NaN,
        "Diluted EPS": NaN,
        "Basic EPS": NaN,
        "Diluted NI Availto Com Stockholders": NaN,
        "Average Dilution Earnings": 0.0,
        "Net Income Common Stockholders": NaN,
        "Preferred Stock Dividends": 266400000.0,
        "Net Income": NaN,
        "Net Income Including Noncontrolling Interests": NaN,
        "Net Income Continuous Operations": NaN,
        "Tax Provision": NaN,
        "Pretax Income": NaN,
        "Other Income Expense": NaN,
        "Other Non Operating Income Expenses": NaN,
        "Special Income Charges": NaN,
        "Gain On Sale Of Ppe": NaN,
        "Impairment Of Capital Assets": 3900000.0,
        "Net Non Operating Interest Income Expense": NaN,
        "Interest Expense Non Operating": NaN,
        "Operating Income": NaN,
        "Operating Expense": NaN,
        "Selling General And Administration": NaN,
        "Gross Profit": NaN,
        "Cost Of Revenue": NaN,
        "Total Revenue": NaN,
        "Operating Revenue": NaN
    },
    "2022-08-31": {
        "Tax Effect Of Unusual Items": NaN,
        "Tax Rate For Calcs": NaN,
        "Normalized EBITDA": NaN,
        "Total Unusual Items": NaN,
        "Total Unusual Items Excluding Goodwill": NaN,
        "Net Income From Continuing Operation Net Minority Interest": NaN,
        "Reconciled Depreciation": NaN,
        "Reconciled Cost Of Revenue": NaN,
        "EBITDA": NaN,
        "EBIT": NaN,
        "Net Interest Income": NaN,
        "Interest Expense": NaN,
        "Normalized Income": NaN,
        "Net Income From Continuing And Discontinued Operation": NaN,
        "Total Expenses": NaN,
        "Total Operating Income As Reported": NaN,
        "Diluted Average Shares": NaN,
        "Basic Average Shares": NaN,
        "Diluted EPS": NaN,
        "Basic EPS": NaN,
        "Diluted NI Availto Com Stockholders": NaN,
        "Average Dilution Earnings": 19200000.0,
        "Net Income Common Stockholders": NaN,
        "Preferred Stock Dividends": 19200000.0,
        "Net Income": NaN,
        "Net Income Including Noncontrolling Interests": NaN,
        "Net Income Continuous Operations": NaN,
        "Tax Provision": NaN,
        "Pretax Income": NaN,
        "Other Income Expense": NaN,
        "Other Non Operating Income Expenses": NaN,
        "Special Income Charges": NaN,
        "Gain On Sale Of Ppe": NaN,
        "Impairment Of Capital Assets": 500000.0,
        "Gain On Sale Of Security": 14500000.0,
        "Net Non Operating Interest Income Expense": NaN,
        "Interest Expense Non Operating": NaN,
        "Operating Income": NaN,
        "Operating Expense": NaN,
        "Selling General And Administration": NaN,
        "Gross Profit": NaN,
        "Cost Of Revenue": NaN,
        "Total Revenue": NaN,
        "Operating Revenue": NaN
    },
    "2022-05-31": {
        "Tax Effect Of Unusual Items": 18103200.0,
        "Tax Rate For Calcs": 0.228,
        "Normalized EBITDA": 1433500000.0,
        "Total Unusual Items": 79400000.0,
        "Total Unusual Items Excluding Goodwill": 79400000.0,
        "Net Income From Continuing Operation Net Minority Interest": 484200000.0,
        "Reconciled Depreciation": 746500000.0,
        "Reconciled Cost Of Revenue": 16765300000.0,
        "EBIT": 766400000.0,
        "Net Interest Income": -138900000.0,
        "Interest Expense": 138900000.0,
        "Normalized Income": 422903200.0,
        "Net Income From Continuing And Discontinued Operation": 484200000.0,
        "Total Expenses": 22629600000.0,
        "Total Operating Income As Reported": 760100000.0,
        "Diluted Average Shares": 576300000.0,
        "Basic Average Shares": 513300000.0,
        "Diluted EPS": 0.84,
        "Basic EPS": 0.86,
        "Diluted NI Availto Com Stockholders": 484200000.0,
        "Average Dilution Earnings": 40600000.0,
        "Net Income Common Stockholders": 484200000.0,
        "Preferred Stock Dividends": 40600000.0,
        "Net Income": 484200000.0,
        "Net Income Including Noncontrolling Interests": 484200000.0,
        "Net Income Continuous Operations": 484200000.0,
        "Tax Provision": 143300000.0,
        "Pretax Income": 627500000.0,
        "Other Income Expense": 85700000.0,
        "Other Non Operating Income Expenses": 6300000.0,
        "Special Income Charges": 79400000.0,
        "Gain On Sale Of Ppe": 79400000.0,
        "Impairment Of Capital Assets": 600000.0,
        "Gain On Sale Of Security": 80000000.0,
        "Net Non Operating Interest Income Expense": -138900000.0,
        "Interest Expense Non Operating": 138900000.0,
        "Operating Income": 680700000.0,
        "Operating Expense": 5864300000.0,
        "Selling General And Administration": 5864300000.0,
        "Gross Profit": 6545000000.0,
        "Cost Of Revenue": 16765300000.0,
        "Total Revenue": 23310300000.0,
        "Operating Revenue": 23310300000.0
    },
    "2022-02-28": {
        "Diluted EPS": 0.66,
        "Total Revenue": NaN,
        "Gross Profit": NaN,
        "Operating Income": 664,
        "EBIT": 594,
        "Net Income": 517
    },
    "2021-11-30": {
        "Diluted EPS": 0.74,
        "Total Revenue": NaN,
        "Gross Profit": NaN,
        "Operating Income": 600,
        "EBIT": NaN,
        "Net Income": 363
    },
    "2021-08-31": {
        "Diluted EPS": 0.52,
        "Total Revenue": NaN,
        "Gross Profit": NaN,
        "Operating Income": 486,
        "EBIT": NaN,
        "Net Income": 295
    },
    "2021-05-31": {
        "Diluted EPS": 0.78,
        "Total Revenue": NaN,
        "Gross Profit": NaN,
        "Operating Income": 687,
        "EBIT": NaN,
        "Net Income": 445
    },
    "2021-02-28": {
        "Diluted EPS": -0.22,
        "Total Revenue": NaN,
        "Gross Profit": NaN,
        "Operating Income": -175,
        "EBIT": -254,
        "Net Income": -144
    },
    "2020-11-30": {
        "Diluted EPS": 0.2,
        "Total Revenue": NaN,
        "Gross Profit": NaN,
        "Operating Income": 259,
        "EBIT": 745,
        "Net Income": 124
    },
    "2020-08-31": {
        "Diluted EPS": 0.49,
        "Total Revenue": NaN,
        "Gross Profit": NaN,
        "Operating Income": 562,
        "EBIT": NaN,
        "Net Income": 285
    },
    "2020-05-31": {
        "Diluted EPS": 1.0,
        "Total Revenue": NaN,
        "Gross Profit": NaN,
        "Operating Income": 972,
        "EBIT": NaN,
        "Net Income": 586
    },
    "2020-02-29": {
        "Diluted EPS": 0.12,
        "Total Revenue": NaN,
        "Gross Profit": NaN,
        "Operating Income": 327,
        "EBIT": 892,
        "Net Income": 68
    },
    "2019-11-30": {
        "Diluted EPS": 0.09,
        "Total Revenue": NaN,
        "Gross Profit": NaN,
        "Operating Income": 207,
        "EBIT": 730,
        "Net Income": 55
    },
    "2019-08-31": {
        "Diluted EPS": 0.51,
        "Total Revenue": NaN,
        "Gross Profit": NaN,
        "Operating Income": 582,
        "EBIT": NaN,
        "Net Income": 295
    },
    "2019-05-31": {
        "Diluted EPS": 0.08,
        "Total Revenue": NaN,
        "Gross Profit": NaN,
        "Operating Income": 322,
        "EBIT": NaN,
        "Net Income": 49
    },
    "2019-02-28": {
        "Diluted EPS": 0.0,
        "Total Revenue": NaN,
        "Gross Profit": NaN,
        "Operating Income": NaN,
        "EBIT": NaN,
        "Net Income": NaN
    },
    "2018-02-28": {
        "Diluted EPS": 0.0,
        "Total Revenue": NaN,
        "Gross Profit": NaN,
        "Operating Income": NaN,
        "EBIT": NaN,
        "Net Income": NaN
    },
    "2023-07-31": {
        "Tax Effect Of Unusual Items": NaN,
        "Tax Rate For Calcs": NaN,
        "Normalized EBITDA": NaN,
        "Total Unusual Items": NaN,
        "Total Unusual Items Excluding Goodwill": NaN,
        "Net Income From Continuing Operation Net Minority Interest": NaN,
        "Reconciled Depreciation": NaN,
        "Reconciled Cost Of Revenue": NaN,
        "EBITDA": NaN,
        "EBIT": NaN,
        "Net Interest Income": NaN,
        "Interest Expense": NaN,
        "Normalized Income": NaN,
        "Net Income From Continuing And Discontinued Operation": NaN,
        "Total Expenses": NaN,
        "Total Operating Income As Reported": NaN,
        "Diluted Average Shares": 580100000.0,
        "Basic Average Shares": 573700000.0,
        "Diluted EPS": 0.72,
        "Basic EPS": 0.73,
        "Diluted NI Availto Com Stockholders": NaN,
        "Average Dilution Earnings": NaN,
        "Net Income Common Stockholders": NaN,
        "Preferred Stock Dividends": NaN,
        "Net Income": NaN,
        "Net Income Including Noncontrolling Interests": NaN,
        "Net Income Continuous Operations": NaN,
        "Tax Provision": NaN,
        "Pretax Income": NaN,
        "Other Income Expense": NaN,
        "Other Non Operating Income Expenses": NaN,
        "Special Income Charges": NaN,
        "Gain On Sale Of Ppe": NaN,
        "Impairment Of Capital Assets": NaN,
        "Net Non Operating Interest Income Expense": NaN,
        "Interest Expense Non Operating": NaN,
        "Operating Income": NaN,
        "Operating Expense": NaN,
        "Selling General And Administration": NaN,
        "Gross Profit": NaN,
        "Cost Of Revenue": NaN,
        "Total Revenue": NaN,
        "Operating Revenue": NaN
    },
    "2022-07-31": {
        "Tax Effect Of Unusual Items": 18132302.788845,
        "Tax Rate For Calcs": 0.228367,
        "Normalized EBITDA": 1433500000.0,
        "Total Unusual Items": 79400000.0,
        "Total Unusual Items Excluding Goodwill": 79400000.0,
        "Net Income From Continuing Operation Net Minority Interest": 484200000.0,
        "Reconciled Depreciation": 746500000.0,
        "Reconciled Cost Of Revenue": 16765300000.0,
        "EBITDA": 1512900000.0,
        "EBIT": 766400000.0,
        "Net Interest Income": -138900000.0,
        "Interest Expense": 138900000.0,
        "Normalized Income": 422932302.788845,
        "Net Income From Continuing And Discontinued Operation": 484200000.0,
        "Total Expenses": 22629600000.0,
        "Total Operating Income As Reported": 760100000.0,
        "Diluted Average Shares": 576300000.0,
        "Basic Average Shares": 513300000.0,
        "Diluted EPS": 0.84,
        "Basic EPS": 0.86,
        "Diluted NI Availto Com Stockholders": 484200000.0,
        "Average Dilution Earnings": NaN,
        "Net Income Common Stockholders": 484200000.0,
        "Preferred Stock Dividends": NaN,
        "Net Income": 484200000.0,
        "Net Income Including Noncontrolling Interests": 484200000.0,
        "Net Income Continuous Operations": 484200000.0,
        "Tax Provision": 143300000.0,
        "Pretax Income": 627500000.0,
        "Other Income Expense": 85700000.0,
        "Other Non Operating Income Expenses": 6300000.0,
        "Special Income Charges": 79400000.0,
        "Gain On Sale Of Ppe": 79400000.0,
        "Impairment Of Capital Assets": NaN,
        "Gain On Sale Of Security": NaN,
        "Net Non Operating Interest Income Expense": -138900000.0,
        "Interest Expense Non Operating": 138900000.0,
        "Operating Income": 680700000.0,
        "Operating Expense": 5864300000.0,
        "Selling General And Administration": 5864300000.0,
        "Gross Profit": 6545000000.0,
        "Cost Of Revenue": 16765300000.0,
        "Total Revenue": 23310300000.0,
        "Operating Revenue": 23310300000.0
    },
    "2023-08-31": {
        "Tax Effect Of Unusual Items": 1696800.0,
        "Tax Rate For Calcs": 0.202,
        "Normalized EBITDA": 1005900000.0,
        "Total Unusual Items": 8400000.0,
        "Total Unusual Items Excluding Goodwill": 8400000.0,
        "Net Income From Continuing Operation Net Minority Interest": 266900000.0,
        "Reconciled Depreciation": 568000000.0,
        "Reconciled Cost Of Revenue": 13249200000.0,
        "EBITDA": 1014300000.0,
        "EBIT": 446300000.0,
        "Net Interest Income": -111900000.0,
        "Interest Expense": 111900000.0,
        "Normalized Income": 260196800.0,
        "Net Income From Continuing And Discontinued Operation": 266900000.0,
        "Total Expenses": 17844700000.0,
        "Total Operating Income As Reported": 454400000.0,
        "Diluted Average Shares": 581900000.0,
        "Basic Average Shares": 576000000.0,
        "Diluted EPS": 0.46,
        "Basic EPS": 0.46,
        "Diluted NI Availto Com Stockholders": 266900000.0,
        "Average Dilution Earnings": 0.0,
        "Net Income Common Stockholders": 266900000.0,
        "Preferred Stock Dividends": NaN,
        "Net Income": 266900000.0,
        "Net Income Including Noncontrolling Interests": 266900000.0,
        "Net Income Continuous Operations": 266900000.0,
        "Tax Provision": 67500000.0,
        "Pretax Income": 334400000.0,
        "Other Income Expense": 300000.0,
        "Other Non Operating Income Expenses": -8100000.0,
        "Special Income Charges": 8400000.0,
        "Gain On Sale Of Ppe": 8400000.0,
        "Impairment Of Capital Assets": NaN,
        "Net Non Operating Interest Income Expense": -111900000.0,
        "Interest Expense Non Operating": 111900000.0,
        "Operating Income": 446000000.0,
        "Operating Expense": 4595500000.0,
        "Selling General And Administration": 4595500000.0,
        "Gross Profit": 5041500000.0,
        "Cost Of Revenue": 13249200000.0,
        "Total Revenue": 18290700000.0,
        "Operating Revenue": 18024100000.0
    },
    "2023-11-30": {
        "Tax Effect Of Unusual Items": -4971200.0,
        "Tax Rate For Calcs": 0.208,
        "Normalized EBITDA": 1165100000.0,
        "Total Unusual Items": -23900000.0,
        "Total Unusual Items Excluding Goodwill": -23900000.0,
        "Net Income From Continuing Operation Net Minority Interest": 361400000.0,
        "Reconciled Depreciation": 568400000.0,
        "Reconciled Cost Of Revenue": 13360000000.0,
        "EBITDA": 1141200000.0,
        "EBIT": 572800000.0,
        "Net Interest Income": -116300000.0,
        "Interest Expense": 116300000.0,
        "Normalized Income": 380328800.0,
        "Net Income From Continuing And Discontinued Operation": 361400000.0,
        "Total Expenses": 17967300000.0,
        "Total Operating Income As Reported": 566100000.0,
        "Diluted Average Shares": 581100000.0,
        "Basic Average Shares": 576200000.0,
        "Diluted EPS": 0.62,
        "Basic EPS": 0.63,
        "Diluted NI Availto Com Stockholders": 361400000.0,
        "Average Dilution Earnings": NaN,
        "Net Income Common Stockholders": 361400000.0,
        "Preferred Stock Dividends": NaN,
        "Net Income": 361400000.0,
        "Net Income Including Noncontrolling Interests": 361400000.0,
        "Net Income Continuous Operations": 361400000.0,
        "Tax Provision": 95100000.0,
        "Pretax Income": 456500000.0,
        "Other Income Expense": -17200000.0,
        "Other Non Operating Income Expenses": 6700000.0,
        "Special Income Charges": -23900000.0,
        "Gain On Sale Of Ppe": -23900000.0,
        "Impairment Of Capital Assets": NaN,
        "Net Non Operating Interest Income Expense": -116300000.0,
        "Interest Expense Non Operating": 116300000.0,
        "Operating Income": 590000000.0,
        "Operating Expense": 4607300000.0,
        "Selling General And Administration": 4607300000.0,
        "Gross Profit": 5197300000.0,
        "Cost Of Revenue": 13360000000.0,
        "Total Revenue": 18557300000.0,
        "Operating Revenue": 18281300000.0
    },
    "2024-02-29": {
        "Tax Effect Of Unusual Items": -163405.336722,
        "Tax Rate For Calcs": 0.204257,
        "Normalized EBITDA": 998500000.0,
        "Total Unusual Items": -800000.0,
        "Total Unusual Items Excluding Goodwill": -800000.0,
        "Net Income From Continuing Operation Net Minority Interest": 250500000.0,
        "Reconciled Depreciation": 573600000.0,
        "Reconciled Cost Of Revenue": 13195300000.0,
        "EBITDA": 997700000.0,
        "EBIT": 424100000.0,
        "Net Interest Income": -109000000.0,
        "Interest Expense": 109300000.0,
        "Normalized Income": 251136594.663278,
        "Net Income From Continuing And Discontinued Operation": 250500000.0,
        "Total Expenses": 17912500000.0,
        "Total Operating Income As Reported": 426200000.0,
        "Diluted Average Shares": 583000000.0,
        "Basic Average Shares": 576300000.0,
        "Diluted EPS": 0.43,
        "Basic EPS": 0.43,
        "Diluted NI Availto Com Stockholders": 250500000.0,
        "Average Dilution Earnings": NaN,
        "Net Income Common Stockholders": 250500000.0,
        "Preferred Stock Dividends": 0.0,
        "Net Income": 250500000.0,
        "Net Income Including Noncontrolling Interests": 250500000.0,
        "Net Income Continuous Operations": 250500000.0,
        "Tax Provision": 64300000.0,
        "Pretax Income": 314800000.0,
        "Other Income Expense": -3200000.0,
        "Other Non Operating Income Expenses": -2400000.0,
        "Special Income Charges": -800000.0,
        "Gain On Sale Of Ppe": -800000.0,
        "Impairment Of Capital Assets": NaN,
        "Net Non Operating Interest Income Expense": -109000000.0,
        "Interest Expense Non Operating": 109300000.0,
        "Operating Income": 427000000.0,
        "Operating Expense": 4717200000.0,
        "Selling General And Administration": 4717200000.0,
        "Gross Profit": 5144200000.0,
        "Cost Of Revenue": 13195300000.0,
        "Total Revenue": 18339500000.0,
        "Operating Revenue": 18074700000.0
    },
    "2024-05-31": {
        "Tax Effect Of Unusual Items": -1181900.0,
        "Tax Rate For Calcs": 0.223,
        "Normalized EBITDA": 1220500000.0,
        "Total Unusual Items": -5300000.0,
        "Total Unusual Items Excluding Goodwill": -5300000.0,
        "Net Income From Continuing Operation Net Minority Interest": 240700000.0,
        "Reconciled Depreciation": 759600000.0,
        "Reconciled Cost Of Revenue": 17526500000.0,
        "EBITDA": 1215200000.0,
        "EBIT": 455600000.0,
        "Net Interest Income": -145700000.0,
        "Interest Expense": 145700000.0,
        "Normalized Income": 244818100.0,
        "Net Income From Continuing And Discontinued Operation": 240700000.0,
        "Total Expenses": 23800500000.0,
        "Total Operating Income As Reported": 459600000.0,
        "Diluted Average Shares": 581300000.0,
        "Basic Average Shares": 578600000.0,
        "Diluted EPS": 0.41,
        "Basic EPS": 0.42,
        "Diluted NI Availto Com Stockholders": 240700000.0,
        "Average Dilution Earnings": 0.0,
        "Net Income Common Stockholders": 240700000.0,
        "Preferred Stock Dividends": NaN,
        "Net Income": 240700000.0,
        "Net Income Including Noncontrolling Interests": 240700000.0,
        "Net Income Continuous Operations": 240700000.0,
        "Tax Provision": 69200000.0,
        "Pretax Income": 309900000.0,
        "Other Income Expense": -9300000.0,
        "Other Non Operating Income Expenses": -4000000.0,
        "Special Income Charges": -5300000.0,
        "Gain On Sale Of Ppe": -5300000.0,
        "Impairment Of Capital Assets": NaN,
        "Net Non Operating Interest Income Expense": -145700000.0,
        "Interest Expense Non Operating": 145700000.0,
        "Operating Income": 464900000.0,
        "Operating Expense": 6274000000.0,
        "Selling General And Administration": 6274000000.0,
        "Gross Profit": 6738900000.0,
        "Cost Of Revenue": 17526500000.0,
        "Total Revenue": 24265400000.0,
        "Operating Revenue": 23902600000.0
    },
    "2024-08-31": {
        "Tax Effect Of Unusual Items": -9658000.0,
        "Tax Rate For Calcs": 0.22,
        "Normalized EBITDA": 912600000.0,
        "Total Unusual Items": -43900000.0,
        "Total Unusual Items Excluding Goodwill": -43900000.0,
        "Net Income From Continuing Operation Net Minority Interest": 145500000.0,
        "Reconciled Depreciation": 578600000.0,
        "Reconciled Cost Of Revenue": 13430200000.0,
        "EBITDA": 868700000.0,
        "EBIT": 290100000.0,
        "Net Interest Income": -103600000.0,
        "Interest Expense": 103600000.0,
        "Normalized Income": 179742000.0,
        "Net Income From Continuing And Discontinued Operation": 145500000.0,
        "Total Expenses": 18215600000.0,
        "Total Operating Income As Reported": 292000000.0,
        "Diluted Average Shares": 583200000.0,
        "Basic Average Shares": 580100000.0,
        "Diluted EPS": 0.25,
        "Basic EPS": 0.25,
        "Diluted NI Availto Com Stockholders": 145500000.0,
        "Average Dilution Earnings": 0.0,
        "Net Income Common Stockholders": 145500000.0,
        "Preferred Stock Dividends": NaN,
        "Net Income": 145500000.0,
        "Net Income Including Noncontrolling Interests": 145500000.0,
        "Net Income Continuous Operations": 145500000.0,
        "Tax Provision": 41000000.0,
        "Pretax Income": 186500000.0,
        "Other Income Expense": -45800000.0,
        "Other Non Operating Income Expenses": -1900000.0,
        "Special Income Charges": -43900000.0,
        "Gain On Sale Of Ppe": 9400000.0,
        "Impairment Of Capital Assets": 53300000.0,
        "Net Non Operating Interest Income Expense": -103600000.0,
        "Interest Expense Non Operating": 103600000.0,
        "Operating Income": 335900000.0,
        "Operating Expense": 4785400000.0,
        "Selling General And Administration": 4785400000.0,
        "Gross Profit": 5121300000.0,
        "Cost Of Revenue": 13430200000.0,
        "Total Revenue": 18551500000.0,
        "Operating Revenue": 18265700000.0
    }
}