{
    "2023-03-31": {
        "Tax Effect Of Unusual Items": NaN,
        "Tax Rate For Calcs": NaN,
        "Normalized EBITDA": NaN,
        "Total Unusual Items": -51000.0,
        "Total Unusual Items Excluding Goodwill": -51000.0,
        "Net Income From Continuing Operation Net Minority Interest": NaN,
        "Reconciled Depreciation": NaN,
        "EBITDA": NaN,
        "EBIT": NaN,
        "Net Interest Income": NaN,
        "Interest Expense": NaN,
        "Interest Income": NaN,
        "Normalized Income": NaN,
        "Net Income From Continuing And Discontinued Operation": NaN,
        "Total Expenses": NaN,
        "Total Operating Income As Reported": NaN,
        "Diluted Average Shares": 83625826.0,
        "Basic Average Shares": 83625826.0,
        "Diluted EPS": -0.21,
        "Basic EPS": -0.21,
        "Diluted NI Availto Com Stockholders": NaN,
        "Net Income Common Stockholders": NaN,
        "Net Income": NaN,
        "Net Income Including Noncontrolling Interests": NaN,
        "Net Income Continuous Operations": NaN,
        "Tax Provision": NaN,
        "Pretax Income": NaN,
        "Other Income Expense": -51000.0,
        "Gain On Sale Of Security": -51000.0,
        "Net Non Operating Interest Income Expense": NaN,
        "Interest Expense Non Operating": NaN,
        "Interest Income Non Operating": NaN,
        "Operating Income": NaN,
        "Operating Expense": NaN,
        "Other Operating Expenses": NaN,
        "Research And Development": NaN,
        "Selling General And Administration": NaN,
        "General And Administrative Expense": NaN,
        "Other Gand A": 4106000.0,
        "Total Revenue": NaN,
        "Operating Revenue": NaN
    },
    "2022-12-31": {
        "Tax Effect Of Unusual Items": NaN,
        "Tax Rate For Calcs": NaN,
        "Normalized EBITDA": NaN,
        "Total Unusual Items": -109000.0,
        "Total Unusual Items Excluding Goodwill": -109000.0,
        "Net Income From Continuing Operation Net Minority Interest": NaN,
        "Reconciled Depreciation": NaN,
        "EBITDA": NaN,
        "EBIT": NaN,
        "Net Interest Income": NaN,
        "Interest Expense": NaN,
        "Interest Income": NaN,
        "Normalized Income": NaN,
        "Net Income From Continuing And Discontinued Operation": NaN,
        "Total Expenses": NaN,
        "Total Operating Income As Reported": NaN,
        "Diluted Average Shares": NaN,
        "Basic Average Shares": NaN,
        "Diluted EPS": NaN,
        "Basic EPS": NaN,
        "Diluted NI Availto Com Stockholders": NaN,
        "Net Income Common Stockholders": NaN,
        "Net Income": NaN,
        "Net Income Including Noncontrolling Interests": NaN,
        "Net Income Continuous Operations": NaN,
        "Tax Provision": NaN,
        "Pretax Income": NaN,
        "Other Income Expense": -109000.0,
        "Gain On Sale Of Security": -109000.0,
        "Net Non Operating Interest Income Expense": NaN,
        "Interest Expense Non Operating": NaN,
        "Interest Income Non Operating": NaN,
        "Operating Income": NaN,
        "Operating Expense": NaN,
        "Other Operating Expenses": NaN,
        "Research And Development": NaN,
        "Selling General And Administration": NaN,
        "General And Administrative Expense": NaN,
        "Other Gand A": NaN,
        "Total Revenue": NaN,
        "Operating Revenue": NaN
    },
    "2022-09-30": {
        "Tax Effect Of Unusual Items": NaN,
        "Tax Rate For Calcs": NaN,
        "Normalized EBITDA": NaN,
        "Total Unusual Items": NaN,
        "Total Unusual Items Excluding Goodwill": NaN,
        "Net Income From Continuing Operation Net Minority Interest": NaN,
        "Reconciled Depreciation": NaN,
        "EBITDA": NaN,
        "EBIT": NaN,
        "Net Interest Income": NaN,
        "Interest Expense": NaN,
        "Interest Income": NaN,
        "Normalized Income": NaN,
        "Net Income From Continuing And Discontinued Operation": NaN,
        "Total Expenses": NaN,
        "Total Operating Income As Reported": NaN,
        "Diluted Average Shares": 83590948.0,
        "Basic Average Shares": 83590948.0,
        "Diluted EPS": -0.16,
        "Basic EPS": -0.16,
        "Diluted NI Availto Com Stockholders": NaN,
        "Net Income Common Stockholders": NaN,
        "Net Income": NaN,
        "Net Income Including Noncontrolling Interests": NaN,
        "Net Income Continuous Operations": NaN,
        "Tax Provision": NaN,
        "Pretax Income": NaN,
        "Other Income Expense": NaN,
        "Gain On Sale Of Security": NaN,
        "Net Non Operating Interest Income Expense": NaN,
        "Interest Expense Non Operating": NaN,
        "Interest Income Non Operating": NaN,
        "Operating Income": NaN,
        "Operating Expense": NaN,
        "Other Operating Expenses": NaN,
        "Research And Development": NaN,
        "Selling General And Administration": NaN,
        "General And Administrative Expense": NaN,
        "Other Gand A": 3274000.0,
        "Total Revenue": NaN,
        "Operating Revenue": NaN
    },
    "2022-06-30": {
        "Tax Effect Of Unusual Items": 138000.0,
        "Tax Rate For Calcs": 0.4,
        "Normalized EBITDA": -19284000.0,
        "Total Unusual Items": 345000.0,
        "Total Unusual Items Excluding Goodwill": 345000.0,
        "Net Income From Continuing Operation Net Minority Interest": -19643000.0,
        "Reconciled Depreciation": 575000.0,
        "EBITDA": -18939000.0,
        "EBIT": -19514000.0,
        "Net Interest Income": -126000.0,
        "Interest Expense": 126000.0,
        "Interest Income": 0.0,
        "Normalized Income": -19850000.0,
        "Net Income From Continuing And Discontinued Operation": -19643000.0,
        "Total Expenses": 19859000.0,
        "Total Operating Income As Reported": -19859000.0,
        "Diluted Average Shares": 84462675.0,
        "Basic Average Shares": 84462675.0,
        "Diluted EPS": -0.23,
        "Basic EPS": -0.23,
        "Diluted NI Availto Com Stockholders": -19643000.0,
        "Net Income Common Stockholders": -19643000.0,
        "Net Income": -19643000.0,
        "Net Income Including Noncontrolling Interests": -19643000.0,
        "Net Income Continuous Operations": -19643000.0,
        "Tax Provision": 3000.0,
        "Pretax Income": -19640000.0,
        "Other Income Expense": 345000.0,
        "Gain On Sale Of Security": 345000.0,
        "Net Non Operating Interest Income Expense": -126000.0,
        "Interest Expense Non Operating": 126000.0,
        "Interest Income Non Operating": 0.0,
        "Operating Income": -19859000.0,
        "Operating Expense": 19859000.0,
        "Other Operating Expenses": -207000.0,
        "Research And Development": 15692000.0,
        "Selling General And Administration": 4374000.0,
        "General And Administrative Expense": 4374000.0,
        "Other Gand A": 4374000.0,
        "Total Revenue": 0.0,
        "Operating Revenue": 0.0
    },
    "2022-03-31": {
        "Diluted EPS": -0.25,
        "Total Revenue": NaN,
        "Gross Profit": NaN,
        "Operating Income": -20,
        "EBIT": -20,
        "Net Income": -20
    },
    "2021-12-31": {
        "Diluted EPS": -0.28,
        "Total Revenue": NaN,
        "Gross Profit": NaN,
        "Operating Income": -25,
        "EBIT": -24,
        "Net Income": -23
    },
    "2021-09-30": {
        "Diluted EPS": -0.24,
        "Total Revenue": NaN,
        "Gross Profit": NaN,
        "Operating Income": -22,
        "EBIT": -21,
        "Net Income": -17
    },
    "2021-06-30": {
        "Diluted EPS": -0.29,
        "Total Revenue": NaN,
        "Gross Profit": NaN,
        "Operating Income": -21,
        "EBIT": -20,
        "Net Income": -21
    },
    "2021-03-31": {
        "Diluted EPS": -0.25,
        "Total Revenue": NaN,
        "Gross Profit": NaN,
        "Operating Income": -19,
        "EBIT": -18,
        "Net Income": -18
    },
    "2020-12-31": {
        "Diluted EPS": -0.3,
        "Total Revenue": 1,
        "Gross Profit": 1,
        "Operating Income": -21,
        "EBIT": -21,
        "Net Income": -21
    },
    "2020-09-30": {
        "Diluted EPS": -0.28,
        "Total Revenue": 1,
        "Gross Profit": 1,
        "Operating Income": -20,
        "EBIT": -20,
        "Net Income": -21
    },
    "2020-06-30": {
        "Diluted EPS": -0.23,
        "Total Revenue": 1,
        "Gross Profit": 1,
        "Operating Income": -16,
        "EBIT": -16,
        "Net Income": -16
    },
    "2020-03-31": {
        "Diluted EPS": -0.11,
        "Total Revenue": 13,
        "Gross Profit": 13,
        "Operating Income": -8,
        "EBIT": -7,
        "Net Income": -8
    },
    "2019-12-31": {
        "Diluted EPS": -0.28,
        "Total Revenue": 1,
        "Gross Profit": 1,
        "Operating Income": -19,
        "EBIT": -19,
        "Net Income": -20
    },
    "2019-09-30": {
        "Diluted EPS": 0.25,
        "Total Revenue": 34,
        "Gross Profit": 34,
        "Operating Income": 18,
        "EBIT": 19,
        "Net Income": 18
    },
    "2019-06-30": {
        "Diluted EPS": -0.24,
        "Total Revenue": 2,
        "Gross Profit": 2,
        "Operating Income": -15,
        "EBIT": -14,
        "Net Income": -17
    },
    "2019-03-31": {
        "Diluted EPS": 0.91,
        "Total Revenue": 75,
        "Gross Profit": 75,
        "Operating Income": 60,
        "EBIT": 61,
        "Net Income": 64
    },
    "2018-12-31": {
        "Diluted EPS": -0.22,
        "Total Revenue": 1,
        "Gross Profit": 1,
        "Operating Income": -15,
        "EBIT": -14,
        "Net Income": -15
    },
    "2018-09-30": {
        "Diluted EPS": -0.21,
        "Total Revenue": 2,
        "Gross Profit": 2,
        "Operating Income": -12,
        "EBIT": -12,
        "Net Income": -14
    },
    "2018-06-30": {
        "Diluted EPS": -0.19,
        "Total Revenue": 2,
        "Gross Profit": 2,
        "Operating Income": -12,
        "EBIT": -12,
        "Net Income": -11
    },
    "2018-03-31": {
        "Diluted EPS": -0.21,
        "Total Revenue": 2,
        "Gross Profit": 2,
        "Operating Income": -12,
        "EBIT": -12,
        "Net Income": -12
    },
    "2017-12-31": {
        "Diluted EPS": 0.08,
        "Total Revenue": 17,
        "Gross Profit": 17,
        "Operating Income": 3,
        "EBIT": 3,
        "Net Income": 4
    },
    "2017-09-30": {
        "Diluted EPS": -0.16,
        "Total Revenue": 1,
        "Gross Profit": 1,
        "Operating Income": -10,
        "EBIT": -10,
        "Net Income": -9
    },
    "2017-06-30": {
        "Diluted EPS": -0.22,
        "Total Revenue": 1,
        "Gross Profit": 1,
        "Operating Income": -8,
        "EBIT": -8,
        "Net Income": -13
    },
    "2017-03-31": {
        "Diluted EPS": -0.17,
        "Total Revenue": 2,
        "Gross Profit": 2,
        "Operating Income": -8,
        "EBIT": -8,
        "Net Income": -9
    },
    "2016-09-30": {
        "Diluted EPS": -0.19,
        "Total Revenue": 1,
        "Gross Profit": 1,
        "Operating Income": -8,
        "EBIT": -8,
        "Net Income": -9
    },
    "2016-06-30": {
        "Diluted EPS": 0.0,
        "Total Revenue": NaN,
        "Gross Profit": NaN,
        "Operating Income": NaN,
        "Net Income": NaN
    },
    "2016-03-31": {
        "Diluted EPS": -0.13,
        "Total Revenue": 0,
        "Gross Profit": 0,
        "Operating Income": -6,
        "EBIT": -6,
        "Net Income": -6
    },
    "2015-12-31": {
        "Diluted EPS": 0.0,
        "Total Revenue": NaN,
        "Gross Profit": NaN,
        "Operating Income": NaN,
        "EBIT": NaN,
        "Net Income": NaN
    },
    "2023-06-30": {
        "Tax Effect Of Unusual Items": NaN,
        "Tax Rate For Calcs": NaN,
        "Normalized EBITDA": NaN,
        "Total Unusual Items": -16000.0,
        "Total Unusual Items Excluding Goodwill": -16000.0,
        "Net Income From Continuing Operation Net Minority Interest": NaN,
        "Reconciled Depreciation": NaN,
        "EBITDA": NaN,
        "EBIT": NaN,
        "Net Interest Income": NaN,
        "Interest Expense": NaN,
        "Interest Income": NaN,
        "Normalized Income": NaN,
        "Net Income From Continuing And Discontinued Operation": NaN,
        "Total Expenses": NaN,
        "Total Operating Income As Reported": NaN,
        "Diluted Average Shares": 84612997.0,
        "Basic Average Shares": 84612997.0,
        "Diluted EPS": -0.2,
        "Basic EPS": -0.2,
        "Diluted NI Availto Com Stockholders": NaN,
        "Net Income Common Stockholders": NaN,
        "Net Income": NaN,
        "Net Income Including Noncontrolling Interests": NaN,
        "Net Income Continuous Operations": NaN,
        "Tax Provision": NaN,
        "Pretax Income": NaN,
        "Other Income Expense": -16000.0,
        "Gain On Sale Of Security": -16000.0,
        "Net Non Operating Interest Income Expense": NaN,
        "Interest Expense Non Operating": NaN,
        "Interest Income Non Operating": NaN,
        "Operating Income": NaN,
        "Operating Expense": NaN,
        "Other Operating Expenses": NaN,
        "Research And Development": NaN,
        "Selling General And Administration": NaN,
        "General And Administrative Expense": NaN,
        "Other Gand A": 3681000.0,
        "Total Revenue": NaN,
        "Operating Revenue": NaN
    },
    "2023-09-30": {
        "Tax Effect Of Unusual Items": 5695.0,
        "Tax Rate For Calcs": 0.085,
        "Normalized EBITDA": -14632000.0,
        "Total Unusual Items": 67000.0,
        "Total Unusual Items Excluding Goodwill": 67000.0,
        "Net Income From Continuing Operation Net Minority Interest": -15143000.0,
        "Reconciled Depreciation": 549000.0,
        "EBITDA": -14565000.0,
        "EBIT": -15114000.0,
        "Net Interest Income": 259000.0,
        "Interest Expense": 26000.0,
        "Interest Income": 285000.0,
        "Normalized Income": -15204305.0,
        "Net Income From Continuing And Discontinued Operation": -15143000.0,
        "Total Expenses": 15466000.0,
        "Total Operating Income As Reported": -15466000.0,
        "Diluted Average Shares": 84715515.0,
        "Basic Average Shares": 84715515.0,
        "Diluted EPS": -0.18,
        "Basic EPS": -0.18,
        "Diluted NI Availto Com Stockholders": -15143000.0,
        "Net Income Common Stockholders": -15143000.0,
        "Net Income": -15143000.0,
        "Net Income Including Noncontrolling Interests": -15143000.0,
        "Net Income Continuous Operations": -15143000.0,
        "Tax Provision": 3000.0,
        "Pretax Income": -15140000.0,
        "Other Income Expense": 67000.0,
        "Gain On Sale Of Security": 67000.0,
        "Net Non Operating Interest Income Expense": 259000.0,
        "Interest Expense Non Operating": 26000.0,
        "Interest Income Non Operating": 285000.0,
        "Operating Income": -15466000.0,
        "Operating Expense": 15466000.0,
        "Other Operating Expenses": -406000.0,
        "Research And Development": 12407000.0,
        "Selling General And Administration": 3465000.0,
        "General And Administrative Expense": 3465000.0,
        "Other Gand A": 3465000.0,
        "Total Revenue": 0.0,
        "Operating Revenue": 0.0
    },
    "2023-12-31": {
        "Tax Effect Of Unusual Items": 0.0,
        "Tax Rate For Calcs": 0.085,
        "Normalized EBITDA": -4162000.0,
        "Total Unusual Items": NaN,
        "Total Unusual Items Excluding Goodwill": NaN,
        "Net Income From Continuing Operation Net Minority Interest": -4744000.0,
        "Reconciled Depreciation": 555000.0,
        "EBITDA": -4162000.0,
        "EBIT": -4717000.0,
        "Net Interest Income": 265000.0,
        "Interest Expense": 26000.0,
        "Interest Income": 291000.0,
        "Normalized Income": -4744000.0,
        "Net Income From Continuing And Discontinued Operation": -4744000.0,
        "Total Expenses": 18342000.0,
        "Total Operating Income As Reported": -3541000.0,
        "Diluted Average Shares": NaN,
        "Basic Average Shares": NaN,
        "Diluted EPS": NaN,
        "Basic EPS": NaN,
        "Diluted NI Availto Com Stockholders": -4744000.0,
        "Net Income Common Stockholders": -4744000.0,
        "Net Income": -4744000.0,
        "Net Income Including Noncontrolling Interests": -4744000.0,
        "Net Income Continuous Operations": -4744000.0,
        "Tax Provision": 1000.0,
        "Pretax Income": -4743000.0,
        "Other Income Expense": NaN,
        "Gain On Sale Of Security": NaN,
        "Net Non Operating Interest Income Expense": 265000.0,
        "Interest Expense Non Operating": 26000.0,
        "Interest Income Non Operating": 291000.0,
        "Operating Income": -3541000.0,
        "Operating Expense": 18342000.0,
        "Other Operating Expenses": 4374000.0,
        "Research And Development": 14644000.0,
        "Selling General And Administration": -676000.0,
        "General And Administrative Expense": -676000.0,
        "Other Gand A": NaN,
        "Total Revenue": 14801000.0,
        "Operating Revenue": 14801000.0
    },
    "2024-03-31": {
        "Tax Effect Of Unusual Items": 0.0,
        "Tax Rate For Calcs": 0.0,
        "Normalized EBITDA": -18883000.0,
        "Total Unusual Items": 1613000.0,
        "Total Unusual Items Excluding Goodwill": 1613000.0,
        "Net Income From Continuing Operation Net Minority Interest": -17862000.0,
        "Reconciled Depreciation": 556000.0,
        "EBITDA": -17270000.0,
        "EBIT": -17826000.0,
        "Net Interest Income": 593000.0,
        "Interest Expense": 36000.0,
        "Interest Income": 629000.0,
        "Normalized Income": -19475000.0,
        "Net Income From Continuing And Discontinued Operation": -17862000.0,
        "Total Expenses": 20068000.0,
        "Total Operating Income As Reported": -20068000.0,
        "Diluted Average Shares": 99385471.0,
        "Basic Average Shares": 99385471.0,
        "Diluted EPS": -0.18,
        "Basic EPS": -0.18,
        "Diluted NI Availto Com Stockholders": -17862000.0,
        "Net Income Common Stockholders": -17862000.0,
        "Net Income": -17862000.0,
        "Net Income Including Noncontrolling Interests": -17862000.0,
        "Net Income Continuous Operations": -17862000.0,
        "Tax Provision": 0.0,
        "Pretax Income": -17862000.0,
        "Other Income Expense": 1613000.0,
        "Gain On Sale Of Security": 1613000.0,
        "Net Non Operating Interest Income Expense": 593000.0,
        "Interest Expense Non Operating": 36000.0,
        "Interest Income Non Operating": 629000.0,
        "Operating Income": -20068000.0,
        "Operating Expense": 20068000.0,
        "Other Operating Expenses": -68000.0,
        "Research And Development": 15165000.0,
        "Selling General And Administration": 4971000.0,
        "General And Administrative Expense": 4971000.0,
        "Other Gand A": 4971000.0,
        "Total Revenue": 0.0,
        "Operating Revenue": 0.0
    },
    "2024-06-30": {
        "Tax Effect Of Unusual Items": 0.0,
        "Tax Rate For Calcs": 0.0,
        "Normalized EBITDA": -19674000.0,
        "Total Unusual Items": -2504000.0,
        "Total Unusual Items Excluding Goodwill": -2504000.0,
        "Net Income From Continuing Operation Net Minority Interest": -22760000.0,
        "Reconciled Depreciation": 548000.0,
        "EBITDA": -22178000.0,
        "EBIT": -22726000.0,
        "Net Interest Income": 705000.0,
        "Interest Expense": 34000.0,
        "Interest Income": 739000.0,
        "Normalized Income": -20256000.0,
        "Net Income From Continuing And Discontinued Operation": -22760000.0,
        "Total Expenses": 21648000.0,
        "Total Operating Income As Reported": -20961000.0,
        "Diluted Average Shares": 99549910.0,
        "Basic Average Shares": 99549910.0,
        "Diluted EPS": -0.23,
        "Basic EPS": -0.23,
        "Diluted NI Availto Com Stockholders": -22760000.0,
        "Net Income Common Stockholders": -22760000.0,
        "Net Income": -22760000.0,
        "Net Income Including Noncontrolling Interests": -22760000.0,
        "Net Income Continuous Operations": -22760000.0,
        "Tax Provision": 0.0,
        "Pretax Income": -22760000.0,
        "Other Income Expense": -2504000.0,
        "Gain On Sale Of Security": -2504000.0,
        "Net Non Operating Interest Income Expense": 705000.0,
        "Interest Expense Non Operating": 34000.0,
        "Interest Income Non Operating": 739000.0,
        "Operating Income": -20961000.0,
        "Operating Expense": 21648000.0,
        "Other Operating Expenses": -41000.0,
        "Research And Development": 17138000.0,
        "Selling General And Administration": 4551000.0,
        "General And Administrative Expense": 4551000.0,
        "Other Gand A": 4551000.0,
        "Total Revenue": 687000.0,
        "Operating Revenue": 687000.0
    },
    "2024-09-30": {
        "Tax Effect Of Unusual Items": 0.0,
        "Tax Rate For Calcs": 0.0,
        "Normalized EBITDA": 8737000.0,
        "Total Unusual Items": -2672000.0,
        "Total Unusual Items Excluding Goodwill": -2672000.0,
        "Net Income From Continuing Operation Net Minority Interest": 5503000.0,
        "Reconciled Depreciation": 529000.0,
        "EBITDA": 6065000.0,
        "EBIT": 5536000.0,
        "Net Interest Income": 906000.0,
        "Interest Expense": 33000.0,
        "Interest Income": 939000.0,
        "Normalized Income": 8175000.0,
        "Net Income From Continuing And Discontinued Operation": 5503000.0,
        "Total Expenses": 18216000.0,
        "Total Operating Income As Reported": 7269000.0,
        "Diluted Average Shares": 100858944.0,
        "Basic Average Shares": 99840693.0,
        "Diluted EPS": 0.05,
        "Basic EPS": 0.06,
        "Diluted NI Availto Com Stockholders": 5503000.0,
        "Net Income Common Stockholders": 5503000.0,
        "Net Income": 5503000.0,
        "Net Income Including Noncontrolling Interests": 5503000.0,
        "Net Income Continuous Operations": 5503000.0,
        "Tax Provision": 0.0,
        "Pretax Income": 5503000.0,
        "Other Income Expense": -2672000.0,
        "Gain On Sale Of Security": -2672000.0,
        "Net Non Operating Interest Income Expense": 906000.0,
        "Interest Expense Non Operating": 33000.0,
        "Interest Income Non Operating": 939000.0,
        "Operating Income": 7269000.0,
        "Operating Expense": 18216000.0,
        "Other Operating Expenses": -19000.0,
        "Research And Development": 14482000.0,
        "Selling General And Administration": 3753000.0,
        "General And Administrative Expense": 3753000.0,
        "Other Gand A": 3753000.0,
        "Total Revenue": 25485000.0,
        "Operating Revenue": 25485000.0
    }
}