{
    "2023-05-31": {
        "Tax Effect Of Unusual Items": 0.0,
        "Tax Rate For Calcs": 0.221,
        "Normalized EBITDA": 3243988000.0,
        "Total Unusual Items": 0.0,
        "Total Unusual Items Excluding Goodwill": 0.0,
        "Net Income From Continuing Operation Net Minority Interest": 2009996000.0,
        "Reconciled Depreciation": 601099000.0,
        "Reconciled Cost Of Revenue": 11035515000.0,
        "EBITDA": 3243988000.0,
        "EBIT": 2642889000.0,
        "Net Interest Income": 70610000.0,
        "Interest Expense": 11208000.0,
        "Interest Income": 81818000.0,
        "Normalized Income": 2009996000.0,
        "Net Income From Continuing And Discontinued Operation": 2009996000.0,
        "Total Expenses": 14205297000.0,
        "Total Operating Income As Reported": 2359288000.0,
        "Diluted Average Shares": 638743434.0,
        "Basic Average Shares": 631535162.0,
        "Diluted EPS": 3.15,
        "Basic EPS": 3.18,
        "Diluted NI Availto Com Stockholders": 2012097000.0,
        "Average Dilution Earnings": 2101000.0,
        "Net Income Common Stockholders": 2009996000.0,
        "Net Income": 2009996000.0,
        "Minority Interests": -38339000.0,
        "Net Income Including Noncontrolling Interests": 2048335000.0,
        "Net Income Continuous Operations": 2048335000.0,
        "Tax Provision": 583346000.0,
        "Pretax Income": 2631681000.0,
        "Other Income Expense": 201783000.0,
        "Other Non Operating Income Expenses": 201783000.0,
        "Special Income Charges": 0.0,
        "Gain On Sale Of Business": 0.0,
        "Net Non Operating Interest Income Expense": 70610000.0,
        "Interest Expense Non Operating": 11208000.0,
        "Interest Income Non Operating": 81818000.0,
        "Operating Income": 2359288000.0,
        "Operating Expense": 3169782000.0,
        "Other Operating Expenses": 346873000.0,
        "Selling General And Administration": 2822909000.0,
        "Selling And Marketing Expense": 1738621000.0,
        "General And Administrative Expense": 1084288000.0,
        "Other Gand A": 1084288000.0,
        "Gross Profit": 5529070000.0,
        "Cost Of Revenue": 11035515000.0,
        "Total Revenue": 16564585000.0,
        "Operating Revenue": 16564585000.0
    },
    "2023-02-28": {
        "Tax Effect Of Unusual Items": 0.0,
        "Tax Rate For Calcs": 0.204,
        "Normalized EBITDA": 2491016000.0,
        "Total Unusual Items": NaN,
        "Total Unusual Items Excluding Goodwill": NaN,
        "Net Income From Continuing Operation Net Minority Interest": 1523648000.0,
        "Reconciled Depreciation": 532476000.0,
        "Reconciled Cost Of Revenue": 10979392000.0,
        "EBITDA": 2491016000.0,
        "EBIT": 1958540000.0,
        "Net Interest Income": 38625000.0,
        "Interest Expense": 11634000.0,
        "Interest Income": 50259000.0,
        "Normalized Income": 1523648000.0,
        "Net Income From Continuing And Discontinued Operation": 1523648000.0,
        "Total Expenses": 13869577000.0,
        "Total Operating Income As Reported": 1944581000.0,
        "Diluted Average Shares": 637735390.0,
        "Basic Average Shares": 630845147.0,
        "Diluted EPS": 2.39,
        "Basic EPS": 2.42,
        "Diluted NI Availto Com Stockholders": 1525252000.0,
        "Average Dilution Earnings": 1604000.0,
        "Net Income Common Stockholders": 1523648000.0,
        "Net Income": 1523648000.0,
        "Minority Interests": -27035000.0,
        "Net Income Including Noncontrolling Interests": 1550683000.0,
        "Net Income Continuous Operations": 1550683000.0,
        "Tax Provision": 396223000.0,
        "Pretax Income": 1946906000.0,
        "Other Income Expense": -36300000.0,
        "Other Non Operating Income Expenses": -36300000.0,
        "Special Income Charges": NaN,
        "Gain On Sale Of Business": NaN,
        "Net Non Operating Interest Income Expense": 38625000.0,
        "Interest Expense Non Operating": 11634000.0,
        "Interest Income Non Operating": 50259000.0,
        "Operating Income": 1944581000.0,
        "Operating Expense": 2890185000.0,
        "Other Operating Expenses": 244390000.0,
        "Selling General And Administration": 2645795000.0,
        "Selling And Marketing Expense": 1563567000.0,
        "General And Administrative Expense": 1082228000.0,
        "Other Gand A": 1082228000.0,
        "Gross Profit": 4834766000.0,
        "Cost Of Revenue": 10979392000.0,
        "Total Revenue": 15814158000.0,
        "Operating Revenue": 15814158000.0
    },
    "2022-11-30": {
        "Tax Effect Of Unusual Items": 0.0,
        "Tax Rate For Calcs": 0.233,
        "Normalized EBITDA": 3115127000.0,
        "Total Unusual Items": NaN,
        "Total Unusual Items Excluding Goodwill": NaN,
        "Net Income From Continuing Operation Net Minority Interest": 1964950000.0,
        "Reconciled Depreciation": 506229000.0,
        "Reconciled Cost Of Revenue": 10561660000.0,
        "EBITDA": 3115127000.0,
        "EBIT": 2608898000.0,
        "Net Interest Income": 37425000.0,
        "Interest Expense": 7280000.0,
        "Interest Income": 44705000.0,
        "Normalized Income": 1964950000.0,
        "Net Income From Continuing And Discontinued Operation": 1964950000.0,
        "Total Expenses": 13154702000.0,
        "Total Operating Income As Reported": 2593100000.0,
        "Diluted Average Shares": 638766821.0,
        "Basic Average Shares": 630137262.0,
        "Diluted EPS": 3.08,
        "Basic EPS": 3.12,
        "Diluted NI Availto Com Stockholders": 1967035000.0,
        "Average Dilution Earnings": 2085000.0,
        "Net Income Common Stockholders": 1964950000.0,
        "Net Income": 1964950000.0,
        "Minority Interests": -31350000.0,
        "Net Income Including Noncontrolling Interests": 1996300000.0,
        "Net Income Continuous Operations": 1996300000.0,
        "Tax Provision": 605318000.0,
        "Pretax Income": 2601618000.0,
        "Other Income Expense": -28907000.0,
        "Other Non Operating Income Expenses": -28907000.0,
        "Special Income Charges": NaN,
        "Gain On Sale Of Business": NaN,
        "Net Non Operating Interest Income Expense": 37425000.0,
        "Interest Expense Non Operating": 7280000.0,
        "Interest Income Non Operating": 44705000.0,
        "Operating Income": 2593100000.0,
        "Operating Expense": 2593042000.0,
        "Other Operating Expenses": NaN,
        "Selling General And Administration": 2593042000.0,
        "Selling And Marketing Expense": 1550019000.0,
        "General And Administrative Expense": 1043023000.0,
        "Other Gand A": 1043023000.0,
        "Gross Profit": 5186142000.0,
        "Cost Of Revenue": 10561660000.0,
        "Total Revenue": 15747802000.0,
        "Operating Revenue": 15747802000.0
    },
    "2022-08-31": {
        "Tax Effect Of Unusual Items": 0.0,
        "Tax Rate For Calcs": 0.246141,
        "Normalized EBITDA": 2792737000.0,
        "Total Unusual Items": 0.0,
        "Total Unusual Items Excluding Goodwill": 0.0,
        "Net Income From Continuing Operation Net Minority Interest": 1665128000.0,
        "Reconciled Depreciation": 534905000.0,
        "Reconciled Cost Of Revenue": 10477599000.0,
        "EBITDA": 2792737000.0,
        "EBIT": 2257832000.0,
        "Net Interest Income": 10216000.0,
        "Interest Expense": 12871000.0,
        "Interest Income": 23087000.0,
        "Normalized Income": 1665128000.0,
        "Net Income From Continuing And Discontinued Operation": 1665128000.0,
        "Total Expenses": 13155467000.0,
        "Total Operating Income As Reported": 2268189000.0,
        "Diluted Average Shares": 640279404.0,
        "Basic Average Shares": 632142379.0,
        "Diluted EPS": 2.6,
        "Basic EPS": 2.63,
        "Diluted NI Availto Com Stockholders": 1666898000.0,
        "Average Dilution Earnings": 1770000.0,
        "Net Income Common Stockholders": 1665128000.0,
        "Net Income": 1665128000.0,
        "Minority Interests": -27257000.0,
        "Net Income Including Noncontrolling Interests": 1692385000.0,
        "Net Income Continuous Operations": 1692385000.0,
        "Tax Provision": 552576000.0,
        "Pretax Income": 2244961000.0,
        "Other Income Expense": -33444000.0,
        "Other Non Operating Income Expenses": -33444000.0,
        "Special Income Charges": 0.0,
        "Gain On Sale Of Business": 0.0,
        "Net Non Operating Interest Income Expense": 10216000.0,
        "Interest Expense Non Operating": 12871000.0,
        "Interest Income Non Operating": 23087000.0,
        "Operating Income": 2268189000.0,
        "Operating Expense": 2677868000.0,
        "Other Operating Expenses": NaN,
        "Selling General And Administration": 2677868000.0,
        "Selling And Marketing Expense": 1578243000.0,
        "General And Administrative Expense": 1099625000.0,
        "Other Gand A": 1099625000.0,
        "Gross Profit": 4946057000.0,
        "Cost Of Revenue": 10477599000.0,
        "Total Revenue": 15423656000.0,
        "Operating Revenue": 15423656000.0
    },
    "2022-05-31": {
        "Tax Effect Of Unusual Items": -26095674.0,
        "Tax Rate For Calcs": 0.271,
        "Normalized EBITDA": 3127154000.0,
        "Total Unusual Items": -96294000.0,
        "Total Unusual Items Excluding Goodwill": -96294000.0,
        "Net Income From Continuing Operation Net Minority Interest": 1786075000.0,
        "Reconciled Depreciation": 524186000.0,
        "Reconciled Cost Of Revenue": 10844069000.0,
        "EBIT": 2506674000.0,
        "Net Interest Income": -3323000.0,
        "Interest Expense": 12050000.0,
        "Interest Income": 8727000.0,
        "Normalized Income": 1856273326.0,
        "Net Income From Continuing And Discontinued Operation": 1786075000.0,
        "Total Expenses": 13555685000.0,
        "Total Operating Income As Reported": 2603118000.0,
        "Diluted Average Shares": 641004741.0,
        "Basic Average Shares": 632749442.0,
        "Diluted EPS": 2.79,
        "Basic EPS": 2.82,
        "Diluted NI Availto Com Stockholders": 1787977000.0,
        "Average Dilution Earnings": 1902000.0,
        "Net Income Common Stockholders": 1786075000.0,
        "Net Income": 1786075000.0,
        "Minority Interests": -33241000.0,
        "Net Income Including Noncontrolling Interests": 1819316000.0,
        "Net Income Continuous Operations": 1819316000.0,
        "Tax Provision": 675308000.0,
        "Pretax Income": 2494624000.0,
        "Other Income Expense": -105171000.0,
        "Other Non Operating Income Expenses": -8877000.0,
        "Special Income Charges": -96294000.0,
        "Gain On Sale Of Business": -96294000.0,
        "Net Non Operating Interest Income Expense": -3323000.0,
        "Interest Expense Non Operating": 12050000.0,
        "Interest Income Non Operating": 8727000.0,
        "Operating Income": 2603118000.0,
        "Operating Expense": 2711616000.0,
        "Other Operating Expenses": NaN,
        "Selling General And Administration": 2711616000.0,
        "Selling And Marketing Expense": 1660919000.0,
        "General And Administrative Expense": 1050697000.0,
        "Other Gand A": 1050697000.0,
        "Gross Profit": 5314734000.0,
        "Cost Of Revenue": 10844069000.0,
        "Total Revenue": 16158803000.0,
        "Operating Revenue": 16158803000.0
    },
    "2022-02-28": {
        "Diluted EPS": 2.54,
        "Total Revenue": NaN,
        "Gross Profit": NaN,
        "Operating Income": NaN,
        "EBIT": NaN,
        "Net Income": NaN
    },
    "2021-11-30": {
        "Diluted EPS": 2.78,
        "Total Revenue": NaN,
        "Gross Profit": NaN,
        "Operating Income": NaN,
        "EBIT": NaN,
        "Net Income": NaN
    },
    "2021-08-31": {
        "Diluted EPS": 2.21,
        "Total Revenue": NaN,
        "Gross Profit": NaN,
        "Operating Income": NaN,
        "EBIT": NaN,
        "Net Income": NaN
    },
    "2021-05-31": {
        "Diluted EPS": 2.4,
        "Total Revenue": NaN,
        "Gross Profit": NaN,
        "Operating Income": NaN,
        "EBIT": NaN,
        "Net Income": NaN
    },
    "2021-02-28": {
        "Diluted EPS": 2.23,
        "Total Revenue": NaN,
        "Gross Profit": NaN,
        "Operating Income": NaN,
        "EBIT": NaN,
        "Net Income": NaN
    },
    "2020-11-30": {
        "Diluted EPS": 2.32,
        "Total Revenue": NaN,
        "Gross Profit": NaN,
        "Operating Income": NaN,
        "EBIT": NaN,
        "Net Income": NaN
    },
    "2020-08-31": {
        "Diluted EPS": 1.99,
        "Total Revenue": NaN,
        "Gross Profit": NaN,
        "Operating Income": NaN,
        "EBIT": NaN,
        "Net Income": NaN
    },
    "2020-05-31": {
        "Diluted EPS": 1.9,
        "Total Revenue": NaN,
        "Gross Profit": NaN,
        "Operating Income": NaN,
        "EBIT": NaN,
        "Net Income": NaN
    },
    "2020-02-29": {
        "Diluted EPS": 1.91,
        "Total Revenue": NaN,
        "Gross Profit": NaN,
        "Operating Income": NaN,
        "EBIT": NaN,
        "Net Income": NaN
    },
    "2019-11-30": {
        "Diluted EPS": 2.09,
        "Total Revenue": NaN,
        "Gross Profit": NaN,
        "Operating Income": NaN,
        "EBIT": NaN,
        "Net Income": NaN
    },
    "2019-08-31": {
        "Diluted EPS": 1.74,
        "Total Revenue": NaN,
        "Gross Profit": NaN,
        "Operating Income": NaN,
        "EBIT": NaN,
        "Net Income": NaN
    },
    "2019-05-31": {
        "Diluted EPS": 1.93,
        "Total Revenue": NaN,
        "Gross Profit": NaN,
        "Operating Income": NaN,
        "EBIT": NaN,
        "Net Income": NaN
    },
    "2019-02-28": {
        "Diluted EPS": 1.73,
        "Total Revenue": NaN,
        "Gross Profit": NaN,
        "Operating Income": NaN,
        "EBIT": NaN,
        "Net Income": NaN
    },
    "2018-11-30": {
        "Diluted EPS": 1.96,
        "Total Revenue": NaN,
        "Gross Profit": NaN,
        "Operating Income": NaN,
        "EBIT": NaN,
        "Net Income": NaN
    },
    "2018-08-31": {
        "Diluted EPS": 1.58,
        "Total Revenue": NaN,
        "Gross Profit": NaN,
        "Operating Income": NaN,
        "EBIT": NaN,
        "Net Income": NaN
    },
    "2018-05-31": {
        "Diluted EPS": 1.6,
        "Total Revenue": NaN,
        "Gross Profit": NaN,
        "Operating Income": NaN,
        "EBIT": NaN,
        "Net Income": NaN
    },
    "2018-02-28": {
        "Diluted EPS": 1.37,
        "Total Revenue": NaN,
        "Gross Profit": NaN,
        "Operating Income": NaN,
        "EBIT": NaN,
        "Net Income": 864
    },
    "2017-11-30": {
        "Diluted EPS": 1.79,
        "Total Revenue": NaN,
        "Gross Profit": NaN,
        "Operating Income": NaN,
        "EBIT": NaN,
        "Net Income": NaN
    },
    "2017-08-31": {
        "Diluted EPS": 1.48,
        "Total Revenue": NaN,
        "Gross Profit": NaN,
        "Operating Income": NaN,
        "EBIT": NaN,
        "Net Income": 932
    },
    "2017-05-31": {
        "Diluted EPS": 1.05,
        "Total Revenue": NaN,
        "Gross Profit": NaN,
        "Operating Income": 865,
        "EBIT": NaN,
        "Net Income": 669
    },
    "2017-02-28": {
        "Diluted EPS": 1.33,
        "Total Revenue": NaN,
        "Gross Profit": NaN,
        "Operating Income": NaN,
        "EBIT": NaN,
        "Net Income": 839
    },
    "2016-11-30": {
        "Diluted EPS": 1.58,
        "Total Revenue": NaN,
        "Gross Profit": NaN,
        "Operating Income": NaN,
        "EBIT": NaN,
        "Net Income": NaN
    },
    "2016-08-31": {
        "Diluted EPS": 1.68,
        "Total Revenue": NaN,
        "Gross Profit": NaN,
        "Operating Income": NaN,
        "EBIT": NaN,
        "Net Income": NaN
    },
    "2016-05-31": {
        "Diluted EPS": 1.41,
        "Total Revenue": NaN,
        "Gross Profit": NaN,
        "Operating Income": NaN,
        "EBIT": NaN,
        "Net Income": 897
    },
    "2016-02-29": {
        "Diluted EPS": 2.08,
        "Total Revenue": NaN,
        "Gross Profit": NaN,
        "Operating Income": NaN,
        "EBIT": NaN,
        "Net Income": NaN
    },
    "2015-11-30": {
        "Diluted EPS": 1.28,
        "Total Revenue": NaN,
        "Gross Profit": NaN,
        "Operating Income": NaN,
        "EBIT": NaN,
        "Net Income": 819
    },
    "2015-08-31": {
        "Diluted EPS": 1.15,
        "Total Revenue": NaN,
        "Gross Profit": NaN,
        "Operating Income": NaN,
        "EBIT": NaN,
        "Net Income": 738
    },
    "2015-05-31": {
        "Diluted EPS": 1.24,
        "Total Revenue": NaN,
        "Gross Profit": NaN,
        "Operating Income": NaN,
        "EBIT": NaN,
        "Net Income": 794
    },
    "2015-02-28": {
        "Diluted EPS": 1.08,
        "Total Revenue": NaN,
        "Gross Profit": NaN,
        "Operating Income": NaN,
        "EBIT": NaN,
        "Net Income": 691
    },
    "2014-11-30": {
        "Diluted EPS": 1.29,
        "Total Revenue": NaN,
        "Gross Profit": NaN,
        "Operating Income": NaN,
        "EBIT": NaN,
        "Net Income": 832
    },
    "2014-08-31": {
        "Diluted EPS": 1.08,
        "Total Revenue": NaN,
        "Gross Profit": NaN,
        "Operating Income": NaN,
        "EBIT": NaN,
        "Net Income": 701
    },
    "2014-05-31": {
        "Diluted EPS": 1.26,
        "Total Revenue": NaN,
        "Gross Profit": NaN,
        "Operating Income": NaN,
        "EBIT": NaN,
        "Net Income": 817
    },
    "2014-02-28": {
        "Diluted EPS": 1.03,
        "Total Revenue": NaN,
        "Gross Profit": NaN,
        "Operating Income": 951,
        "EBIT": NaN,
        "Net Income": 671
    },
    "2013-11-30": {
        "Diluted EPS": 1.15,
        "Total Revenue": NaN,
        "Gross Profit": NaN,
        "Operating Income": NaN,
        "EBIT": NaN,
        "Net Income": 752
    },
    "2013-08-31": {
        "Diluted EPS": 1.01,
        "Total Revenue": NaN,
        "Gross Profit": NaN,
        "Operating Income": 984,
        "EBIT": NaN,
        "Net Income": 671
    },
    "2013-05-31": {
        "Diluted EPS": 1.21,
        "Total Revenue": NaN,
        "Gross Profit": NaN,
        "Operating Income": NaN,
        "EBIT": NaN,
        "Net Income": 810
    },
    "2013-02-28": {
        "Diluted EPS": 1.65,
        "Total Revenue": NaN,
        "Gross Profit": NaN,
        "Operating Income": NaN,
        "EBIT": NaN,
        "Net Income": NaN
    },
    "2012-11-30": {
        "Diluted EPS": 1.06,
        "Total Revenue": NaN,
        "Gross Profit": NaN,
        "Operating Income": NaN,
        "EBIT": NaN,
        "Net Income": 699
    },
    "2012-08-31": {
        "Diluted EPS": 0.88,
        "Total Revenue": NaN,
        "Gross Profit": NaN,
        "Operating Income": 940,
        "EBIT": NaN,
        "Net Income": 578
    },
    "2012-05-31": {
        "Diluted EPS": 1.03,
        "Total Revenue": NaN,
        "Gross Profit": NaN,
        "Operating Income": NaN,
        "EBIT": NaN,
        "Net Income": 689
    },
    "2012-02-29": {
        "Diluted EPS": 0.97,
        "Total Revenue": NaN,
        "Gross Profit": NaN,
        "Operating Income": 889,
        "EBIT": NaN,
        "Net Income": 644
    },
    "2011-11-30": {
        "Diluted EPS": 0.96,
        "Total Revenue": NaN,
        "Gross Profit": NaN,
        "Operating Income": 981,
        "EBIT": NaN,
        "Net Income": 642
    },
    "2011-08-31": {
        "Diluted EPS": 0.9,
        "Total Revenue": NaN,
        "Gross Profit": NaN,
        "Operating Income": 923,
        "EBIT": NaN,
        "Net Income": 612
    },
    "2011-05-31": {
        "Diluted EPS": 0.93,
        "Total Revenue": NaN,
        "Gross Profit": NaN,
        "Operating Income": 949,
        "EBIT": NaN,
        "Net Income": 628
    },
    "2011-02-28": {
        "Diluted EPS": 0.75,
        "Total Revenue": NaN,
        "Gross Profit": NaN,
        "Operating Income": 772,
        "EBIT": 893,
        "Net Income": 503
    },
    "2010-11-30": {
        "Diluted EPS": 0.81,
        "Total Revenue": NaN,
        "Gross Profit": NaN,
        "Operating Income": 827,
        "EBIT": 947,
        "Net Income": 535
    },
    "2010-08-31": {
        "Diluted EPS": 0.66,
        "Total Revenue": NaN,
        "Gross Profit": NaN,
        "Operating Income": 714,
        "EBIT": 839,
        "Net Income": 445
    },
    "2010-05-31": {
        "Diluted EPS": 0.73,
        "Total Revenue": NaN,
        "Gross Profit": NaN,
        "Operating Income": 804,
        "EBIT": 920,
        "Net Income": 491
    },
    "2010-02-28": {
        "Diluted EPS": 0.6,
        "Total Revenue": NaN,
        "Gross Profit": NaN,
        "Operating Income": 651,
        "EBIT": 769,
        "Net Income": 400
    },
    "2009-11-30": {
        "Diluted EPS": 0.67,
        "Total Revenue": NaN,
        "Gross Profit": NaN,
        "Operating Income": 746,
        "EBIT": 861,
        "Net Income": 445
    },
    "2009-08-31": {
        "Diluted EPS": 0.39,
        "Total Revenue": NaN,
        "Gross Profit": NaN,
        "Operating Income": 420,
        "EBIT": 547,
        "Net Income": 255
    },
    "2009-05-31": {
        "Diluted EPS": 0.68,
        "Total Revenue": NaN,
        "Gross Profit": NaN,
        "Operating Income": 732,
        "EBIT": 848,
        "Net Income": 444
    },
    "2009-02-28": {
        "Diluted EPS": 0.63,
        "Total Revenue": NaN,
        "Gross Profit": NaN,
        "Operating Income": 677,
        "EBIT": 813,
        "Net Income": 411
    }
}