{
    "2023-03-31": {
        "Tax Effect Of Unusual Items": NaN,
        "Tax Rate For Calcs": NaN,
        "Normalized EBITDA": NaN,
        "Total Unusual Items": NaN,
        "Total Unusual Items Excluding Goodwill": NaN,
        "Net Income From Continuing Operation Net Minority Interest": NaN,
        "Reconciled Depreciation": NaN,
        "Reconciled Cost Of Revenue": NaN,
        "EBITDA": NaN,
        "EBIT": NaN,
        "Normalized Income": NaN,
        "Net Income From Continuing And Discontinued Operation": NaN,
        "Total Expenses": NaN,
        "Total Operating Income As Reported": NaN,
        "Diluted Average Shares": 66872778.0,
        "Basic Average Shares": 66872778.0,
        "Diluted EPS": -0.42,
        "Basic EPS": -0.42,
        "Diluted NI Availto Com Stockholders": NaN,
        "Net Income Common Stockholders": NaN,
        "Net Income": NaN,
        "Net Income Including Noncontrolling Interests": NaN,
        "Net Income Continuous Operations": NaN,
        "Pretax Income": NaN,
        "Other Income Expense": NaN,
        "Other Non Operating Income Expenses": NaN,
        "Special Income Charges": NaN,
        "Write Off": NaN,
        "Restructuring And Mergern Acquisition": NaN,
        "Operating Income": NaN,
        "Operating Expense": NaN,
        "Research And Development": NaN,
        "Selling General And Administration": NaN,
        "General And Administrative Expense": NaN,
        "Other Gand A": NaN,
        "Salaries And Wages": NaN,
        "Gross Profit": NaN,
        "Cost Of Revenue": NaN,
        "Total Revenue": NaN,
        "Operating Revenue": NaN
    },
    "2022-12-31": {
        "Tax Effect Of Unusual Items": NaN,
        "Tax Rate For Calcs": NaN,
        "Normalized EBITDA": NaN,
        "Total Unusual Items": NaN,
        "Total Unusual Items Excluding Goodwill": NaN,
        "Net Income From Continuing Operation Net Minority Interest": NaN,
        "Reconciled Depreciation": NaN,
        "Reconciled Cost Of Revenue": NaN,
        "EBITDA": NaN,
        "EBIT": NaN,
        "Normalized Income": NaN,
        "Net Income From Continuing And Discontinued Operation": NaN,
        "Total Expenses": NaN,
        "Total Operating Income As Reported": NaN,
        "Diluted Average Shares": 66685580.0,
        "Basic Average Shares": 66685580.0,
        "Diluted EPS": -0.41,
        "Basic EPS": -0.41,
        "Diluted NI Availto Com Stockholders": NaN,
        "Net Income Common Stockholders": NaN,
        "Net Income": NaN,
        "Net Income Including Noncontrolling Interests": NaN,
        "Net Income Continuous Operations": NaN,
        "Pretax Income": NaN,
        "Other Income Expense": NaN,
        "Other Non Operating Income Expenses": NaN,
        "Special Income Charges": NaN,
        "Write Off": NaN,
        "Restructuring And Mergern Acquisition": NaN,
        "Operating Income": NaN,
        "Operating Expense": NaN,
        "Research And Development": NaN,
        "Selling General And Administration": NaN,
        "General And Administrative Expense": NaN,
        "Other Gand A": NaN,
        "Salaries And Wages": NaN,
        "Gross Profit": NaN,
        "Cost Of Revenue": NaN,
        "Total Revenue": NaN,
        "Operating Revenue": NaN
    },
    "2022-09-30": {
        "Tax Effect Of Unusual Items": NaN,
        "Tax Rate For Calcs": NaN,
        "Normalized EBITDA": NaN,
        "Total Unusual Items": NaN,
        "Total Unusual Items Excluding Goodwill": NaN,
        "Net Income From Continuing Operation Net Minority Interest": NaN,
        "Reconciled Depreciation": NaN,
        "Reconciled Cost Of Revenue": NaN,
        "EBITDA": NaN,
        "EBIT": NaN,
        "Normalized Income": NaN,
        "Net Income From Continuing And Discontinued Operation": NaN,
        "Total Expenses": NaN,
        "Total Operating Income As Reported": NaN,
        "Diluted Average Shares": NaN,
        "Basic Average Shares": NaN,
        "Diluted EPS": NaN,
        "Basic EPS": NaN,
        "Diluted NI Availto Com Stockholders": NaN,
        "Net Income Common Stockholders": NaN,
        "Net Income": NaN,
        "Net Income Including Noncontrolling Interests": NaN,
        "Net Income Continuous Operations": NaN,
        "Pretax Income": NaN,
        "Other Income Expense": NaN,
        "Other Non Operating Income Expenses": NaN,
        "Special Income Charges": NaN,
        "Write Off": 0.0,
        "Restructuring And Mergern Acquisition": NaN,
        "Operating Income": NaN,
        "Operating Expense": NaN,
        "Research And Development": NaN,
        "Selling General And Administration": NaN,
        "General And Administrative Expense": NaN,
        "Other Gand A": NaN,
        "Salaries And Wages": NaN,
        "Gross Profit": NaN,
        "Cost Of Revenue": NaN,
        "Total Revenue": NaN,
        "Operating Revenue": NaN
    },
    "2022-06-30": {
        "Tax Effect Of Unusual Items": 0.0,
        "Tax Rate For Calcs": 0.0,
        "Normalized EBITDA": -27588000.0,
        "Total Unusual Items": 3400000.0,
        "Total Unusual Items Excluding Goodwill": 3400000.0,
        "Net Income From Continuing Operation Net Minority Interest": -20532000.0,
        "Reconciled Depreciation": 206000.0,
        "Reconciled Cost Of Revenue": 1068000.0,
        "EBITDA": -24188000.0,
        "EBIT": -24394000.0,
        "Normalized Income": -23932000.0,
        "Net Income From Continuing And Discontinued Operation": -20532000.0,
        "Total Expenses": 25922000.0,
        "Total Operating Income As Reported": -20994000.0,
        "Diluted Average Shares": 65990031.0,
        "Basic Average Shares": 65990031.0,
        "Diluted EPS": -0.31,
        "Basic EPS": -0.31,
        "Diluted NI Availto Com Stockholders": -20532000.0,
        "Net Income Common Stockholders": -20532000.0,
        "Net Income": -20532000.0,
        "Net Income Including Noncontrolling Interests": -20532000.0,
        "Net Income Continuous Operations": -20532000.0,
        "Pretax Income": -20532000.0,
        "Other Income Expense": 3862000.0,
        "Other Non Operating Income Expenses": 462000.0,
        "Special Income Charges": 3400000.0,
        "Write Off": NaN,
        "Restructuring And Mergern Acquisition": -3400000.0,
        "Operating Income": -24394000.0,
        "Operating Expense": 24854000.0,
        "Research And Development": 18779000.0,
        "Selling General And Administration": 6075000.0,
        "General And Administrative Expense": 6075000.0,
        "Other Gand A": 2261000.0,
        "Salaries And Wages": 3814000.0,
        "Gross Profit": 460000.0,
        "Cost Of Revenue": 1068000.0,
        "Total Revenue": 1528000.0,
        "Operating Revenue": 1218000.0
    },
    "2022-03-31": {
        "Diluted EPS": -0.31,
        "Total Revenue": 1,
        "Gross Profit": 0,
        "Operating Income": -19,
        "EBIT": -19,
        "Net Income": -19
    },
    "2021-12-31": {
        "Diluted EPS": -0.34,
        "Total Revenue": 2,
        "Gross Profit": 0,
        "Operating Income": -23,
        "EBIT": -23,
        "Net Income": -23
    },
    "2021-09-30": {
        "Diluted EPS": -0.35,
        "Total Revenue": 2,
        "Gross Profit": 1,
        "Operating Income": -20,
        "EBIT": -20,
        "Net Income": -21
    },
    "2021-06-30": {
        "Diluted EPS": -0.34,
        "Total Revenue": 2,
        "Gross Profit": 1,
        "Operating Income": -18,
        "EBIT": -18,
        "Net Income": -18
    },
    "2021-03-31": {
        "Diluted EPS": -0.57,
        "Total Revenue": 2,
        "Gross Profit": 1,
        "Operating Income": -29,
        "EBIT": -28,
        "Net Income": -29
    },
    "2020-12-31": {
        "Diluted EPS": -0.3,
        "Total Revenue": 2,
        "Gross Profit": 0,
        "Operating Income": -14,
        "EBIT": -14,
        "Net Income": -13
    },
    "2020-09-30": {
        "Diluted EPS": -0.25,
        "Total Revenue": 1,
        "Gross Profit": 0,
        "Operating Income": -10,
        "EBIT": -10,
        "Net Income": -11
    },
    "2020-06-30": {
        "Diluted EPS": -0.28,
        "Total Revenue": 2,
        "Gross Profit": 1,
        "Operating Income": -11,
        "EBIT": -11,
        "Net Income": -12
    },
    "2020-03-31": {
        "Diluted EPS": -0.37,
        "Total Revenue": 1,
        "Gross Profit": 0,
        "Operating Income": -16,
        "EBIT": -15,
        "Net Income": -16
    },
    "2019-12-31": {
        "Diluted EPS": -0.45,
        "Total Revenue": 1,
        "Gross Profit": 0,
        "Operating Income": -17,
        "EBIT": -17,
        "Net Income": -19
    },
    "2019-09-30": {
        "Diluted EPS": -1.34,
        "Total Revenue": 1,
        "Gross Profit": 0,
        "Operating Income": -23,
        "EBIT": -21,
        "Net Income": -55
    },
    "2019-06-30": {
        "Diluted EPS": -1.21,
        "Total Revenue": 1,
        "Gross Profit": 0,
        "Operating Income": -44,
        "EBIT": -23,
        "Net Income": -50
    },
    "2019-03-31": {
        "Diluted EPS": -0.91,
        "Total Revenue": 1,
        "Gross Profit": 0,
        "Operating Income": -27,
        "EBIT": -25,
        "Net Income": -38
    },
    "2018-12-31": {
        "Diluted EPS": -0.99,
        "Total Revenue": 2,
        "Gross Profit": 1,
        "Operating Income": -25,
        "EBIT": -24,
        "Net Income": -39
    },
    "2018-09-30": {
        "Diluted EPS": -1.06,
        "Total Revenue": 1,
        "Gross Profit": 0,
        "Operating Income": -21,
        "EBIT": -21,
        "Net Income": -33
    },
    "2018-06-30": {
        "Diluted EPS": -1.01,
        "Total Revenue": 4,
        "Gross Profit": 2,
        "Operating Income": -32,
        "EBIT": -32,
        "Net Income": -31
    },
    "2018-03-31": {
        "Diluted EPS": -0.98,
        "Total Revenue": 1,
        "Gross Profit": 0,
        "Operating Income": -31,
        "EBIT": -31,
        "Net Income": -30
    },
    "2017-12-31": {
        "Diluted EPS": -0.77,
        "Total Revenue": 1,
        "Gross Profit": 0,
        "Operating Income": -7,
        "EBIT": -7,
        "Net Income": -23
    },
    "2017-09-30": {
        "Diluted EPS": -0.63,
        "Total Revenue": 1,
        "Gross Profit": 0,
        "Operating Income": -19,
        "EBIT": -19,
        "Net Income": -18
    },
    "2017-06-30": {
        "Diluted EPS": -0.56,
        "Total Revenue": NaN,
        "Gross Profit": NaN,
        "Operating Income": -15,
        "EBIT": -15,
        "Net Income": -15
    },
    "2017-03-31": {
        "Diluted EPS": -0.48,
        "Total Revenue": NaN,
        "Gross Profit": NaN,
        "Operating Income": -13,
        "EBIT": -13,
        "Net Income": -13
    },
    "2016-12-31": {
        "Diluted EPS": -0.48,
        "Total Revenue": NaN,
        "Gross Profit": NaN,
        "Operating Income": -12,
        "EBIT": -12,
        "Net Income": -11
    },
    "2016-09-30": {
        "Diluted EPS": -0.5,
        "Total Revenue": NaN,
        "Gross Profit": NaN,
        "Operating Income": -11,
        "EBIT": -11,
        "Net Income": -11
    },
    "2016-06-30": {
        "Diluted EPS": -0.62,
        "Total Revenue": NaN,
        "Gross Profit": NaN,
        "Operating Income": -13,
        "EBIT": -13,
        "Net Income": -13
    },
    "2016-03-31": {
        "Diluted EPS": -0.65,
        "Total Revenue": NaN,
        "Gross Profit": NaN,
        "Operating Income": -13,
        "EBIT": -13,
        "Net Income": -13
    },
    "2015-12-31": {
        "Diluted EPS": 4.46,
        "Total Revenue": NaN,
        "Gross Profit": NaN,
        "Operating Income": -5,
        "EBIT": -5,
        "Net Income": -5
    },
    "2015-09-30": {
        "Diluted EPS": -5.12,
        "Total Revenue": NaN,
        "Gross Profit": NaN,
        "Operating Income": -11,
        "EBIT": -11,
        "Net Income": -12
    },
    "2015-06-30": {
        "Diluted EPS": -1.52,
        "Total Revenue": NaN,
        "Gross Profit": NaN,
        "Operating Income": -3,
        "EBIT": -3,
        "Net Income": -3
    },
    "2015-03-31": {
        "Diluted EPS": -1.61,
        "Total Revenue": NaN,
        "Gross Profit": NaN,
        "Operating Income": -3,
        "EBIT": -3,
        "Net Income": -3
    },
    "2014-12-31": {
        "Diluted EPS": 0.0,
        "Total Revenue": NaN,
        "Gross Profit": NaN,
        "Operating Income": NaN,
        "EBIT": NaN,
        "Net Income": NaN
    },
    "2014-09-30": {
        "Diluted EPS": -1.75,
        "Total Revenue": NaN,
        "Gross Profit": NaN,
        "Operating Income": -3,
        "EBIT": -3,
        "Net Income": -3
    },
    "2013-12-31": {
        "Diluted EPS": 0.0,
        "Total Revenue": NaN,
        "Gross Profit": NaN,
        "Operating Income": NaN,
        "EBIT": NaN,
        "Net Income": NaN
    },
    "2023-06-30": {
        "Tax Effect Of Unusual Items": NaN,
        "Tax Rate For Calcs": NaN,
        "Normalized EBITDA": NaN,
        "Total Unusual Items": NaN,
        "Total Unusual Items Excluding Goodwill": NaN,
        "Net Income From Continuing Operation Net Minority Interest": NaN,
        "Reconciled Depreciation": NaN,
        "Reconciled Cost Of Revenue": NaN,
        "EBITDA": NaN,
        "EBIT": NaN,
        "Net Interest Income": NaN,
        "Interest Income": NaN,
        "Normalized Income": NaN,
        "Net Income From Continuing And Discontinued Operation": NaN,
        "Total Expenses": NaN,
        "Total Operating Income As Reported": NaN,
        "Diluted Average Shares": 70633528.0,
        "Basic Average Shares": 70633528.0,
        "Diluted EPS": -0.42,
        "Basic EPS": -0.42,
        "Diluted NI Availto Com Stockholders": NaN,
        "Net Income Common Stockholders": NaN,
        "Net Income": NaN,
        "Net Income Including Noncontrolling Interests": NaN,
        "Net Income Continuous Operations": NaN,
        "Pretax Income": NaN,
        "Other Income Expense": NaN,
        "Other Non Operating Income Expenses": NaN,
        "Special Income Charges": NaN,
        "Write Off": 1021000.0,
        "Restructuring And Mergern Acquisition": NaN,
        "Net Non Operating Interest Income Expense": NaN,
        "Interest Income Non Operating": NaN,
        "Operating Income": NaN,
        "Operating Expense": NaN,
        "Research And Development": NaN,
        "Selling General And Administration": NaN,
        "General And Administrative Expense": NaN,
        "Other Gand A": NaN,
        "Salaries And Wages": NaN,
        "Gross Profit": NaN,
        "Cost Of Revenue": NaN,
        "Total Revenue": NaN,
        "Operating Revenue": NaN
    },
    "2023-09-30": {
        "Tax Effect Of Unusual Items": 0.0,
        "Tax Rate For Calcs": 0.0,
        "Normalized EBITDA": -27372000.0,
        "Total Unusual Items": -1993000.0,
        "Total Unusual Items Excluding Goodwill": -1993000.0,
        "Net Income From Continuing Operation Net Minority Interest": -29261000.0,
        "Reconciled Depreciation": 219000.0,
        "Reconciled Cost Of Revenue": 8192000.0,
        "EBITDA": -29365000.0,
        "EBIT": -29584000.0,
        "Net Interest Income": 2316000.0,
        "Interest Income": 2316000.0,
        "Normalized Income": -27268000.0,
        "Net Income From Continuing And Discontinued Operation": -29261000.0,
        "Total Expenses": 38866000.0,
        "Total Operating Income As Reported": -31577000.0,
        "Diluted Average Shares": 70807934.0,
        "Basic Average Shares": 70807934.0,
        "Diluted EPS": -0.41,
        "Basic EPS": -0.41,
        "Diluted NI Availto Com Stockholders": -29261000.0,
        "Net Income Common Stockholders": -29261000.0,
        "Net Income": -29261000.0,
        "Net Income Including Noncontrolling Interests": -29261000.0,
        "Net Income Continuous Operations": -29261000.0,
        "Pretax Income": -29261000.0,
        "Other Income Expense": -1993000.0,
        "Other Non Operating Income Expenses": 2316000.0,
        "Special Income Charges": -1993000.0,
        "Write Off": 293000.0,
        "Restructuring And Mergern Acquisition": 1700000.0,
        "Net Non Operating Interest Income Expense": 2316000.0,
        "Interest Income Non Operating": 2316000.0,
        "Operating Income": -29584000.0,
        "Operating Expense": 30674000.0,
        "Research And Development": 23876000.0,
        "Selling General And Administration": 6798000.0,
        "General And Administrative Expense": 6798000.0,
        "Other Gand A": 2376000.0,
        "Salaries And Wages": 4422000.0,
        "Gross Profit": 1090000.0,
        "Cost Of Revenue": 8192000.0,
        "Total Revenue": 9282000.0,
        "Operating Revenue": 9282000.0
    },
    "2023-12-31": {
        "Tax Effect Of Unusual Items": 0.0,
        "Tax Rate For Calcs": 0.0,
        "Normalized EBITDA": -43161000.0,
        "Total Unusual Items": 19671000.0,
        "Total Unusual Items Excluding Goodwill": 19671000.0,
        "Net Income From Continuing Operation Net Minority Interest": -1491000.0,
        "Reconciled Depreciation": 228000.0,
        "Reconciled Cost Of Revenue": 6428000.0,
        "EBITDA": -23490000.0,
        "EBIT": -23718000.0,
        "Net Interest Income": NaN,
        "Interest Income": NaN,
        "Normalized Income": -21162000.0,
        "Net Income From Continuing And Discontinued Operation": -1491000.0,
        "Total Expenses": 41288000.0,
        "Total Operating Income As Reported": -4047000.0,
        "Diluted Average Shares": NaN,
        "Basic Average Shares": NaN,
        "Diluted EPS": NaN,
        "Basic EPS": NaN,
        "Diluted NI Availto Com Stockholders": -1491000.0,
        "Net Income Common Stockholders": -1491000.0,
        "Net Income": -1491000.0,
        "Net Income Including Noncontrolling Interests": -1491000.0,
        "Net Income Continuous Operations": -1491000.0,
        "Pretax Income": -1858000.0,
        "Other Income Expense": 21860000.0,
        "Other Non Operating Income Expenses": 2189000.0,
        "Special Income Charges": 19671000.0,
        "Write Off": 0.0,
        "Restructuring And Mergern Acquisition": -26300000.0,
        "Net Non Operating Interest Income Expense": NaN,
        "Interest Income Non Operating": NaN,
        "Operating Income": -23718000.0,
        "Operating Expense": 34860000.0,
        "Research And Development": 26646000.0,
        "Selling General And Administration": 8214000.0,
        "General And Administrative Expense": 8214000.0,
        "Other Gand A": 2668000.0,
        "Salaries And Wages": 5546000.0,
        "Gross Profit": 11142000.0,
        "Cost Of Revenue": 6428000.0,
        "Total Revenue": 17570000.0,
        "Operating Revenue": 17570000.0
    },
    "2024-03-31": {
        "Tax Effect Of Unusual Items": 0.0,
        "Tax Rate For Calcs": 0.0,
        "Normalized EBITDA": -13088000.0,
        "Total Unusual Items": -2800000.0,
        "Total Unusual Items Excluding Goodwill": -2800000.0,
        "Net Income From Continuing Operation Net Minority Interest": -16941000.0,
        "Reconciled Depreciation": 243000.0,
        "Reconciled Cost Of Revenue": 1840000.0,
        "EBITDA": -15888000.0,
        "EBIT": -16131000.0,
        "Net Interest Income": NaN,
        "Interest Income": NaN,
        "Normalized Income": -14141000.0,
        "Net Income From Continuing And Discontinued Operation": -16941000.0,
        "Total Expenses": 18529000.0,
        "Total Operating Income As Reported": -18931000.0,
        "Diluted Average Shares": 71074858.0,
        "Basic Average Shares": 71074858.0,
        "Diluted EPS": -0.24,
        "Basic EPS": -0.24,
        "Diluted NI Availto Com Stockholders": -16941000.0,
        "Net Income Common Stockholders": -16941000.0,
        "Net Income": -16941000.0,
        "Net Income Including Noncontrolling Interests": -16941000.0,
        "Net Income Continuous Operations": -16941000.0,
        "Pretax Income": -16941000.0,
        "Other Income Expense": -810000.0,
        "Other Non Operating Income Expenses": 1990000.0,
        "Special Income Charges": -2800000.0,
        "Write Off": NaN,
        "Restructuring And Mergern Acquisition": 2800000.0,
        "Net Non Operating Interest Income Expense": NaN,
        "Interest Income Non Operating": NaN,
        "Operating Income": -16131000.0,
        "Operating Expense": 16689000.0,
        "Research And Development": 9845000.0,
        "Selling General And Administration": 6844000.0,
        "General And Administrative Expense": 6844000.0,
        "Other Gand A": 2423000.0,
        "Salaries And Wages": 4421000.0,
        "Gross Profit": 558000.0,
        "Cost Of Revenue": 1840000.0,
        "Total Revenue": 2398000.0,
        "Operating Revenue": 2398000.0
    },
    "2024-06-30": {
        "Tax Effect Of Unusual Items": 0.0,
        "Tax Rate For Calcs": 0.0,
        "Normalized EBITDA": -12212000.0,
        "Total Unusual Items": -200000.0,
        "Total Unusual Items Excluding Goodwill": -200000.0,
        "Net Income From Continuing Operation Net Minority Interest": -10986000.0,
        "Reconciled Depreciation": 242000.0,
        "Reconciled Cost Of Revenue": 1909000.0,
        "EBITDA": -12412000.0,
        "EBIT": -12654000.0,
        "Net Interest Income": NaN,
        "Interest Income": NaN,
        "Normalized Income": -10786000.0,
        "Net Income From Continuing And Discontinued Operation": -10986000.0,
        "Total Expenses": 15420000.0,
        "Total Operating Income As Reported": -12854000.0,
        "Diluted Average Shares": 71291400.0,
        "Basic Average Shares": 71291400.0,
        "Diluted EPS": -0.15,
        "Basic EPS": -0.15,
        "Diluted NI Availto Com Stockholders": -10986000.0,
        "Net Income Common Stockholders": -10986000.0,
        "Net Income": -10986000.0,
        "Net Income Including Noncontrolling Interests": -10986000.0,
        "Net Income Continuous Operations": -10986000.0,
        "Pretax Income": -10986000.0,
        "Other Income Expense": 1668000.0,
        "Other Non Operating Income Expenses": 1868000.0,
        "Special Income Charges": -200000.0,
        "Write Off": 0.0,
        "Restructuring And Mergern Acquisition": 200000.0,
        "Net Non Operating Interest Income Expense": NaN,
        "Interest Income Non Operating": NaN,
        "Operating Income": -12654000.0,
        "Operating Expense": 13511000.0,
        "Research And Development": 8759000.0,
        "Selling General And Administration": 4752000.0,
        "General And Administrative Expense": 4752000.0,
        "Other Gand A": 1872000.0,
        "Salaries And Wages": 2880000.0,
        "Gross Profit": 857000.0,
        "Cost Of Revenue": 1909000.0,
        "Total Revenue": 2766000.0,
        "Operating Revenue": 2766000.0
    },
    "2024-09-30": {
        "Tax Effect Of Unusual Items": 0.0,
        "Tax Rate For Calcs": 0.0,
        "Normalized EBITDA": -8692000.0,
        "Total Unusual Items": -800000.0,
        "Total Unusual Items Excluding Goodwill": -800000.0,
        "Net Income From Continuing Operation Net Minority Interest": -7586000.0,
        "Reconciled Depreciation": 179000.0,
        "Reconciled Cost Of Revenue": 2408000.0,
        "EBITDA": -9492000.0,
        "EBIT": -9671000.0,
        "Net Interest Income": 1991000.0,
        "Interest Income": 1991000.0,
        "Normalized Income": -6786000.0,
        "Net Income From Continuing And Discontinued Operation": -7586000.0,
        "Total Expenses": 14017000.0,
        "Total Operating Income As Reported": -10471000.0,
        "Diluted Average Shares": 71381731.0,
        "Basic Average Shares": 71381731.0,
        "Diluted EPS": -0.11,
        "Basic EPS": -0.11,
        "Diluted NI Availto Com Stockholders": -7586000.0,
        "Net Income Common Stockholders": -7586000.0,
        "Net Income": -7586000.0,
        "Net Income Including Noncontrolling Interests": -7586000.0,
        "Net Income Continuous Operations": -7586000.0,
        "Pretax Income": -7586000.0,
        "Other Income Expense": 94000.0,
        "Other Non Operating Income Expenses": 894000.0,
        "Special Income Charges": -800000.0,
        "Write Off": 0.0,
        "Restructuring And Mergern Acquisition": 800000.0,
        "Net Non Operating Interest Income Expense": 1991000.0,
        "Interest Income Non Operating": 1991000.0,
        "Operating Income": -9671000.0,
        "Operating Expense": 11609000.0,
        "Research And Development": 5956000.0,
        "Selling General And Administration": 5653000.0,
        "General And Administrative Expense": 5653000.0,
        "Other Gand A": 2816000.0,
        "Salaries And Wages": 2837000.0,
        "Gross Profit": 1938000.0,
        "Cost Of Revenue": 2408000.0,
        "Total Revenue": 4346000.0,
        "Operating Revenue": 4346000.0
    }
}