{
    "2023-05-31": {
        "Tax Effect Of Unusual Items": NaN,
        "Tax Rate For Calcs": NaN,
        "Normalized EBITDA": NaN,
        "Total Unusual Items": NaN,
        "Total Unusual Items Excluding Goodwill": NaN,
        "Net Income From Continuing Operation Net Minority Interest": NaN,
        "Reconciled Depreciation": NaN,
        "Reconciled Cost Of Revenue": NaN,
        "EBITDA": NaN,
        "EBIT": NaN,
        "Net Interest Income": NaN,
        "Interest Expense": NaN,
        "Normalized Income": NaN,
        "Net Income From Continuing And Discontinued Operation": NaN,
        "Total Expenses": NaN,
        "Total Operating Income As Reported": NaN,
        "Diluted Average Shares": NaN,
        "Basic Average Shares": NaN,
        "Diluted EPS": NaN,
        "Basic EPS": NaN,
        "Diluted NI Availto Com Stockholders": NaN,
        "Net Income Common Stockholders": NaN,
        "Net Income": NaN,
        "Net Income Including Noncontrolling Interests": NaN,
        "Net Income Continuous Operations": NaN,
        "Tax Provision": NaN,
        "Pretax Income": NaN,
        "Other Income Expense": NaN,
        "Other Non Operating Income Expenses": NaN,
        "Special Income Charges": 0.0,
        "Other Special Charges": NaN,
        "Restructuring And Mergern Acquisition": 0.0,
        "Gain On Sale Of Security": NaN,
        "Net Non Operating Interest Income Expense": NaN,
        "Interest Expense Non Operating": NaN,
        "Operating Income": NaN,
        "Operating Expense": NaN,
        "Depreciation Amortization Depletion Income Statement": NaN,
        "Depreciation And Amortization In Income Statement": NaN,
        "Amortization": NaN,
        "Amortization Of Intangibles Income Statement": NaN,
        "Research And Development": NaN,
        "Selling General And Administration": NaN,
        "Selling And Marketing Expense": NaN,
        "General And Administrative Expense": NaN,
        "Other Gand A": NaN,
        "Gross Profit": NaN,
        "Cost Of Revenue": NaN,
        "Total Revenue": NaN,
        "Operating Revenue": NaN
    },
    "2023-02-28": {
        "Tax Effect Of Unusual Items": NaN,
        "Tax Rate For Calcs": NaN,
        "Normalized EBITDA": NaN,
        "Total Unusual Items": NaN,
        "Total Unusual Items Excluding Goodwill": NaN,
        "Net Income From Continuing Operation Net Minority Interest": NaN,
        "Reconciled Depreciation": NaN,
        "Reconciled Cost Of Revenue": NaN,
        "EBITDA": NaN,
        "EBIT": NaN,
        "Net Interest Income": NaN,
        "Interest Expense": NaN,
        "Normalized Income": NaN,
        "Net Income From Continuing And Discontinued Operation": NaN,
        "Total Expenses": NaN,
        "Total Operating Income As Reported": NaN,
        "Diluted Average Shares": NaN,
        "Basic Average Shares": NaN,
        "Diluted EPS": NaN,
        "Basic EPS": NaN,
        "Diluted NI Availto Com Stockholders": NaN,
        "Net Income Common Stockholders": NaN,
        "Net Income": NaN,
        "Net Income Including Noncontrolling Interests": NaN,
        "Net Income Continuous Operations": NaN,
        "Tax Provision": NaN,
        "Pretax Income": NaN,
        "Other Income Expense": NaN,
        "Other Non Operating Income Expenses": NaN,
        "Special Income Charges": 0.0,
        "Other Special Charges": NaN,
        "Restructuring And Mergern Acquisition": 0.0,
        "Gain On Sale Of Security": NaN,
        "Net Non Operating Interest Income Expense": NaN,
        "Interest Expense Non Operating": NaN,
        "Operating Income": NaN,
        "Operating Expense": NaN,
        "Depreciation Amortization Depletion Income Statement": NaN,
        "Depreciation And Amortization In Income Statement": NaN,
        "Amortization": NaN,
        "Amortization Of Intangibles Income Statement": NaN,
        "Research And Development": NaN,
        "Selling General And Administration": NaN,
        "Selling And Marketing Expense": NaN,
        "General And Administrative Expense": NaN,
        "Other Gand A": NaN,
        "Gross Profit": NaN,
        "Cost Of Revenue": NaN,
        "Total Revenue": NaN,
        "Operating Revenue": NaN
    },
    "2022-11-30": {
        "Tax Effect Of Unusual Items": -3821357.943309,
        "Tax Rate For Calcs": 0.224786,
        "Normalized EBITDA": 1777000000.0,
        "Total Unusual Items": -17000000.0,
        "Total Unusual Items Excluding Goodwill": -17000000.0,
        "Net Income From Continuing Operation Net Minority Interest": 1176000000.0,
        "Reconciled Depreciation": 215000000.0,
        "Reconciled Cost Of Revenue": 395000000.0,
        "EBITDA": 1760000000.0,
        "EBIT": 1545000000.0,
        "Net Interest Income": 33000000.0,
        "Interest Expense": 28000000.0,
        "Normalized Income": 1189178642.056691,
        "Net Income From Continuing And Discontinued Operation": 1176000000.0,
        "Total Expenses": 3020000000.0,
        "Total Operating Income As Reported": 1505000000.0,
        "Diluted Average Shares": 466000000.0,
        "Basic Average Shares": 465000000.0,
        "Diluted EPS": 2.53,
        "Basic EPS": 2.53,
        "Diluted NI Availto Com Stockholders": 1176000000.0,
        "Net Income Common Stockholders": 1176000000.0,
        "Net Income": 1176000000.0,
        "Net Income Including Noncontrolling Interests": 1176000000.0,
        "Net Income Continuous Operations": 1176000000.0,
        "Tax Provision": 341000000.0,
        "Pretax Income": 1517000000.0,
        "Other Income Expense": -21000000.0,
        "Other Non Operating Income Expenses": -4000000.0,
        "Gain On Sale Of Security": -17000000.0,
        "Net Non Operating Interest Income Expense": 33000000.0,
        "Interest Expense Non Operating": 28000000.0,
        "Operating Income": 1505000000.0,
        "Operating Expense": 2452000000.0,
        "Depreciation Amortization Depletion Income Statement": 42000000.0,
        "Depreciation And Amortization In Income Statement": 42000000.0,
        "Amortization": 42000000.0,
        "Amortization Of Intangibles Income Statement": 42000000.0,
        "Research And Development": 773000000.0,
        "Selling General And Administration": 1637000000.0,
        "Selling And Marketing Expense": 1297000000.0,
        "General And Administrative Expense": 340000000.0,
        "Other Gand A": 340000000.0,
        "Gross Profit": 3957000000.0,
        "Cost Of Revenue": 568000000.0,
        "Total Revenue": 4525000000.0,
        "Operating Revenue": 4525000000.0
    },
    "2022-08-31": {
        "Tax Effect Of Unusual Items": -1320000.0,
        "Tax Rate For Calcs": 0.22,
        "Normalized EBITDA": 1706000000.0,
        "Total Unusual Items": -6000000.0,
        "Total Unusual Items Excluding Goodwill": -6000000.0,
        "Net Income From Continuing Operation Net Minority Interest": 1136000000.0,
        "Reconciled Depreciation": 216000000.0,
        "Reconciled Cost Of Revenue": 373000000.0,
        "EBITDA": 1700000000.0,
        "EBIT": 1484000000.0,
        "Net Interest Income": -28000000.0,
        "Interest Expense": 28000000.0,
        "Normalized Income": 1140680000.0,
        "Net Income From Continuing And Discontinued Operation": 1136000000.0,
        "Total Expenses": 2949000000.0,
        "Total Operating Income As Reported": 1484000000.0,
        "Diluted Average Shares": 469000000.0,
        "Basic Average Shares": 469000000.0,
        "Diluted EPS": 2.42,
        "Basic EPS": 2.42,
        "Diluted NI Availto Com Stockholders": 1136000000.0,
        "Net Income Common Stockholders": 1136000000.0,
        "Net Income": 1136000000.0,
        "Net Income Including Noncontrolling Interests": 1136000000.0,
        "Net Income Continuous Operations": 1136000000.0,
        "Tax Provision": 320000000.0,
        "Pretax Income": 1456000000.0,
        "Other Income Expense": NaN,
        "Other Non Operating Income Expenses": 6000000.0,
        "Gain On Sale Of Security": -6000000.0,
        "Net Non Operating Interest Income Expense": -28000000.0,
        "Interest Expense Non Operating": 28000000.0,
        "Operating Income": 1484000000.0,
        "Operating Expense": 2403000000.0,
        "Depreciation Amortization Depletion Income Statement": 43000000.0,
        "Depreciation And Amortization In Income Statement": 43000000.0,
        "Amortization": 43000000.0,
        "Amortization Of Intangibles Income Statement": 43000000.0,
        "Research And Development": 775000000.0,
        "Selling General And Administration": 1585000000.0,
        "Selling And Marketing Expense": 1266000000.0,
        "General And Administrative Expense": 319000000.0,
        "Other Gand A": 319000000.0,
        "Gross Profit": 3887000000.0,
        "Cost Of Revenue": 546000000.0,
        "Total Revenue": 4433000000.0,
        "Operating Revenue": 4433000000.0
    },
    "2022-05-31": {
        "Tax Effect Of Unusual Items": -1680000.0,
        "Tax Rate For Calcs": 0.21,
        "Normalized EBITDA": 1740000000.0,
        "Total Unusual Items": -8000000.0,
        "Total Unusual Items Excluding Goodwill": -8000000.0,
        "Net Income From Continuing Operation Net Minority Interest": 1178000000.0,
        "Reconciled Depreciation": 212000000.0,
        "Reconciled Cost Of Revenue": 369000000.0,
        "EBIT": 1520000000.0,
        "Net Interest Income": -28000000.0,
        "Interest Expense": 28000000.0,
        "Normalized Income": 1184320000.0,
        "Net Income From Continuing And Discontinued Operation": 1178000000.0,
        "Total Expenses": 2857000000.0,
        "Total Operating Income As Reported": 1529000000.0,
        "Diluted Average Shares": 473000000.0,
        "Basic Average Shares": 472000000.0,
        "Diluted EPS": 2.49,
        "Basic EPS": 2.5,
        "Diluted NI Availto Com Stockholders": 1178000000.0,
        "Net Income Common Stockholders": 1178000000.0,
        "Net Income": 1178000000.0,
        "Net Income Including Noncontrolling Interests": 1178000000.0,
        "Net Income Continuous Operations": 1178000000.0,
        "Tax Provision": 314000000.0,
        "Pretax Income": 1492000000.0,
        "Other Income Expense": -9000000.0,
        "Other Non Operating Income Expenses": -1000000.0,
        "Gain On Sale Of Security": -8000000.0,
        "Net Non Operating Interest Income Expense": -28000000.0,
        "Interest Expense Non Operating": 28000000.0,
        "Operating Income": 1529000000.0,
        "Operating Expense": 2318000000.0,
        "Depreciation Amortization Depletion Income Statement": 42000000.0,
        "Depreciation And Amortization In Income Statement": 42000000.0,
        "Amortization": 42000000.0,
        "Amortization Of Intangibles Income Statement": 42000000.0,
        "Research And Development": 738000000.0,
        "Selling General And Administration": 1538000000.0,
        "Selling And Marketing Expense": 1247000000.0,
        "General And Administrative Expense": 291000000.0,
        "Other Gand A": 291000000.0,
        "Gross Profit": 3847000000.0,
        "Cost Of Revenue": 539000000.0,
        "Total Revenue": 4386000000.0,
        "Operating Revenue": 4386000000.0
    },
    "2022-02-28": {
        "Diluted EPS": 2.66,
        "Total Revenue": NaN,
        "Gross Profit": NaN,
        "Operating Income": NaN,
        "EBIT": NaN,
        "Net Income": NaN
    },
    "2021-11-30": {
        "Diluted EPS": 2.57,
        "Total Revenue": NaN,
        "Gross Profit": NaN,
        "Operating Income": NaN,
        "EBIT": NaN,
        "Net Income": NaN
    },
    "2021-08-31": {
        "Diluted EPS": 2.52,
        "Total Revenue": NaN,
        "Gross Profit": NaN,
        "Operating Income": NaN,
        "EBIT": NaN,
        "Net Income": NaN
    },
    "2021-05-31": {
        "Diluted EPS": 2.32,
        "Total Revenue": NaN,
        "Gross Profit": NaN,
        "Operating Income": NaN,
        "EBIT": NaN,
        "Net Income": NaN
    },
    "2021-02-28": {
        "Diluted EPS": 2.61,
        "Total Revenue": NaN,
        "Gross Profit": NaN,
        "Operating Income": NaN,
        "EBIT": NaN,
        "Net Income": NaN
    },
    "2020-11-30": {
        "Diluted EPS": 4.63,
        "Total Revenue": NaN,
        "Gross Profit": NaN,
        "Operating Income": NaN,
        "EBIT": NaN,
        "Net Income": NaN
    },
    "2020-08-31": {
        "Diluted EPS": 1.97,
        "Total Revenue": NaN,
        "Gross Profit": NaN,
        "Operating Income": NaN,
        "EBIT": NaN,
        "Net Income": 955
    },
    "2020-05-31": {
        "Diluted EPS": 2.27,
        "Total Revenue": NaN,
        "Gross Profit": NaN,
        "Operating Income": NaN,
        "EBIT": NaN,
        "Net Income": NaN
    },
    "2020-02-29": {
        "Diluted EPS": 1.96,
        "Total Revenue": NaN,
        "Gross Profit": NaN,
        "Operating Income": 937,
        "EBIT": NaN,
        "Net Income": 955
    },
    "2019-11-30": {
        "Diluted EPS": 1.74,
        "Total Revenue": NaN,
        "Gross Profit": NaN,
        "Operating Income": 969,
        "EBIT": NaN,
        "Net Income": 851
    },
    "2019-08-31": {
        "Diluted EPS": 1.61,
        "Total Revenue": NaN,
        "Gross Profit": NaN,
        "Operating Income": 854,
        "EBIT": NaN,
        "Net Income": 793
    },
    "2019-05-31": {
        "Diluted EPS": 1.29,
        "Total Revenue": NaN,
        "Gross Profit": NaN,
        "Operating Income": 750,
        "EBIT": 937,
        "Net Income": 633
    },
    "2019-02-28": {
        "Diluted EPS": 1.36,
        "Total Revenue": NaN,
        "Gross Profit": NaN,
        "Operating Income": 695,
        "EBIT": 881,
        "Net Income": 674
    },
    "2018-11-30": {
        "Diluted EPS": 1.36,
        "Total Revenue": NaN,
        "Gross Profit": NaN,
        "Operating Income": 720,
        "EBIT": 826,
        "Net Income": 678
    },
    "2018-08-31": {
        "Diluted EPS": 1.34,
        "Total Revenue": NaN,
        "Gross Profit": NaN,
        "Operating Income": 719,
        "EBIT": 805,
        "Net Income": 666
    },
    "2018-05-31": {
        "Diluted EPS": 1.33,
        "Total Revenue": NaN,
        "Gross Profit": NaN,
        "Operating Income": 698,
        "EBIT": 775,
        "Net Income": 663
    },
    "2018-02-28": {
        "Diluted EPS": 1.17,
        "Total Revenue": NaN,
        "Gross Profit": NaN,
        "Operating Income": 703,
        "EBIT": 779,
        "Net Income": 583
    },
    "2017-11-30": {
        "Diluted EPS": 0.99,
        "Total Revenue": NaN,
        "Gross Profit": NaN,
        "Operating Income": 649,
        "EBIT": 731,
        "Net Income": 502
    },
    "2017-08-31": {
        "Diluted EPS": 0.84,
        "Total Revenue": NaN,
        "Gross Profit": NaN,
        "Operating Income": 546,
        "EBIT": 628,
        "Net Income": 420
    },
    "2017-05-31": {
        "Diluted EPS": 0.75,
        "Total Revenue": NaN,
        "Gross Profit": NaN,
        "Operating Income": 504,
        "EBIT": 586,
        "Net Income": 374
    },
    "2017-02-28": {
        "Diluted EPS": 0.8,
        "Total Revenue": NaN,
        "Gross Profit": NaN,
        "Operating Income": 469,
        "EBIT": 550,
        "Net Income": 398
    },
    "2016-11-30": {
        "Diluted EPS": 0.8,
        "Total Revenue": NaN,
        "Gross Profit": NaN,
        "Operating Income": 472,
        "EBIT": 554,
        "Net Income": 400
    },
    "2016-08-31": {
        "Diluted EPS": 0.54,
        "Total Revenue": NaN,
        "Gross Profit": NaN,
        "Operating Income": 369,
        "EBIT": 453,
        "Net Income": 271
    },
    "2016-05-31": {
        "Diluted EPS": 0.48,
        "Total Revenue": NaN,
        "Gross Profit": NaN,
        "Operating Income": 344,
        "EBIT": 429,
        "Net Income": 244
    },
    "2016-02-29": {
        "Diluted EPS": 0.5,
        "Total Revenue": NaN,
        "Gross Profit": NaN,
        "Operating Income": 308,
        "EBIT": 389,
        "Net Income": 254
    },
    "2015-11-30": {
        "Diluted EPS": 0.44,
        "Total Revenue": NaN,
        "Gross Profit": NaN,
        "Operating Income": 290,
        "EBIT": 377,
        "Net Income": 223
    },
    "2015-08-31": {
        "Diluted EPS": 0.34,
        "Total Revenue": NaN,
        "Gross Profit": NaN,
        "Operating Income": 246,
        "EBIT": 334,
        "Net Income": 174
    },
    "2015-05-31": {
        "Diluted EPS": 0.29,
        "Total Revenue": NaN,
        "Gross Profit": 977,
        "Operating Income": 194,
        "EBIT": 280,
        "Net Income": 147
    },
    "2015-02-28": {
        "Diluted EPS": 0.17,
        "Total Revenue": NaN,
        "Gross Profit": 942,
        "Operating Income": 173,
        "EBIT": 253,
        "Net Income": 85
    },
    "2014-11-30": {
        "Diluted EPS": 0.18,
        "Total Revenue": NaN,
        "Gross Profit": 912,
        "Operating Income": 125,
        "EBIT": 203,
        "Net Income": 88
    },
    "2014-08-31": {
        "Diluted EPS": 0.09,
        "Total Revenue": NaN,
        "Gross Profit": 848,
        "Operating Income": 74,
        "EBIT": 154,
        "Net Income": 45
    },
    "2014-05-31": {
        "Diluted EPS": 0.17,
        "Total Revenue": NaN,
        "Gross Profit": 913,
        "Operating Income": 135,
        "EBIT": 213,
        "Net Income": 89
    },
    "2014-02-28": {
        "Diluted EPS": 0.09,
        "Total Revenue": NaN,
        "Gross Profit": 852,
        "Operating Income": 79,
        "EBIT": 156,
        "Net Income": 47
    },
    "2013-11-30": {
        "Diluted EPS": 0.12,
        "Total Revenue": NaN,
        "Gross Profit": 894,
        "Operating Income": 103,
        "EBIT": 184,
        "Net Income": 65
    },
    "2013-08-31": {
        "Diluted EPS": 0.16,
        "Total Revenue": 995,
        "Gross Profit": 848,
        "Operating Income": 110,
        "EBIT": 193,
        "Net Income": 83
    },
    "2013-05-31": {
        "Diluted EPS": 0.15,
        "Total Revenue": NaN,
        "Gross Profit": 875,
        "Operating Income": 111,
        "EBIT": 192,
        "Net Income": 77
    },
    "2013-02-28": {
        "Diluted EPS": 0.13,
        "Total Revenue": NaN,
        "Gross Profit": 851,
        "Operating Income": 98,
        "EBIT": 175,
        "Net Income": 65
    },
    "2012-11-30": {
        "Diluted EPS": 0.44,
        "Total Revenue": NaN,
        "Gross Profit": NaN,
        "Operating Income": 308,
        "EBIT": 386,
        "Net Income": 222
    },
    "2012-08-31": {
        "Diluted EPS": 0.4,
        "Total Revenue": NaN,
        "Gross Profit": 961,
        "Operating Income": 278,
        "EBIT": 352,
        "Net Income": 201
    },
    "2012-05-31": {
        "Diluted EPS": 0.45,
        "Total Revenue": NaN,
        "Gross Profit": 994,
        "Operating Income": 305,
        "EBIT": 382,
        "Net Income": 224
    },
    "2012-02-29": {
        "Diluted EPS": 0.37,
        "Total Revenue": NaN,
        "Gross Profit": 937,
        "Operating Income": 289,
        "EBIT": 359,
        "Net Income": 185
    },
    "2011-11-30": {
        "Diluted EPS": 0.35,
        "Total Revenue": NaN,
        "Gross Profit": NaN,
        "Operating Income": 246,
        "EBIT": 319,
        "Net Income": 174
    },
    "2011-08-31": {
        "Diluted EPS": 0.39,
        "Total Revenue": NaN,
        "Gross Profit": 909,
        "Operating Income": 274,
        "EBIT": 338,
        "Net Income": 195
    },
    "2011-05-31": {
        "Diluted EPS": 0.45,
        "Total Revenue": NaN,
        "Gross Profit": 914,
        "Operating Income": 277,
        "EBIT": 343,
        "Net Income": 229
    },
    "2011-02-28": {
        "Diluted EPS": 0.46,
        "Total Revenue": NaN,
        "Gross Profit": 920,
        "Operating Income": 302,
        "EBIT": 369,
        "Net Income": 235
    },
    "2010-11-30": {
        "Diluted EPS": 0.51,
        "Total Revenue": NaN,
        "Gross Profit": 901,
        "Operating Income": 287,
        "EBIT": 363,
        "Net Income": 269
    },
    "2010-08-31": {
        "Diluted EPS": 0.44,
        "Total Revenue": 990,
        "Gross Profit": 891,
        "Operating Income": 302,
        "EBIT": 375,
        "Net Income": 230
    },
    "2010-05-31": {
        "Diluted EPS": 0.28,
        "Total Revenue": 943,
        "Gross Profit": 835,
        "Operating Income": 227,
        "EBIT": 302,
        "Net Income": 149
    },
    "2010-02-28": {
        "Diluted EPS": 0.24,
        "Total Revenue": 859,
        "Gross Profit": 769,
        "Operating Income": 177,
        "EBIT": 245,
        "Net Income": 127
    },
    "2009-11-30": {
        "Diluted EPS": -0.07,
        "Total Revenue": 757,
        "Gross Profit": 675,
        "Operating Income": 154,
        "EBIT": 239,
        "Net Income": -32
    },
    "2009-08-31": {
        "Diluted EPS": 0.26,
        "Total Revenue": 698,
        "Gross Profit": 632,
        "Operating Income": 168,
        "EBIT": 232,
        "Net Income": 136
    },
    "2009-05-31": {
        "Diluted EPS": 0.24,
        "Total Revenue": 705,
        "Gross Profit": 633,
        "Operating Income": 161,
        "EBIT": 226,
        "Net Income": 126
    },
    "2009-02-28": {
        "Diluted EPS": 0.3,
        "Total Revenue": 786,
        "Gross Profit": 709,
        "Operating Income": 208,
        "EBIT": 277,
        "Net Income": 156
    },
    "2023-08-31": {
        "Tax Effect Of Unusual Items": NaN,
        "Tax Rate For Calcs": NaN,
        "Normalized EBITDA": NaN,
        "Total Unusual Items": NaN,
        "Total Unusual Items Excluding Goodwill": NaN,
        "Net Income From Continuing Operation Net Minority Interest": NaN,
        "Reconciled Depreciation": NaN,
        "Reconciled Cost Of Revenue": NaN,
        "EBITDA": NaN,
        "EBIT": NaN,
        "Net Interest Income": NaN,
        "Interest Expense": NaN,
        "Normalized Income": NaN,
        "Net Income From Continuing And Discontinued Operation": NaN,
        "Total Expenses": NaN,
        "Total Operating Income As Reported": NaN,
        "Diluted Average Shares": 459000000.0,
        "Basic Average Shares": 456000000.0,
        "Diluted EPS": 3.05,
        "Basic EPS": 3.07,
        "Diluted NI Availto Com Stockholders": NaN,
        "Net Income Common Stockholders": NaN,
        "Net Income": NaN,
        "Net Income Including Noncontrolling Interests": NaN,
        "Net Income Continuous Operations": NaN,
        "Tax Provision": NaN,
        "Pretax Income": NaN,
        "Other Income Expense": NaN,
        "Other Non Operating Income Expenses": 67000000.0,
        "Special Income Charges": 0.0,
        "Other Special Charges": NaN,
        "Restructuring And Mergern Acquisition": 0.0,
        "Gain On Sale Of Security": NaN,
        "Net Non Operating Interest Income Expense": NaN,
        "Interest Expense Non Operating": NaN,
        "Operating Income": NaN,
        "Operating Expense": NaN,
        "Depreciation Amortization Depletion Income Statement": NaN,
        "Depreciation And Amortization In Income Statement": NaN,
        "Amortization": NaN,
        "Amortization Of Intangibles Income Statement": NaN,
        "Research And Development": NaN,
        "Selling General And Administration": NaN,
        "Selling And Marketing Expense": NaN,
        "General And Administrative Expense": NaN,
        "Other Gand A": NaN,
        "Gross Profit": NaN,
        "Cost Of Revenue": NaN,
        "Total Revenue": NaN,
        "Operating Revenue": NaN
    },
    "2023-11-30": {
        "Tax Effect Of Unusual Items": -3595132.743363,
        "Tax Rate For Calcs": 0.179757,
        "Normalized EBITDA": 2078000000.0,
        "Total Unusual Items": -20000000.0,
        "Total Unusual Items Excluding Goodwill": -20000000.0,
        "Net Income From Continuing Operation Net Minority Interest": 1483000000.0,
        "Reconciled Depreciation": 222000000.0,
        "Reconciled Cost Of Revenue": 454000000.0,
        "EBITDA": 2058000000.0,
        "EBIT": 1836000000.0,
        "Net Interest Income": 241000000.0,
        "Interest Expense": 28000000.0,
        "Normalized Income": 1499404867.256637,
        "Net Income From Continuing And Discontinued Operation": 1483000000.0,
        "Total Expenses": 3305000000.0,
        "Total Operating Income As Reported": 1743000000.0,
        "Diluted Average Shares": 459000000.0,
        "Basic Average Shares": 455000000.0,
        "Diluted EPS": 3.23,
        "Basic EPS": 3.26,
        "Diluted NI Availto Com Stockholders": 1483000000.0,
        "Net Income Common Stockholders": 1483000000.0,
        "Net Income": 1483000000.0,
        "Net Income Including Noncontrolling Interests": 1483000000.0,
        "Net Income Continuous Operations": 1483000000.0,
        "Tax Provision": 325000000.0,
        "Pretax Income": 1808000000.0,
        "Other Income Expense": -176000000.0,
        "Other Non Operating Income Expenses": -156000000.0,
        "Special Income Charges": NaN,
        "Other Special Charges": NaN,
        "Restructuring And Mergern Acquisition": NaN,
        "Gain On Sale Of Security": -20000000.0,
        "Net Non Operating Interest Income Expense": 241000000.0,
        "Interest Expense Non Operating": 28000000.0,
        "Operating Income": 1743000000.0,
        "Operating Expense": 2671000000.0,
        "Depreciation Amortization Depletion Income Statement": 42000000.0,
        "Depreciation And Amortization In Income Statement": 42000000.0,
        "Amortization": 42000000.0,
        "Amortization Of Intangibles Income Statement": 42000000.0,
        "Research And Development": 889000000.0,
        "Selling General And Administration": 1740000000.0,
        "Selling And Marketing Expense": 1368000000.0,
        "General And Administrative Expense": 372000000.0,
        "Other Gand A": 372000000.0,
        "Gross Profit": 4414000000.0,
        "Cost Of Revenue": 634000000.0,
        "Total Revenue": 5048000000.0,
        "Operating Revenue": 5048000000.0
    },
    "2024-02-29": {
        "Tax Effect Of Unusual Items": -353520000.0,
        "Tax Rate For Calcs": 0.36,
        "Normalized EBITDA": 2189000000.0,
        "Total Unusual Items": -982000000.0,
        "Total Unusual Items Excluding Goodwill": -982000000.0,
        "Net Income From Continuing Operation Net Minority Interest": 620000000.0,
        "Reconciled Depreciation": 212000000.0,
        "Reconciled Cost Of Revenue": 420000000.0,
        "EBITDA": 1207000000.0,
        "EBIT": 995000000.0,
        "Net Interest Income": -27000000.0,
        "Interest Expense": 27000000.0,
        "Normalized Income": 1248480000.0,
        "Net Income From Continuing And Discontinued Operation": 620000000.0,
        "Total Expenses": 3275000000.0,
        "Total Operating Income As Reported": 907000000.0,
        "Diluted Average Shares": 456000000.0,
        "Basic Average Shares": 453000000.0,
        "Diluted EPS": 1.36,
        "Basic EPS": 1.37,
        "Diluted NI Availto Com Stockholders": 620000000.0,
        "Net Income Common Stockholders": 620000000.0,
        "Net Income": 620000000.0,
        "Net Income Including Noncontrolling Interests": 620000000.0,
        "Net Income Continuous Operations": 620000000.0,
        "Tax Provision": 348000000.0,
        "Pretax Income": 968000000.0,
        "Other Income Expense": -912000000.0,
        "Other Non Operating Income Expenses": 70000000.0,
        "Special Income Charges": -1000000000.0,
        "Other Special Charges": 1000000000.0,
        "Restructuring And Mergern Acquisition": 1000000000.0,
        "Gain On Sale Of Security": 18000000.0,
        "Net Non Operating Interest Income Expense": -27000000.0,
        "Interest Expense Non Operating": 27000000.0,
        "Operating Income": 1907000000.0,
        "Operating Expense": 2685000000.0,
        "Depreciation Amortization Depletion Income Statement": 42000000.0,
        "Depreciation And Amortization In Income Statement": 42000000.0,
        "Amortization": 42000000.0,
        "Amortization Of Intangibles Income Statement": 42000000.0,
        "Research And Development": 939000000.0,
        "Selling General And Administration": 1704000000.0,
        "Selling And Marketing Expense": 1352000000.0,
        "General And Administrative Expense": 352000000.0,
        "Other Gand A": 352000000.0,
        "Gross Profit": 4592000000.0,
        "Cost Of Revenue": 590000000.0,
        "Total Revenue": 5182000000.0,
        "Operating Revenue": 5182000000.0
    },
    "2024-05-31": {
        "Tax Effect Of Unusual Items": 720000.0,
        "Tax Rate For Calcs": 0.18,
        "Normalized EBITDA": 2181000000.0,
        "Total Unusual Items": 4000000.0,
        "Total Unusual Items Excluding Goodwill": 4000000.0,
        "Net Income From Continuing Operation Net Minority Interest": 1573000000.0,
        "Reconciled Depreciation": 214000000.0,
        "Reconciled Cost Of Revenue": 426000000.0,
        "EBITDA": 2185000000.0,
        "EBIT": 1971000000.0,
        "Net Interest Income": -41000000.0,
        "Interest Expense": 41000000.0,
        "Normalized Income": 1569720000.0,
        "Net Income From Continuing And Discontinued Operation": 1573000000.0,
        "Total Expenses": 3424000000.0,
        "Total Operating Income As Reported": 1885000000.0,
        "Diluted Average Shares": 451000000.0,
        "Basic Average Shares": 449000000.0,
        "Diluted EPS": 3.49,
        "Basic EPS": 3.5,
        "Diluted NI Availto Com Stockholders": 1573000000.0,
        "Net Income Common Stockholders": 1573000000.0,
        "Net Income": 1573000000.0,
        "Net Income Including Noncontrolling Interests": 1573000000.0,
        "Net Income Continuous Operations": 1573000000.0,
        "Tax Provision": 357000000.0,
        "Pretax Income": 1930000000.0,
        "Other Income Expense": 86000000.0,
        "Other Non Operating Income Expenses": 82000000.0,
        "Special Income Charges": 0.0,
        "Other Special Charges": NaN,
        "Restructuring And Mergern Acquisition": 0.0,
        "Gain On Sale Of Security": 4000000.0,
        "Net Non Operating Interest Income Expense": -41000000.0,
        "Interest Expense Non Operating": 41000000.0,
        "Operating Income": 1885000000.0,
        "Operating Expense": 2826000000.0,
        "Depreciation Amortization Depletion Income Statement": 42000000.0,
        "Depreciation And Amortization In Income Statement": 42000000.0,
        "Amortization": 42000000.0,
        "Amortization Of Intangibles Income Statement": 42000000.0,
        "Research And Development": 984000000.0,
        "Selling General And Administration": 1800000000.0,
        "Selling And Marketing Expense": 1445000000.0,
        "General And Administrative Expense": 355000000.0,
        "Other Gand A": 355000000.0,
        "Gross Profit": 4711000000.0,
        "Cost Of Revenue": 598000000.0,
        "Total Revenue": 5309000000.0,
        "Operating Revenue": 5309000000.0
    },
    "2024-08-31": {
        "Tax Effect Of Unusual Items": 2160000.0,
        "Tax Rate For Calcs": 0.18,
        "Normalized EBITDA": 2294000000.0,
        "Total Unusual Items": 12000000.0,
        "Total Unusual Items Excluding Goodwill": 12000000.0,
        "Net Income From Continuing Operation Net Minority Interest": 1684000000.0,
        "Reconciled Depreciation": 213000000.0,
        "Reconciled Cost Of Revenue": 384000000.0,
        "EBITDA": 2306000000.0,
        "EBIT": 2093000000.0,
        "Net Interest Income": -51000000.0,
        "Interest Expense": 51000000.0,
        "Normalized Income": 1674160000.0,
        "Net Income From Continuing And Discontinued Operation": 1684000000.0,
        "Total Expenses": 3416000000.0,
        "Total Operating Income As Reported": 1992000000.0,
        "Diluted Average Shares": 448000000.0,
        "Basic Average Shares": 445000000.0,
        "Diluted EPS": 3.76,
        "Basic EPS": 3.78,
        "Diluted NI Availto Com Stockholders": 1684000000.0,
        "Net Income Common Stockholders": 1684000000.0,
        "Net Income": 1684000000.0,
        "Net Income Including Noncontrolling Interests": 1684000000.0,
        "Net Income Continuous Operations": 1684000000.0,
        "Tax Provision": 358000000.0,
        "Pretax Income": 2042000000.0,
        "Other Income Expense": 101000000.0,
        "Other Non Operating Income Expenses": 89000000.0,
        "Special Income Charges": 0.0,
        "Other Special Charges": NaN,
        "Restructuring And Mergern Acquisition": 0.0,
        "Gain On Sale Of Security": 12000000.0,
        "Net Non Operating Interest Income Expense": -51000000.0,
        "Interest Expense Non Operating": 51000000.0,
        "Operating Income": 1992000000.0,
        "Operating Expense": 2862000000.0,
        "Depreciation Amortization Depletion Income Statement": 43000000.0,
        "Depreciation And Amortization In Income Statement": 43000000.0,
        "Amortization": 43000000.0,
        "Amortization Of Intangibles Income Statement": 43000000.0,
        "Research And Development": 1022000000.0,
        "Selling General And Administration": 1797000000.0,
        "Selling And Marketing Expense": 1431000000.0,
        "General And Administrative Expense": 366000000.0,
        "Other Gand A": 366000000.0,
        "Gross Profit": 4854000000.0,
        "Cost Of Revenue": 554000000.0,
        "Total Revenue": 5408000000.0,
        "Operating Revenue": 5408000000.0
    },
    "2024-11-30": {
        "Tax Effect Of Unusual Items": -2475138.121547,
        "Tax Rate For Calcs": 0.154696,
        "Normalized EBITDA": 2275000000.0,
        "Total Unusual Items": -16000000.0,
        "Total Unusual Items Excluding Goodwill": -16000000.0,
        "Net Income From Continuing Operation Net Minority Interest": 1683000000.0,
        "Reconciled Depreciation": 218000000.0,
        "Reconciled Cost Of Revenue": 440000000.0,
        "EBITDA": 2259000000.0,
        "EBIT": 2041000000.0,
        "Net Interest Income": 291000000.0,
        "Interest Expense": 50000000.0,
        "Normalized Income": 1696524861.878453,
        "Net Income From Continuing And Discontinued Operation": 1683000000.0,
        "Total Expenses": 3649000000.0,
        "Total Operating Income As Reported": 1957000000.0,
        "Diluted Average Shares": NaN,
        "Basic Average Shares": NaN,
        "Diluted EPS": NaN,
        "Basic EPS": NaN,
        "Diluted NI Availto Com Stockholders": 1683000000.0,
        "Net Income Common Stockholders": 1683000000.0,
        "Net Income": 1683000000.0,
        "Net Income Including Noncontrolling Interests": 1683000000.0,
        "Net Income Continuous Operations": 1683000000.0,
        "Tax Provision": 308000000.0,
        "Pretax Income": 1991000000.0,
        "Other Income Expense": -257000000.0,
        "Other Non Operating Income Expenses": NaN,
        "Special Income Charges": 0.0,
        "Other Special Charges": NaN,
        "Restructuring And Mergern Acquisition": 0.0,
        "Gain On Sale Of Security": -16000000.0,
        "Net Non Operating Interest Income Expense": 291000000.0,
        "Interest Expense Non Operating": 50000000.0,
        "Operating Income": 1957000000.0,
        "Operating Expense": 3033000000.0,
        "Depreciation Amortization Depletion Income Statement": 42000000.0,
        "Depreciation And Amortization In Income Statement": 42000000.0,
        "Amortization": 42000000.0,
        "Amortization Of Intangibles Income Statement": 42000000.0,
        "Research And Development": 999000000.0,
        "Selling General And Administration": 1992000000.0,
        "Selling And Marketing Expense": 1536000000.0,
        "General And Administrative Expense": 456000000.0,
        "Other Gand A": 456000000.0,
        "Gross Profit": 4990000000.0,
        "Cost Of Revenue": 616000000.0,
        "Total Revenue": 5606000000.0,
        "Operating Revenue": 5606000000.0
    }
}