{
    "2023-03-31": {
        "Tax Effect Of Unusual Items": NaN,
        "Tax Rate For Calcs": NaN,
        "Normalized EBITDA": NaN,
        "Total Unusual Items": NaN,
        "Total Unusual Items Excluding Goodwill": NaN,
        "Net Income From Continuing Operation Net Minority Interest": NaN,
        "Reconciled Depreciation": NaN,
        "Reconciled Cost Of Revenue": NaN,
        "EBITDA": NaN,
        "EBIT": NaN,
        "Net Interest Income": NaN,
        "Interest Expense": NaN,
        "Interest Income": NaN,
        "Normalized Income": NaN,
        "Net Income From Continuing And Discontinued Operation": NaN,
        "Total Expenses": NaN,
        "Total Operating Income As Reported": NaN,
        "Diluted Average Shares": NaN,
        "Basic Average Shares": NaN,
        "Diluted EPS": NaN,
        "Basic EPS": NaN,
        "Diluted NI Availto Com Stockholders": NaN,
        "Net Income Common Stockholders": NaN,
        "Net Income": NaN,
        "Net Income Including Noncontrolling Interests": NaN,
        "Net Income Continuous Operations": NaN,
        "Earnings From Equity Interest Net Of Tax": NaN,
        "Tax Provision": NaN,
        "Pretax Income": NaN,
        "Other Income Expense": NaN,
        "Other Non Operating Income Expenses": NaN,
        "Special Income Charges": NaN,
        "Earnings From Equity Interest": -1363000.0,
        "Gain On Sale Of Security": NaN,
        "Net Non Operating Interest Income Expense": NaN,
        "Interest Expense Non Operating": NaN,
        "Interest Income Non Operating": NaN,
        "Operating Income": NaN,
        "Operating Expense": NaN,
        "Other Operating Expenses": NaN,
        "Other Taxes": NaN,
        "Research And Development": NaN,
        "Selling General And Administration": NaN,
        "Selling And Marketing Expense": NaN,
        "General And Administrative Expense": NaN,
        "Other Gand A": NaN,
        "Salaries And Wages": NaN,
        "Gross Profit": NaN,
        "Cost Of Revenue": NaN,
        "Total Revenue": NaN,
        "Operating Revenue": NaN
    },
    "2022-12-31": {
        "Tax Effect Of Unusual Items": NaN,
        "Tax Rate For Calcs": NaN,
        "Normalized EBITDA": NaN,
        "Total Unusual Items": NaN,
        "Total Unusual Items Excluding Goodwill": NaN,
        "Net Income From Continuing Operation Net Minority Interest": NaN,
        "Reconciled Depreciation": NaN,
        "Reconciled Cost Of Revenue": NaN,
        "EBITDA": NaN,
        "EBIT": NaN,
        "Net Interest Income": NaN,
        "Interest Expense": NaN,
        "Interest Income": NaN,
        "Normalized Income": NaN,
        "Net Income From Continuing And Discontinued Operation": NaN,
        "Total Expenses": NaN,
        "Total Operating Income As Reported": NaN,
        "Diluted Average Shares": NaN,
        "Basic Average Shares": NaN,
        "Diluted EPS": NaN,
        "Basic EPS": NaN,
        "Diluted NI Availto Com Stockholders": NaN,
        "Net Income Common Stockholders": NaN,
        "Net Income": NaN,
        "Net Income Including Noncontrolling Interests": NaN,
        "Net Income Continuous Operations": NaN,
        "Earnings From Equity Interest Net Of Tax": NaN,
        "Tax Provision": NaN,
        "Pretax Income": NaN,
        "Other Income Expense": NaN,
        "Other Non Operating Income Expenses": NaN,
        "Special Income Charges": 0.0,
        "Other Special Charges": 0.0,
        "Earnings From Equity Interest": -3535000.0,
        "Gain On Sale Of Security": NaN,
        "Net Non Operating Interest Income Expense": NaN,
        "Interest Expense Non Operating": NaN,
        "Interest Income Non Operating": NaN,
        "Operating Income": NaN,
        "Operating Expense": NaN,
        "Other Operating Expenses": NaN,
        "Other Taxes": NaN,
        "Research And Development": NaN,
        "Selling General And Administration": NaN,
        "Selling And Marketing Expense": NaN,
        "General And Administrative Expense": NaN,
        "Other Gand A": NaN,
        "Salaries And Wages": NaN,
        "Gross Profit": NaN,
        "Cost Of Revenue": NaN,
        "Total Revenue": NaN,
        "Operating Revenue": NaN
    },
    "2022-09-30": {
        "Tax Effect Of Unusual Items": NaN,
        "Tax Rate For Calcs": NaN,
        "Normalized EBITDA": NaN,
        "Total Unusual Items": NaN,
        "Total Unusual Items Excluding Goodwill": NaN,
        "Net Income From Continuing Operation Net Minority Interest": NaN,
        "Reconciled Depreciation": NaN,
        "Reconciled Cost Of Revenue": NaN,
        "EBITDA": NaN,
        "EBIT": NaN,
        "Net Interest Income": NaN,
        "Interest Expense": NaN,
        "Interest Income": NaN,
        "Normalized Income": NaN,
        "Net Income From Continuing And Discontinued Operation": NaN,
        "Total Expenses": NaN,
        "Total Operating Income As Reported": NaN,
        "Diluted Average Shares": NaN,
        "Basic Average Shares": NaN,
        "Diluted EPS": NaN,
        "Basic EPS": NaN,
        "Diluted NI Availto Com Stockholders": NaN,
        "Net Income Common Stockholders": NaN,
        "Net Income": NaN,
        "Net Income Including Noncontrolling Interests": NaN,
        "Net Income Continuous Operations": NaN,
        "Earnings From Equity Interest Net Of Tax": NaN,
        "Tax Provision": NaN,
        "Pretax Income": NaN,
        "Other Income Expense": NaN,
        "Other Non Operating Income Expenses": NaN,
        "Special Income Charges": -42114000.0,
        "Other Special Charges": 42114000.0,
        "Earnings From Equity Interest": -2130000.0,
        "Gain On Sale Of Security": NaN,
        "Net Non Operating Interest Income Expense": NaN,
        "Interest Expense Non Operating": NaN,
        "Interest Income Non Operating": NaN,
        "Operating Income": NaN,
        "Operating Expense": NaN,
        "Other Operating Expenses": NaN,
        "Other Taxes": NaN,
        "Research And Development": NaN,
        "Selling General And Administration": NaN,
        "Selling And Marketing Expense": NaN,
        "General And Administrative Expense": NaN,
        "Other Gand A": NaN,
        "Salaries And Wages": NaN,
        "Gross Profit": NaN,
        "Cost Of Revenue": NaN,
        "Total Revenue": NaN,
        "Operating Revenue": NaN
    },
    "2022-06-30": {
        "Tax Effect Of Unusual Items": 212796.282972,
        "Tax Rate For Calcs": 0.014498,
        "Normalized EBITDA": -70612000.0,
        "Total Unusual Items": 14678000.0,
        "Total Unusual Items Excluding Goodwill": 14678000.0,
        "Net Income From Continuing Operation Net Minority Interest": -64374000.0,
        "Reconciled Depreciation": 586000.0,
        "Reconciled Cost Of Revenue": 2266000.0,
        "EBITDA": -55934000.0,
        "EBIT": -56520000.0,
        "Net Interest Income": -8785000.0,
        "Interest Expense": 8801000.0,
        "Interest Income": 16000.0,
        "Normalized Income": -78839203.717028,
        "Net Income From Continuing And Discontinued Operation": -64374000.0,
        "Total Expenses": 86702000.0,
        "Total Operating Income As Reported": -69411000.0,
        "Diluted Average Shares": 76911713.0,
        "Basic Average Shares": 76911713.0,
        "Diluted EPS": -0.84,
        "Basic EPS": -0.84,
        "Diluted NI Availto Com Stockholders": -64374000.0,
        "Net Income Common Stockholders": -64374000.0,
        "Net Income": -64374000.0,
        "Net Income Including Noncontrolling Interests": -64374000.0,
        "Net Income Continuous Operations": -64374000.0,
        "Tax Provision": -947000.0,
        "Pretax Income": -65321000.0,
        "Other Income Expense": 12875000.0,
        "Other Non Operating Income Expenses": 114000.0,
        "Special Income Charges": NaN,
        "Other Special Charges": NaN,
        "Earnings From Equity Interest": -1917000.0,
        "Gain On Sale Of Security": 14678000.0,
        "Net Non Operating Interest Income Expense": -8785000.0,
        "Interest Expense Non Operating": 8801000.0,
        "Interest Income Non Operating": 16000.0,
        "Operating Income": -69411000.0,
        "Operating Expense": 84436000.0,
        "Other Operating Expenses": NaN,
        "Research And Development": 48537000.0,
        "Selling General And Administration": 35899000.0,
        "Selling And Marketing Expense": NaN,
        "General And Administrative Expense": 35899000.0,
        "Other Gand A": 15139000.0,
        "Salaries And Wages": 20760000.0,
        "Gross Profit": 15025000.0,
        "Cost Of Revenue": 2266000.0,
        "Total Revenue": 17291000.0,
        "Operating Revenue": 17291000.0
    },
    "2022-03-31": {
        "Diluted EPS": -0.22,
        "Total Revenue": 46,
        "Gross Profit": 46,
        "Operating Income": -40,
        "EBIT": -40,
        "Net Income": -17
    },
    "2021-12-31": {
        "Diluted EPS": -0.45,
        "Total Revenue": 17,
        "Gross Profit": 16,
        "Operating Income": -63,
        "EBIT": -62,
        "Net Income": -34
    },
    "2021-09-30": {
        "Diluted EPS": -0.93,
        "Total Revenue": 13,
        "Gross Profit": 13,
        "Operating Income": -58,
        "EBIT": -57,
        "Net Income": -72
    },
    "2021-06-30": {
        "Diluted EPS": -0.95,
        "Total Revenue": 4,
        "Gross Profit": 4,
        "Operating Income": -70,
        "EBIT": -70,
        "Net Income": -73
    },
    "2021-03-31": {
        "Diluted EPS": -0.67,
        "Total Revenue": NaN,
        "Gross Profit": NaN,
        "Operating Income": -71,
        "EBIT": -70,
        "Net Income": -52
    },
    "2020-12-31": {
        "Diluted EPS": -0.62,
        "Total Revenue": NaN,
        "Gross Profit": NaN,
        "Operating Income": -78,
        "EBIT": -77,
        "Net Income": -56
    },
    "2020-09-30": {
        "Diluted EPS": -0.29,
        "Total Revenue": NaN,
        "Gross Profit": NaN,
        "Operating Income": -52,
        "EBIT": -52,
        "Net Income": -20
    },
    "2020-06-30": {
        "Diluted EPS": -2.01,
        "Total Revenue": NaN,
        "Gross Profit": NaN,
        "Operating Income": -45,
        "EBIT": -45,
        "Net Income": -127
    },
    "2020-03-31": {
        "Diluted EPS": -0.85,
        "Total Revenue": NaN,
        "Gross Profit": NaN,
        "Operating Income": -44,
        "EBIT": -43,
        "Net Income": -43
    },
    "2019-12-31": {
        "Diluted EPS": 0.0,
        "Total Revenue": NaN,
        "Gross Profit": NaN,
        "Operating Income": NaN,
        "EBIT": NaN,
        "Net Income": NaN
    },
    "2019-09-30": {
        "Diluted EPS": -0.62,
        "Total Revenue": NaN,
        "Gross Profit": NaN,
        "Operating Income": -33,
        "EBIT": -32,
        "Net Income": -31
    },
    "2019-06-30": {
        "Diluted EPS": -0.49,
        "Total Revenue": 2,
        "Gross Profit": 2,
        "Operating Income": -24,
        "EBIT": -24,
        "Net Income": -23
    },
    "2018-12-31": {
        "Diluted EPS": 0.0,
        "Total Revenue": NaN,
        "Gross Profit": NaN,
        "Operating Income": NaN,
        "EBIT": NaN,
        "Net Income": NaN
    },
    "2023-06-30": {
        "Tax Effect Of Unusual Items": NaN,
        "Tax Rate For Calcs": NaN,
        "Normalized EBITDA": NaN,
        "Total Unusual Items": NaN,
        "Total Unusual Items Excluding Goodwill": NaN,
        "Net Income From Continuing Operation Net Minority Interest": NaN,
        "Reconciled Depreciation": NaN,
        "Reconciled Cost Of Revenue": NaN,
        "EBITDA": NaN,
        "EBIT": NaN,
        "Net Interest Income": NaN,
        "Interest Expense": NaN,
        "Interest Income": NaN,
        "Normalized Income": NaN,
        "Net Income From Continuing And Discontinued Operation": NaN,
        "Total Expenses": NaN,
        "Total Operating Income As Reported": NaN,
        "Diluted Average Shares": 81471127.0,
        "Basic Average Shares": 81471127.0,
        "Diluted EPS": -0.6,
        "Basic EPS": -0.6,
        "Diluted NI Availto Com Stockholders": NaN,
        "Net Income Common Stockholders": NaN,
        "Net Income": NaN,
        "Net Income Including Noncontrolling Interests": NaN,
        "Net Income Continuous Operations": NaN,
        "Earnings From Equity Interest Net Of Tax": -767000.0,
        "Tax Provision": NaN,
        "Pretax Income": NaN,
        "Other Income Expense": NaN,
        "Other Non Operating Income Expenses": NaN,
        "Special Income Charges": NaN,
        "Earnings From Equity Interest": -767000.0,
        "Gain On Sale Of Security": NaN,
        "Net Non Operating Interest Income Expense": NaN,
        "Interest Expense Non Operating": NaN,
        "Interest Income Non Operating": NaN,
        "Operating Income": NaN,
        "Operating Expense": NaN,
        "Other Operating Expenses": 4881000.0,
        "Other Taxes": NaN,
        "Research And Development": NaN,
        "Selling General And Administration": NaN,
        "Selling And Marketing Expense": NaN,
        "General And Administrative Expense": NaN,
        "Other Gand A": NaN,
        "Salaries And Wages": NaN,
        "Gross Profit": NaN,
        "Cost Of Revenue": NaN,
        "Total Revenue": NaN,
        "Operating Revenue": NaN
    },
    "2023-09-30": {
        "Tax Effect Of Unusual Items": 73.014405,
        "Tax Rate For Calcs": 0.001872,
        "Normalized EBITDA": -31740000.0,
        "Total Unusual Items": 39000.0,
        "Total Unusual Items Excluding Goodwill": 39000.0,
        "Net Income From Continuing Operation Net Minority Interest": -46726000.0,
        "Reconciled Depreciation": 885000.0,
        "Reconciled Cost Of Revenue": 208000.0,
        "EBITDA": -31701000.0,
        "EBIT": -32586000.0,
        "Net Interest Income": -10113000.0,
        "Interest Expense": 12816000.0,
        "Interest Income": 2703000.0,
        "Normalized Income": -46764926.985595,
        "Net Income From Continuing And Discontinued Operation": -46726000.0,
        "Total Expenses": 50398000.0,
        "Total Operating Income As Reported": -36149000.0,
        "Diluted Average Shares": 82256847.0,
        "Basic Average Shares": 82256847.0,
        "Diluted EPS": -0.57,
        "Basic EPS": -0.57,
        "Diluted NI Availto Com Stockholders": -46726000.0,
        "Net Income Common Stockholders": -46726000.0,
        "Net Income": -46726000.0,
        "Net Income Including Noncontrolling Interests": -46726000.0,
        "Net Income Continuous Operations": -46726000.0,
        "Earnings From Equity Interest Net Of Tax": -1409000.0,
        "Tax Provision": -85000.0,
        "Pretax Income": -45402000.0,
        "Other Income Expense": 616000.0,
        "Other Non Operating Income Expenses": 577000.0,
        "Special Income Charges": 0.0,
        "Earnings From Equity Interest": -1409000.0,
        "Gain On Sale Of Security": 39000.0,
        "Net Non Operating Interest Income Expense": -10113000.0,
        "Interest Expense Non Operating": 12816000.0,
        "Interest Income Non Operating": 2703000.0,
        "Operating Income": -35905000.0,
        "Operating Expense": 50190000.0,
        "Other Operating Expenses": NaN,
        "Other Taxes": -244000.0,
        "Research And Development": 27080000.0,
        "Selling General And Administration": 23354000.0,
        "Selling And Marketing Expense": 8035000.0,
        "General And Administrative Expense": 15319000.0,
        "Other Gand A": 4209000.0,
        "Salaries And Wages": 11110000.0,
        "Gross Profit": 14285000.0,
        "Cost Of Revenue": 208000.0,
        "Total Revenue": 14493000.0,
        "Operating Revenue": 14493000.0
    },
    "2023-12-31": {
        "Tax Effect Of Unusual Items": -4845.0,
        "Tax Rate For Calcs": 0.085,
        "Normalized EBITDA": -25368000.0,
        "Total Unusual Items": -57000.0,
        "Total Unusual Items Excluding Goodwill": -57000.0,
        "Net Income From Continuing Operation Net Minority Interest": -85703000.0,
        "Reconciled Depreciation": 1011000.0,
        "Reconciled Cost Of Revenue": 254000.0,
        "EBITDA": -25425000.0,
        "EBIT": -26436000.0,
        "Net Interest Income": -4385000.0,
        "Interest Expense": 7675000.0,
        "Interest Income": 3290000.0,
        "Normalized Income": -85650845.0,
        "Net Income From Continuing And Discontinued Operation": -85703000.0,
        "Total Expenses": 53775000.0,
        "Total Operating Income As Reported": -37221000.0,
        "Diluted Average Shares": NaN,
        "Basic Average Shares": NaN,
        "Diluted EPS": NaN,
        "Basic EPS": NaN,
        "Diluted NI Availto Com Stockholders": -85703000.0,
        "Net Income Common Stockholders": -85703000.0,
        "Net Income": -85703000.0,
        "Net Income Including Noncontrolling Interests": -85703000.0,
        "Net Income Continuous Operations": -85703000.0,
        "Earnings From Equity Interest Net Of Tax": NaN,
        "Tax Provision": 46064000.0,
        "Pretax Income": -34111000.0,
        "Other Income Expense": 7259000.0,
        "Other Non Operating Income Expenses": 3777000.0,
        "Special Income Charges": 0.0,
        "Earnings From Equity Interest": NaN,
        "Gain On Sale Of Security": -57000.0,
        "Net Non Operating Interest Income Expense": -4385000.0,
        "Interest Expense Non Operating": 7675000.0,
        "Interest Income Non Operating": 3290000.0,
        "Operating Income": -36985000.0,
        "Operating Expense": 53521000.0,
        "Other Operating Expenses": NaN,
        "Other Taxes": -236000.0,
        "Research And Development": 27263000.0,
        "Selling General And Administration": 26494000.0,
        "Selling And Marketing Expense": 9282000.0,
        "General And Administrative Expense": 17212000.0,
        "Other Gand A": 7216000.0,
        "Salaries And Wages": 9996000.0,
        "Gross Profit": 16536000.0,
        "Cost Of Revenue": 254000.0,
        "Total Revenue": 16790000.0,
        "Operating Revenue": 16790000.0
    },
    "2024-03-31": {
        "Tax Effect Of Unusual Items": -263925.0,
        "Tax Rate For Calcs": 0.085,
        "Normalized EBITDA": -29312000.0,
        "Total Unusual Items": -3105000.0,
        "Total Unusual Items Excluding Goodwill": -3105000.0,
        "Net Income From Continuing Operation Net Minority Interest": -46606000.0,
        "Reconciled Depreciation": 843000.0,
        "Reconciled Cost Of Revenue": 2510000.0,
        "EBITDA": -32417000.0,
        "EBIT": -33260000.0,
        "Net Interest Income": -9548000.0,
        "Interest Expense": 12496000.0,
        "Interest Income": 2948000.0,
        "Normalized Income": -43764925.0,
        "Net Income From Continuing And Discontinued Operation": -46606000.0,
        "Total Expenses": 51419000.0,
        "Total Operating Income As Reported": -33613000.0,
        "Diluted Average Shares": 82552322.0,
        "Basic Average Shares": 82552322.0,
        "Diluted EPS": -0.56,
        "Basic EPS": -0.56,
        "Diluted NI Availto Com Stockholders": -46606000.0,
        "Net Income Common Stockholders": -46606000.0,
        "Net Income": -46606000.0,
        "Net Income Including Noncontrolling Interests": -46606000.0,
        "Net Income Continuous Operations": -46606000.0,
        "Earnings From Equity Interest Net Of Tax": -687000.0,
        "Tax Provision": 163000.0,
        "Pretax Income": -45756000.0,
        "Other Income Expense": -2842000.0,
        "Other Non Operating Income Expenses": 263000.0,
        "Special Income Charges": NaN,
        "Earnings From Equity Interest": NaN,
        "Gain On Sale Of Security": -3105000.0,
        "Net Non Operating Interest Income Expense": -9548000.0,
        "Interest Expense Non Operating": 12496000.0,
        "Interest Income Non Operating": 2948000.0,
        "Operating Income": -33366000.0,
        "Operating Expense": 48909000.0,
        "Other Operating Expenses": NaN,
        "Other Taxes": -247000.0,
        "Research And Development": 25735000.0,
        "Selling General And Administration": 23421000.0,
        "Selling And Marketing Expense": 5812000.0,
        "General And Administrative Expense": 17609000.0,
        "Other Gand A": 5877000.0,
        "Salaries And Wages": 11732000.0,
        "Gross Profit": 15543000.0,
        "Cost Of Revenue": 2510000.0,
        "Total Revenue": 18053000.0,
        "Operating Revenue": 18053000.0
    },
    "2024-06-30": {
        "Tax Effect Of Unusual Items": 17340.0,
        "Tax Rate For Calcs": 0.085,
        "Normalized EBITDA": -22400000.0,
        "Total Unusual Items": 204000.0,
        "Total Unusual Items Excluding Goodwill": 204000.0,
        "Net Income From Continuing Operation Net Minority Interest": -36544000.0,
        "Reconciled Depreciation": 838000.0,
        "Reconciled Cost Of Revenue": 1217000.0,
        "EBITDA": -22196000.0,
        "EBIT": -23034000.0,
        "Net Interest Income": -9426000.0,
        "Interest Expense": 12679000.0,
        "Interest Income": 3253000.0,
        "Normalized Income": -36730660.0,
        "Net Income From Continuing And Discontinued Operation": -36544000.0,
        "Total Expenses": 46131000.0,
        "Total Operating Income As Reported": -29041000.0,
        "Diluted Average Shares": 95691245.0,
        "Basic Average Shares": 95691245.0,
        "Diluted EPS": -0.38,
        "Basic EPS": -0.38,
        "Diluted NI Availto Com Stockholders": -36544000.0,
        "Net Income Common Stockholders": -36544000.0,
        "Net Income": -36544000.0,
        "Net Income Including Noncontrolling Interests": -36544000.0,
        "Net Income Continuous Operations": -36544000.0,
        "Earnings From Equity Interest Net Of Tax": -597000.0,
        "Tax Provision": 234000.0,
        "Pretax Income": -35713000.0,
        "Other Income Expense": 2434000.0,
        "Other Non Operating Income Expenses": 2230000.0,
        "Special Income Charges": NaN,
        "Earnings From Equity Interest": NaN,
        "Gain On Sale Of Security": 204000.0,
        "Net Non Operating Interest Income Expense": -9426000.0,
        "Interest Expense Non Operating": 12679000.0,
        "Interest Income Non Operating": 3253000.0,
        "Operating Income": -28721000.0,
        "Operating Expense": 44914000.0,
        "Other Operating Expenses": NaN,
        "Other Taxes": -320000.0,
        "Research And Development": 24295000.0,
        "Selling General And Administration": 20939000.0,
        "Selling And Marketing Expense": 4850000.0,
        "General And Administrative Expense": 16089000.0,
        "Other Gand A": 3897000.0,
        "Salaries And Wages": 12192000.0,
        "Gross Profit": 16193000.0,
        "Cost Of Revenue": 1217000.0,
        "Total Revenue": 17410000.0,
        "Operating Revenue": 17410000.0
    },
    "2024-09-30": {
        "Tax Effect Of Unusual Items": 1785.0,
        "Tax Rate For Calcs": 0.085,
        "Normalized EBITDA": -29721000.0,
        "Total Unusual Items": 21000.0,
        "Total Unusual Items Excluding Goodwill": 21000.0,
        "Net Income From Continuing Operation Net Minority Interest": -43969000.0,
        "Reconciled Depreciation": 802000.0,
        "Reconciled Cost Of Revenue": 851000.0,
        "EBITDA": -29700000.0,
        "EBIT": -30502000.0,
        "Net Interest Income": -9679000.0,
        "Interest Expense": 13117000.0,
        "Interest Income": 3438000.0,
        "Normalized Income": -43988215.0,
        "Net Income From Continuing And Discontinued Operation": -43969000.0,
        "Total Expenses": 53761000.0,
        "Total Operating Income As Reported": -35564000.0,
        "Diluted Average Shares": 104824877.0,
        "Basic Average Shares": 104824877.0,
        "Diluted EPS": -0.42,
        "Basic EPS": -0.42,
        "Diluted NI Availto Com Stockholders": -43969000.0,
        "Net Income Common Stockholders": -43969000.0,
        "Net Income": -43969000.0,
        "Net Income Including Noncontrolling Interests": -43969000.0,
        "Net Income Continuous Operations": -43969000.0,
        "Earnings From Equity Interest Net Of Tax": -260000.0,
        "Tax Provision": 90000.0,
        "Pretax Income": -43619000.0,
        "Other Income Expense": 1357000.0,
        "Other Non Operating Income Expenses": 1336000.0,
        "Special Income Charges": NaN,
        "Earnings From Equity Interest": NaN,
        "Gain On Sale Of Security": 21000.0,
        "Net Non Operating Interest Income Expense": -9679000.0,
        "Interest Expense Non Operating": 13117000.0,
        "Interest Income Non Operating": 3438000.0,
        "Operating Income": -35297000.0,
        "Operating Expense": 52910000.0,
        "Other Operating Expenses": NaN,
        "Other Taxes": -267000.0,
        "Research And Development": 32502000.0,
        "Selling General And Administration": 20675000.0,
        "Selling And Marketing Expense": 5056000.0,
        "General And Administrative Expense": 15619000.0,
        "Other Gand A": 3901000.0,
        "Salaries And Wages": 11718000.0,
        "Gross Profit": 17613000.0,
        "Cost Of Revenue": 851000.0,
        "Total Revenue": 18464000.0,
        "Operating Revenue": 18464000.0
    }
}