{
    "2023-03-31": {
        "Tax Effect Of Unusual Items": 0.0,
        "Tax Rate For Calcs": 0.0,
        "Normalized EBITDA": -2268634.0,
        "Total Unusual Items": -14000.0,
        "Total Unusual Items Excluding Goodwill": -14000.0,
        "Net Income From Continuing Operation Net Minority Interest": -2239883.0,
        "Reconciled Depreciation": 141.0,
        "EBITDA": -2268634.0,
        "EBIT": -2268775.0,
        "Net Interest Income": 28892.0,
        "Interest Income": 28892.0,
        "Normalized Income": -2239883.0,
        "Net Income From Continuing And Discontinued Operation": -2905836.0,
        "Total Expenses": 2268775.0,
        "Total Operating Income As Reported": -2268775.0,
        "Diluted Average Shares": 1058542.0,
        "Basic Average Shares": 1058542.0,
        "Diluted EPS": -2.75,
        "Basic EPS": -2.75,
        "Diluted NI Availto Com Stockholders": -2905836.0,
        "Net Income Common Stockholders": -2905836.0,
        "Net Income": -2905836.0,
        "Net Income Including Noncontrolling Interests": -2905836.0,
        "Net Income Discontinuous Operations": -665953.0,
        "Net Income Continuous Operations": -2239883.0,
        "Tax Provision": 0.0,
        "Pretax Income": -2239883.0,
        "Other Income Expense": -14000.0,
        "Other Non Operating Income Expenses": NaN,
        "Special Income Charges": -14000.0,
        "Restructuring And Mergern Acquisition": 14000.0,
        "Earnings From Equity Interest": 0.0,
        "Gain On Sale Of Security": NaN,
        "Net Non Operating Interest Income Expense": 28892.0,
        "Interest Income Non Operating": 28892.0,
        "Operating Income": -2268775.0,
        "Operating Expense": 2268775.0,
        "Research And Development": 365616.0,
        "Selling General And Administration": 1903159.0,
        "General And Administrative Expense": 1903159.0,
        "Other Gand A": 1903159.0,
        "Salaries And Wages": NaN,
        "Total Revenue": 0.0,
        "Operating Revenue": 0.0
    },
    "2022-12-31": {
        "Tax Effect Of Unusual Items": 56.902264,
        "Tax Rate For Calcs": 0.000175,
        "Normalized EBITDA": -3549472.0,
        "Total Unusual Items": 325000.0,
        "Total Unusual Items Excluding Goodwill": 325000.0,
        "Net Income From Continuing Operation Net Minority Interest": -2866695.0,
        "Reconciled Depreciation": 15546.0,
        "EBITDA": -3224472.0,
        "EBIT": -3240018.0,
        "Net Interest Income": 47821.0,
        "Interest Income": 47821.0,
        "Normalized Income": -3191638.097736,
        "Net Income From Continuing And Discontinued Operation": -2866695.0,
        "Total Expenses": 3240018.0,
        "Total Operating Income As Reported": -3240018.0,
        "Diluted Average Shares": NaN,
        "Basic Average Shares": NaN,
        "Diluted EPS": NaN,
        "Basic EPS": NaN,
        "Diluted NI Availto Com Stockholders": -2866695.0,
        "Net Income Common Stockholders": -2866695.0,
        "Net Income": -2866695.0,
        "Net Income Including Noncontrolling Interests": -2866695.0,
        "Net Income Discontinuous Operations": NaN,
        "Net Income Continuous Operations": -2866695.0,
        "Tax Provision": -502.0,
        "Pretax Income": -2867197.0,
        "Other Income Expense": 325000.0,
        "Other Non Operating Income Expenses": NaN,
        "Special Income Charges": 325000.0,
        "Restructuring And Mergern Acquisition": -325000.0,
        "Earnings From Equity Interest": NaN,
        "Gain On Sale Of Security": NaN,
        "Net Non Operating Interest Income Expense": 47821.0,
        "Interest Income Non Operating": 47821.0,
        "Operating Income": -3240018.0,
        "Operating Expense": 3240018.0,
        "Research And Development": 1136974.0,
        "Selling General And Administration": 2103044.0,
        "General And Administrative Expense": 2103044.0,
        "Other Gand A": 2103044.0,
        "Salaries And Wages": NaN,
        "Total Revenue": 0.0,
        "Operating Revenue": 0.0
    },
    "2022-09-30": {
        "Tax Effect Of Unusual Items": NaN,
        "Tax Rate For Calcs": NaN,
        "Normalized EBITDA": NaN,
        "Total Unusual Items": 75000.0,
        "Total Unusual Items Excluding Goodwill": 75000.0,
        "Net Income From Continuing Operation Net Minority Interest": NaN,
        "Reconciled Depreciation": NaN,
        "EBITDA": NaN,
        "EBIT": NaN,
        "Net Interest Income": NaN,
        "Interest Income": NaN,
        "Normalized Income": NaN,
        "Net Income From Continuing And Discontinued Operation": NaN,
        "Total Expenses": NaN,
        "Total Operating Income As Reported": NaN,
        "Diluted Average Shares": 1028982.0,
        "Basic Average Shares": 1028982.0,
        "Diluted EPS": -3.02,
        "Basic EPS": -3.02,
        "Diluted NI Availto Com Stockholders": NaN,
        "Net Income Common Stockholders": NaN,
        "Net Income": NaN,
        "Net Income Including Noncontrolling Interests": NaN,
        "Net Income Discontinuous Operations": -558199.0,
        "Net Income Continuous Operations": NaN,
        "Tax Provision": NaN,
        "Pretax Income": NaN,
        "Other Income Expense": 75000.0,
        "Other Non Operating Income Expenses": NaN,
        "Special Income Charges": 75000.0,
        "Restructuring And Mergern Acquisition": -75000.0,
        "Earnings From Equity Interest": NaN,
        "Gain On Sale Of Security": NaN,
        "Net Non Operating Interest Income Expense": NaN,
        "Interest Income Non Operating": NaN,
        "Operating Income": NaN,
        "Operating Expense": NaN,
        "Research And Development": NaN,
        "Selling General And Administration": NaN,
        "General And Administrative Expense": NaN,
        "Other Gand A": NaN,
        "Salaries And Wages": NaN,
        "Total Revenue": NaN,
        "Operating Revenue": NaN
    },
    "2022-06-30": {
        "Tax Effect Of Unusual Items": 0.0,
        "Tax Rate For Calcs": 0.0,
        "Normalized EBITDA": -3791480.0,
        "Total Unusual Items": -24000.0,
        "Total Unusual Items Excluding Goodwill": -24000.0,
        "Net Income From Continuing Operation Net Minority Interest": -3847532.0,
        "Reconciled Depreciation": 14982.0,
        "EBITDA": -3815480.0,
        "EBIT": -3830462.0,
        "Net Interest Income": 6930.0,
        "Interest Income": 6930.0,
        "Normalized Income": -3823532.0,
        "Net Income From Continuing And Discontinued Operation": -3847532.0,
        "Total Expenses": 3830462.0,
        "Total Operating Income As Reported": -3830462.0,
        "Diluted Average Shares": 972641.0,
        "Basic Average Shares": 972641.0,
        "Diluted EPS": -3.96,
        "Basic EPS": -3.96,
        "Diluted NI Availto Com Stockholders": -3847532.0,
        "Net Income Common Stockholders": -3847532.0,
        "Net Income": -3847532.0,
        "Net Income Including Noncontrolling Interests": -3847532.0,
        "Net Income Discontinuous Operations": NaN,
        "Net Income Continuous Operations": -3847532.0,
        "Tax Provision": 0.0,
        "Pretax Income": -3847532.0,
        "Other Income Expense": -24000.0,
        "Other Non Operating Income Expenses": NaN,
        "Special Income Charges": -24000.0,
        "Restructuring And Mergern Acquisition": 24000.0,
        "Net Non Operating Interest Income Expense": 6930.0,
        "Interest Income Non Operating": 6930.0,
        "Operating Income": -3830462.0,
        "Operating Expense": 3830462.0,
        "Research And Development": 1200127.0,
        "Selling General And Administration": 2630335.0,
        "General And Administrative Expense": 2630335.0,
        "Other Gand A": 2630335.0,
        "Salaries And Wages": NaN,
        "Total Revenue": 0.0,
        "Operating Revenue": 0.0
    },
    "2022-03-31": {
        "Diluted EPS": -0.13,
        "Total Revenue": NaN,
        "Gross Profit": NaN,
        "Operating Income": -3,
        "EBIT": -3,
        "Net Income": -3
    },
    "2021-12-31": {
        "Diluted EPS": -0.27,
        "Total Revenue": NaN,
        "Gross Profit": NaN,
        "Operating Income": -6,
        "EBIT": -6,
        "Net Income": -6
    },
    "2021-09-30": {
        "Diluted EPS": -0.22,
        "Total Revenue": NaN,
        "Gross Profit": NaN,
        "Operating Income": -4,
        "EBIT": -4,
        "Net Income": -4
    },
    "2021-06-30": {
        "Diluted EPS": -0.25,
        "Total Revenue": NaN,
        "Gross Profit": NaN,
        "Operating Income": -4,
        "EBIT": -4,
        "Net Income": -4
    },
    "2021-03-31": {
        "Diluted EPS": -0.3,
        "Total Revenue": NaN,
        "Gross Profit": NaN,
        "Operating Income": -5,
        "EBIT": -5,
        "Net Income": -5
    },
    "2020-12-31": {
        "Diluted EPS": -0.25,
        "Total Revenue": NaN,
        "Gross Profit": NaN,
        "Operating Income": -3,
        "EBIT": -3,
        "Net Income": -3
    },
    "2020-09-30": {
        "Diluted EPS": -0.24,
        "Total Revenue": NaN,
        "Gross Profit": NaN,
        "Operating Income": -3,
        "EBIT": -3,
        "Net Income": -3
    },
    "2020-06-30": {
        "Diluted EPS": -0.16,
        "Total Revenue": NaN,
        "Gross Profit": NaN,
        "Operating Income": -2,
        "EBIT": -2,
        "Net Income": -2
    },
    "2020-03-31": {
        "Diluted EPS": -0.22,
        "Total Revenue": NaN,
        "Gross Profit": NaN,
        "Operating Income": -2,
        "EBIT": -2,
        "Net Income": -2
    },
    "2019-12-31": {
        "Diluted EPS": -0.16,
        "Total Revenue": NaN,
        "Gross Profit": NaN,
        "Operating Income": -2,
        "EBIT": -2,
        "Net Income": -2
    },
    "2019-09-30": {
        "Diluted EPS": -0.17,
        "Total Revenue": NaN,
        "Gross Profit": NaN,
        "Operating Income": -2,
        "EBIT": -2,
        "Net Income": -2
    },
    "2019-06-30": {
        "Diluted EPS": -0.21,
        "Total Revenue": NaN,
        "Gross Profit": NaN,
        "Operating Income": -2,
        "EBIT": -2,
        "Net Income": -2
    },
    "2019-03-31": {
        "Diluted EPS": -0.33,
        "Total Revenue": NaN,
        "Gross Profit": NaN,
        "Operating Income": -2,
        "EBIT": -2,
        "Net Income": -3
    },
    "2018-12-31": {
        "Diluted EPS": -0.34,
        "Total Revenue": NaN,
        "Gross Profit": NaN,
        "Operating Income": -1,
        "EBIT": -1,
        "Net Income": -1
    },
    "2018-09-30": {
        "Diluted EPS": -1.48,
        "Total Revenue": NaN,
        "Gross Profit": NaN,
        "Operating Income": -4,
        "EBIT": -4,
        "Net Income": -8
    },
    "2018-06-30": {
        "Diluted EPS": -0.5,
        "Total Revenue": NaN,
        "Gross Profit": NaN,
        "Operating Income": -2,
        "EBIT": -2,
        "Net Income": -2
    },
    "2018-03-31": {
        "Diluted EPS": -0.12,
        "Total Revenue": NaN,
        "Gross Profit": NaN,
        "Operating Income": 0,
        "EBIT": 0,
        "Net Income": 0
    },
    "2017-12-31": {
        "Diluted EPS": 0.0,
        "Total Revenue": NaN,
        "Gross Profit": NaN,
        "Operating Income": NaN,
        "EBIT": NaN,
        "Net Income": NaN
    },
    "2017-09-30": {
        "Diluted EPS": -0.09,
        "Total Revenue": NaN,
        "Gross Profit": NaN,
        "Operating Income": 0,
        "EBIT": 0,
        "Net Income": 0
    },
    "2017-06-30": {
        "Diluted EPS": -0.08,
        "Total Revenue": NaN,
        "Gross Profit": NaN,
        "Operating Income": 0,
        "EBIT": 0,
        "Net Income": 0
    },
    "2016-12-31": {
        "Diluted EPS": 0.0,
        "Total Revenue": NaN,
        "Gross Profit": NaN,
        "Operating Income": NaN,
        "EBIT": NaN,
        "Net Income": NaN
    },
    "2023-06-30": {
        "Tax Effect Of Unusual Items": 0.0,
        "Tax Rate For Calcs": 0.0,
        "Normalized EBITDA": -1477254.0,
        "Total Unusual Items": NaN,
        "Total Unusual Items Excluding Goodwill": NaN,
        "Net Income From Continuing Operation Net Minority Interest": -1509870.0,
        "Reconciled Depreciation": 141.0,
        "EBITDA": -1477254.0,
        "EBIT": -1477395.0,
        "Net Interest Income": 19426.0,
        "Interest Income": 19426.0,
        "Normalized Income": -1509870.0,
        "Net Income From Continuing And Discontinued Operation": 1087804.0,
        "Total Expenses": 1477395.0,
        "Total Operating Income As Reported": -1477395.0,
        "Diluted Average Shares": 1131436.0,
        "Basic Average Shares": 1131436.0,
        "Diluted EPS": 0.96,
        "Basic EPS": 0.96,
        "Diluted NI Availto Com Stockholders": 1087804.0,
        "Net Income Common Stockholders": 1087804.0,
        "Net Income": 1087804.0,
        "Net Income Including Noncontrolling Interests": 1087804.0,
        "Net Income Discontinuous Operations": 2597674.0,
        "Net Income Continuous Operations": -1509870.0,
        "Tax Provision": 0.0,
        "Pretax Income": -1509870.0,
        "Other Income Expense": -51901.0,
        "Other Non Operating Income Expenses": -51901.0,
        "Special Income Charges": NaN,
        "Restructuring And Mergern Acquisition": NaN,
        "Earnings From Equity Interest": NaN,
        "Gain On Sale Of Security": NaN,
        "Net Non Operating Interest Income Expense": 19426.0,
        "Interest Income Non Operating": 19426.0,
        "Operating Income": -1477395.0,
        "Operating Expense": 1477395.0,
        "Research And Development": 429896.0,
        "Selling General And Administration": 1047499.0,
        "General And Administrative Expense": 1047499.0,
        "Other Gand A": 1047499.0,
        "Salaries And Wages": 696944.0,
        "Total Revenue": 0.0,
        "Operating Revenue": 0.0
    },
    "2023-09-30": {
        "Tax Effect Of Unusual Items": 0.0,
        "Tax Rate For Calcs": 0.0,
        "Normalized EBITDA": -1357795.0,
        "Total Unusual Items": NaN,
        "Total Unusual Items Excluding Goodwill": NaN,
        "Net Income From Continuing Operation Net Minority Interest": -1347700.0,
        "Reconciled Depreciation": 141.0,
        "EBITDA": -1357795.0,
        "EBIT": -1357936.0,
        "Net Interest Income": 10236.0,
        "Interest Income": 10236.0,
        "Normalized Income": -1347700.0,
        "Net Income From Continuing And Discontinued Operation": -1384976.0,
        "Total Expenses": 1357936.0,
        "Total Operating Income As Reported": -1357936.0,
        "Diluted Average Shares": 1178537.0,
        "Basic Average Shares": 1178537.0,
        "Diluted EPS": -1.18,
        "Basic EPS": -1.18,
        "Diluted NI Availto Com Stockholders": -1384976.0,
        "Net Income Common Stockholders": -1384976.0,
        "Net Income": -1384976.0,
        "Net Income Including Noncontrolling Interests": -1384976.0,
        "Net Income Discontinuous Operations": -37276.0,
        "Net Income Continuous Operations": -1347700.0,
        "Tax Provision": 0.0,
        "Pretax Income": -1347700.0,
        "Other Income Expense": NaN,
        "Other Non Operating Income Expenses": NaN,
        "Special Income Charges": NaN,
        "Restructuring And Mergern Acquisition": NaN,
        "Earnings From Equity Interest": NaN,
        "Gain On Sale Of Security": NaN,
        "Net Non Operating Interest Income Expense": 10236.0,
        "Interest Income Non Operating": 10236.0,
        "Operating Income": -1357936.0,
        "Operating Expense": 1357936.0,
        "Research And Development": 207128.0,
        "Selling General And Administration": 1150808.0,
        "General And Administrative Expense": 1150808.0,
        "Other Gand A": 1150808.0,
        "Salaries And Wages": NaN,
        "Total Revenue": 0.0,
        "Operating Revenue": 0.0
    },
    "2024-03-31": {
        "Tax Effect Of Unusual Items": 0.0,
        "Tax Rate For Calcs": 0.0,
        "Normalized EBITDA": 2619546.0,
        "Total Unusual Items": -4464427.0,
        "Total Unusual Items Excluding Goodwill": -4464427.0,
        "Net Income From Continuing Operation Net Minority Interest": -6476560.0,
        "Reconciled Depreciation": 141.0,
        "EBITDA": -1844881.0,
        "EBIT": -1845022.0,
        "Net Interest Income": 22801.0,
        "Interest Income": 22801.0,
        "Normalized Income": -2012133.0,
        "Net Income From Continuing And Discontinued Operation": -6476560.0,
        "Total Expenses": 1845022.0,
        "Total Operating Income As Reported": -1845022.0,
        "Diluted Average Shares": 2953913.0,
        "Basic Average Shares": 2953913.0,
        "Diluted EPS": -2.19,
        "Basic EPS": -2.19,
        "Diluted NI Availto Com Stockholders": -6476560.0,
        "Net Income Common Stockholders": -6476560.0,
        "Net Income": -6476560.0,
        "Net Income Including Noncontrolling Interests": -6476560.0,
        "Net Income Discontinuous Operations": 0.0,
        "Net Income Continuous Operations": -6476560.0,
        "Tax Provision": 0.0,
        "Pretax Income": -6476560.0,
        "Other Income Expense": -4654339.0,
        "Other Non Operating Income Expenses": -42.0,
        "Special Income Charges": NaN,
        "Restructuring And Mergern Acquisition": NaN,
        "Earnings From Equity Interest": -189870.0,
        "Gain On Sale Of Security": -4464427.0,
        "Net Non Operating Interest Income Expense": 22801.0,
        "Interest Income Non Operating": 22801.0,
        "Operating Income": -1845022.0,
        "Operating Expense": 1845022.0,
        "Research And Development": 454278.0,
        "Selling General And Administration": 1390744.0,
        "General And Administrative Expense": 1390744.0,
        "Other Gand A": 1390744.0,
        "Salaries And Wages": NaN,
        "Total Revenue": 0.0,
        "Operating Revenue": 0.0
    }
}