{
    "2023-06-30": {
        "Tax Effect Of Unusual Items": -7020000.0,
        "Tax Rate For Calcs": 0.18,
        "Normalized EBITDA": 1613000000.0,
        "Total Unusual Items": -39000000.0,
        "Total Unusual Items Excluding Goodwill": -39000000.0,
        "Net Income From Continuing Operation Net Minority Interest": 927000000.0,
        "Reconciled Depreciation": 262000000.0,
        "Reconciled Cost Of Revenue": 23307000000.0,
        "EBITDA": 1574000000.0,
        "EBIT": 1312000000.0,
        "Net Interest Income": -38000000.0,
        "Interest Expense": 180000000.0,
        "Interest Income": 142000000.0,
        "Normalized Income": 958980000.0,
        "Net Income From Continuing And Discontinued Operation": 927000000.0,
        "Total Expenses": 24148000000.0,
        "Diluted Average Shares": 546000000.0,
        "Basic Average Shares": 545000000.0,
        "Diluted EPS": 1.7,
        "Basic EPS": 1.7,
        "Diluted NI Availto Com Stockholders": 927000000.0,
        "Net Income Common Stockholders": 927000000.0,
        "Net Income": 927000000.0,
        "Minority Interests": -1000000.0,
        "Net Income Including Noncontrolling Interests": 928000000.0,
        "Net Income Continuous Operations": 928000000.0,
        "Tax Provision": 204000000.0,
        "Pretax Income": 1132000000.0,
        "Other Income Expense": 128000000.0,
        "Other Non Operating Income Expenses": 16000000.0,
        "Special Income Charges": -39000000.0,
        "Gain On Sale Of Ppe": 21000000.0,
        "Write Off": 60000000.0,
        "Earnings From Equity Interest": 151000000.0,
        "Net Non Operating Interest Income Expense": -38000000.0,
        "Interest Expense Non Operating": 180000000.0,
        "Interest Income Non Operating": 142000000.0,
        "Operating Income": 1042000000.0,
        "Operating Expense": 841000000.0,
        "Selling General And Administration": 841000000.0,
        "Gross Profit": 1883000000.0,
        "Cost Of Revenue": 23307000000.0,
        "Total Revenue": 25190000000.0,
        "Operating Revenue": 25190000000.0
    },
    "2023-03-31": {
        "Tax Effect Of Unusual Items": NaN,
        "Tax Rate For Calcs": NaN,
        "Normalized EBITDA": NaN,
        "Total Unusual Items": NaN,
        "Total Unusual Items Excluding Goodwill": NaN,
        "Net Income From Continuing Operation Net Minority Interest": NaN,
        "Reconciled Depreciation": NaN,
        "Reconciled Cost Of Revenue": NaN,
        "EBITDA": NaN,
        "EBIT": NaN,
        "Net Interest Income": NaN,
        "Interest Expense": NaN,
        "Interest Income": NaN,
        "Normalized Income": NaN,
        "Net Income From Continuing And Discontinued Operation": NaN,
        "Total Expenses": NaN,
        "Diluted Average Shares": 551000000.0,
        "Basic Average Shares": 550000000.0,
        "Diluted EPS": 2.12,
        "Basic EPS": 2.13,
        "Diluted NI Availto Com Stockholders": NaN,
        "Net Income Common Stockholders": NaN,
        "Net Income": NaN,
        "Minority Interests": NaN,
        "Net Income Including Noncontrolling Interests": NaN,
        "Net Income Continuous Operations": NaN,
        "Tax Provision": NaN,
        "Pretax Income": NaN,
        "Other Income Expense": NaN,
        "Other Non Operating Income Expenses": NaN,
        "Special Income Charges": NaN,
        "Gain On Sale Of Ppe": NaN,
        "Write Off": 7000000.0,
        "Earnings From Equity Interest": NaN,
        "Net Non Operating Interest Income Expense": NaN,
        "Interest Expense Non Operating": NaN,
        "Interest Income Non Operating": NaN,
        "Operating Income": NaN,
        "Operating Expense": NaN,
        "Selling General And Administration": NaN,
        "Gross Profit": NaN,
        "Cost Of Revenue": NaN,
        "Total Revenue": NaN,
        "Operating Revenue": NaN
    },
    "2022-12-31": {
        "Tax Effect Of Unusual Items": NaN,
        "Tax Rate For Calcs": NaN,
        "Normalized EBITDA": NaN,
        "Total Unusual Items": NaN,
        "Total Unusual Items Excluding Goodwill": NaN,
        "Net Income From Continuing Operation Net Minority Interest": NaN,
        "Reconciled Depreciation": NaN,
        "Reconciled Cost Of Revenue": NaN,
        "EBITDA": NaN,
        "EBIT": NaN,
        "Net Interest Income": NaN,
        "Interest Expense": NaN,
        "Interest Income": NaN,
        "Normalized Income": NaN,
        "Net Income From Continuing And Discontinued Operation": NaN,
        "Total Expenses": NaN,
        "Diluted Average Shares": 554000000.0,
        "Basic Average Shares": 547000000.0,
        "Diluted EPS": 1.84,
        "Basic EPS": 1.862888,
        "Diluted NI Availto Com Stockholders": NaN,
        "Net Income Common Stockholders": NaN,
        "Net Income": NaN,
        "Minority Interests": NaN,
        "Net Income Including Noncontrolling Interests": NaN,
        "Net Income Continuous Operations": NaN,
        "Tax Provision": NaN,
        "Pretax Income": NaN,
        "Other Income Expense": NaN,
        "Other Non Operating Income Expenses": NaN,
        "Special Income Charges": NaN,
        "Gain On Sale Of Ppe": NaN,
        "Write Off": NaN,
        "Earnings From Equity Interest": NaN,
        "Net Non Operating Interest Income Expense": NaN,
        "Interest Expense Non Operating": NaN,
        "Interest Income Non Operating": NaN,
        "Operating Income": NaN,
        "Operating Expense": NaN,
        "Selling General And Administration": NaN,
        "Gross Profit": NaN,
        "Cost Of Revenue": NaN,
        "Total Revenue": NaN,
        "Operating Revenue": NaN
    },
    "2022-09-30": {
        "Tax Effect Of Unusual Items": NaN,
        "Tax Rate For Calcs": NaN,
        "Normalized EBITDA": NaN,
        "Total Unusual Items": NaN,
        "Total Unusual Items Excluding Goodwill": NaN,
        "Net Income From Continuing Operation Net Minority Interest": NaN,
        "Reconciled Depreciation": NaN,
        "Reconciled Cost Of Revenue": NaN,
        "EBITDA": NaN,
        "EBIT": NaN,
        "Net Interest Income": NaN,
        "Interest Expense": NaN,
        "Interest Income": NaN,
        "Normalized Income": NaN,
        "Net Income From Continuing And Discontinued Operation": NaN,
        "Total Expenses": NaN,
        "Diluted Average Shares": NaN,
        "Basic Average Shares": NaN,
        "Diluted EPS": NaN,
        "Basic EPS": NaN,
        "Diluted NI Availto Com Stockholders": NaN,
        "Net Income Common Stockholders": NaN,
        "Net Income": NaN,
        "Minority Interests": NaN,
        "Net Income Including Noncontrolling Interests": NaN,
        "Net Income Continuous Operations": NaN,
        "Tax Provision": NaN,
        "Pretax Income": NaN,
        "Other Income Expense": NaN,
        "Other Non Operating Income Expenses": NaN,
        "Special Income Charges": NaN,
        "Gain On Sale Of Ppe": NaN,
        "Write Off": 28000000.0,
        "Earnings From Equity Interest": NaN,
        "Net Non Operating Interest Income Expense": NaN,
        "Interest Expense Non Operating": NaN,
        "Interest Income Non Operating": NaN,
        "Operating Income": NaN,
        "Operating Expense": NaN,
        "Selling General And Administration": NaN,
        "Gross Profit": NaN,
        "Cost Of Revenue": NaN,
        "Total Revenue": NaN,
        "Operating Revenue": NaN
    },
    "2022-06-30": {
        "Tax Effect Of Unusual Items": 6624000.0,
        "Tax Rate For Calcs": 0.184,
        "Normalized EBITDA": 1813000000.0,
        "Total Unusual Items": 36000000.0,
        "Total Unusual Items Excluding Goodwill": 36000000.0,
        "Net Income From Continuing Operation Net Minority Interest": 1236000000.0,
        "Reconciled Depreciation": 257000000.0,
        "Reconciled Cost Of Revenue": 25184000000.0,
        "EBITDA": 1849000000.0,
        "EBIT": 1592000000.0,
        "Net Interest Income": -73000000.0,
        "Interest Expense": 73000000.0,
        "Interest Income": NaN,
        "Normalized Income": 1206624000.0,
        "Net Income From Continuing And Discontinued Operation": 1236000000.0,
        "Total Expenses": 25998000000.0,
        "Diluted Average Shares": 568000000.0,
        "Basic Average Shares": 566000000.0,
        "Diluted EPS": 2.18,
        "Basic EPS": 2.18,
        "Diluted NI Availto Com Stockholders": 1236000000.0,
        "Net Income Common Stockholders": 1236000000.0,
        "Net Income": 1236000000.0,
        "Minority Interests": -4000000.0,
        "Net Income Including Noncontrolling Interests": 1240000000.0,
        "Net Income Continuous Operations": 1240000000.0,
        "Tax Provision": 279000000.0,
        "Pretax Income": 1519000000.0,
        "Other Income Expense": 306000000.0,
        "Other Non Operating Income Expenses": 78000000.0,
        "Special Income Charges": 4000000.0,
        "Gain On Sale Of Ppe": 5000000.0,
        "Write Off": 1000000.0,
        "Earnings From Equity Interest": 192000000.0,
        "Gain On Sale Of Security": 32000000.0,
        "Net Non Operating Interest Income Expense": -73000000.0,
        "Interest Expense Non Operating": 73000000.0,
        "Interest Income Non Operating": NaN,
        "Operating Income": 1286000000.0,
        "Operating Expense": 814000000.0,
        "Selling General And Administration": 814000000.0,
        "Gross Profit": 2100000000.0,
        "Cost Of Revenue": 25184000000.0,
        "Total Revenue": 27284000000.0,
        "Operating Revenue": 27284000000.0
    },
    "2022-03-31": {
        "Diluted EPS": 1.86,
        "Total Revenue": NaN,
        "Gross Profit": NaN,
        "Operating Income": NaN,
        "EBIT": NaN,
        "Net Income": NaN
    },
    "2021-12-31": {
        "Diluted EPS": 1.38,
        "Total Revenue": NaN,
        "Gross Profit": NaN,
        "Operating Income": 864,
        "EBIT": NaN,
        "Net Income": 782
    },
    "2021-09-30": {
        "Diluted EPS": 0.93,
        "Total Revenue": NaN,
        "Gross Profit": NaN,
        "Operating Income": 606,
        "EBIT": 853,
        "Net Income": 526
    },
    "2021-06-30": {
        "Diluted EPS": 1.26,
        "Total Revenue": NaN,
        "Gross Profit": NaN,
        "Operating Income": 724,
        "EBIT": 967,
        "Net Income": 712
    },
    "2021-03-31": {
        "Diluted EPS": 1.22,
        "Total Revenue": NaN,
        "Gross Profit": NaN,
        "Operating Income": 799,
        "EBIT": NaN,
        "Net Income": 689
    },
    "2020-12-31": {
        "Diluted EPS": 1.22,
        "Total Revenue": NaN,
        "Gross Profit": NaN,
        "Operating Income": 603,
        "EBIT": 852,
        "Net Income": 687
    },
    "2020-09-30": {
        "Diluted EPS": 0.4,
        "Total Revenue": NaN,
        "Gross Profit": NaN,
        "Operating Income": 406,
        "EBIT": 644,
        "Net Income": 225
    },
    "2020-06-30": {
        "Diluted EPS": 0.84,
        "Total Revenue": NaN,
        "Gross Profit": NaN,
        "Operating Income": 470,
        "EBIT": 714,
        "Net Income": 469
    },
    "2020-03-31": {
        "Diluted EPS": 0.69,
        "Total Revenue": NaN,
        "Gross Profit": 951,
        "Operating Income": 287,
        "EBIT": 532,
        "Net Income": 391
    },
    "2019-12-31": {
        "Diluted EPS": 0.89,
        "Total Revenue": NaN,
        "Gross Profit": NaN,
        "Operating Income": 515,
        "EBIT": 766,
        "Net Income": 504
    },
    "2019-09-30": {
        "Diluted EPS": 0.72,
        "Total Revenue": NaN,
        "Gross Profit": NaN,
        "Operating Income": 500,
        "EBIT": 749,
        "Net Income": 407
    },
    "2019-06-30": {
        "Diluted EPS": 0.42,
        "Total Revenue": NaN,
        "Gross Profit": 972,
        "Operating Income": 370,
        "EBIT": 618,
        "Net Income": 235
    },
    "2019-03-31": {
        "Diluted EPS": 0.41,
        "Total Revenue": NaN,
        "Gross Profit": 928,
        "Operating Income": 269,
        "EBIT": 514,
        "Net Income": 233
    },
    "2018-12-31": {
        "Diluted EPS": 0.55,
        "Total Revenue": NaN,
        "Gross Profit": NaN,
        "Operating Income": 495,
        "EBIT": 730,
        "Net Income": 315
    },
    "2018-09-30": {
        "Diluted EPS": 0.94,
        "Total Revenue": NaN,
        "Gross Profit": NaN,
        "Operating Income": 524,
        "EBIT": 756,
        "Net Income": 536
    },
    "2018-06-30": {
        "Diluted EPS": 1.0,
        "Total Revenue": NaN,
        "Gross Profit": NaN,
        "Operating Income": 621,
        "EBIT": 860,
        "Net Income": 566
    },
    "2018-03-31": {
        "Diluted EPS": 0.7,
        "Total Revenue": NaN,
        "Gross Profit": 889,
        "Operating Income": 376,
        "EBIT": 611,
        "Net Income": 393
    },
    "2017-12-31": {
        "Diluted EPS": 1.38,
        "Total Revenue": NaN,
        "Gross Profit": 942,
        "Operating Income": 483,
        "EBIT": 723,
        "Net Income": 788
    },
    "2017-09-30": {
        "Diluted EPS": 0.34,
        "Total Revenue": NaN,
        "Gross Profit": 812,
        "Operating Income": 334,
        "EBIT": 566,
        "Net Income": 192
    },
    "2017-06-30": {
        "Diluted EPS": 0.48,
        "Total Revenue": NaN,
        "Gross Profit": 892,
        "Operating Income": 367,
        "EBIT": 594,
        "Net Income": 276
    },
    "2017-03-31": {
        "Diluted EPS": 0.59,
        "Total Revenue": NaN,
        "Gross Profit": 872,
        "Operating Income": 356,
        "EBIT": 581,
        "Net Income": 339
    },
    "2016-12-31": {
        "Diluted EPS": 0.71,
        "Total Revenue": NaN,
        "Gross Profit": NaN,
        "Operating Income": 554,
        "EBIT": 776,
        "Net Income": 424
    },
    "2016-09-30": {
        "Diluted EPS": 0.58,
        "Total Revenue": NaN,
        "Gross Profit": NaN,
        "Operating Income": 544,
        "EBIT": 770,
        "Net Income": 341
    },
    "2016-06-30": {
        "Diluted EPS": 0.48,
        "Total Revenue": NaN,
        "Gross Profit": 737,
        "Operating Income": 237,
        "EBIT": 458,
        "Net Income": 284
    },
    "2016-03-31": {
        "Diluted EPS": 0.39,
        "Total Revenue": NaN,
        "Gross Profit": 781,
        "Operating Income": 302,
        "EBIT": 533,
        "Net Income": 230
    },
    "2015-12-31": {
        "Diluted EPS": 1.18,
        "Total Revenue": NaN,
        "Gross Profit": 811,
        "Operating Income": 368,
        "EBIT": 592,
        "Net Income": 718
    },
    "2015-09-30": {
        "Diluted EPS": 0.41,
        "Total Revenue": NaN,
        "Gross Profit": NaN,
        "Operating Income": 570,
        "EBIT": 787,
        "Net Income": 252
    },
    "2015-06-30": {
        "Diluted EPS": 0.62,
        "Total Revenue": NaN,
        "Gross Profit": 964,
        "Operating Income": 439,
        "EBIT": 664,
        "Net Income": 386
    },
    "2015-03-31": {
        "Diluted EPS": 0.77,
        "Total Revenue": NaN,
        "Gross Profit": NaN,
        "Operating Income": 604,
        "EBIT": 820,
        "Net Income": 493
    },
    "2014-12-31": {
        "Diluted EPS": 1.08,
        "Total Revenue": NaN,
        "Gross Profit": NaN,
        "Operating Income": 788,
        "EBIT": NaN,
        "Net Income": 701
    },
    "2014-09-30": {
        "Diluted EPS": 1.14,
        "Total Revenue": NaN,
        "Gross Profit": NaN,
        "Operating Income": NaN,
        "EBIT": NaN,
        "Net Income": 747
    },
    "2014-06-30": {
        "Diluted EPS": 0.81,
        "Total Revenue": NaN,
        "Gross Profit": NaN,
        "Operating Income": 746,
        "EBIT": 959,
        "Net Income": 533
    },
    "2014-03-31": {
        "Diluted EPS": 0.4,
        "Total Revenue": NaN,
        "Gross Profit": 675,
        "Operating Income": 282,
        "EBIT": 501,
        "Net Income": 267
    },
    "2013-12-31": {
        "Diluted EPS": 0.55,
        "Total Revenue": NaN,
        "Gross Profit": NaN,
        "Operating Income": 728,
        "EBIT": 956,
        "Net Income": 374
    },
    "2013-09-30": {
        "Diluted EPS": 0.72,
        "Total Revenue": NaN,
        "Gross Profit": NaN,
        "Operating Income": 727,
        "EBIT": 954,
        "Net Income": 476
    },
    "2013-06-30": {
        "Diluted EPS": 0.34,
        "Total Revenue": NaN,
        "Gross Profit": 807,
        "Operating Income": 355,
        "EBIT": 582,
        "Net Income": 223
    },
    "2013-03-31": {
        "Diluted EPS": 0.41,
        "Total Revenue": NaN,
        "Gross Profit": 756,
        "Operating Income": 320,
        "EBIT": 547,
        "Net Income": 269
    },
    "2012-12-31": {
        "Diluted EPS": 0.77,
        "Total Revenue": NaN,
        "Gross Profit": 996,
        "Operating Income": 517,
        "EBIT": 714,
        "Net Income": 510
    },
    "2012-09-30": {
        "Diluted EPS": 0.28,
        "Total Revenue": NaN,
        "Gross Profit": 806,
        "Operating Income": 416,
        "EBIT": 633,
        "Net Income": 182
    },
    "2012-06-30": {
        "Diluted EPS": 0.43,
        "Total Revenue": NaN,
        "Gross Profit": 813,
        "Operating Income": 419,
        "EBIT": NaN,
        "Net Income": 284
    },
    "2012-03-31": {
        "Diluted EPS": 0.6,
        "Total Revenue": NaN,
        "Gross Profit": NaN,
        "Operating Income": 606,
        "EBIT": 820,
        "Net Income": 399
    },
    "2011-12-31": {
        "Diluted EPS": 0.12,
        "Total Revenue": NaN,
        "Gross Profit": 813,
        "Operating Income": NaN,
        "EBIT": NaN,
        "Net Income": 80
    },
    "2011-09-30": {
        "Diluted EPS": 0.68,
        "Total Revenue": NaN,
        "Gross Profit": NaN,
        "Operating Income": 627,
        "EBIT": 627,
        "Net Income": 460
    },
    "2011-06-30": {
        "Diluted EPS": 0.0,
        "Total Revenue": NaN,
        "Gross Profit": NaN,
        "Operating Income": NaN,
        "EBIT": NaN,
        "Net Income": NaN
    },
    "2011-03-31": {
        "Diluted EPS": 0.86,
        "Total Revenue": NaN,
        "Gross Profit": NaN,
        "Operating Income": 765,
        "EBIT": NaN,
        "Net Income": 578
    },
    "2010-12-31": {
        "Diluted EPS": 1.14,
        "Total Revenue": NaN,
        "Gross Profit": NaN,
        "Operating Income": NaN,
        "EBIT": NaN,
        "Net Income": 732
    },
    "2010-09-30": {
        "Diluted EPS": 0.54,
        "Total Revenue": NaN,
        "Gross Profit": 808,
        "Operating Income": 427,
        "EBIT": 427,
        "Net Income": 345
    },
    "2010-06-30": {
        "Diluted EPS": 0.0,
        "Total Revenue": NaN,
        "Gross Profit": NaN,
        "Operating Income": NaN,
        "EBIT": NaN,
        "Net Income": NaN
    },
    "2010-03-31": {
        "Diluted EPS": 0.65,
        "Total Revenue": NaN,
        "Gross Profit": 891,
        "Operating Income": 536,
        "EBIT": NaN,
        "Net Income": 421
    },
    "2009-12-31": {
        "Diluted EPS": 0.88,
        "Total Revenue": NaN,
        "Gross Profit": NaN,
        "Operating Income": NaN,
        "EBIT": NaN,
        "Net Income": 567
    },
    "2009-09-30": {
        "Diluted EPS": 0.77,
        "Total Revenue": NaN,
        "Gross Profit": 973,
        "Operating Income": 619,
        "EBIT": 619,
        "Net Income": 496
    },
    "2009-06-30": {
        "Diluted EPS": 0.0,
        "Total Revenue": NaN,
        "Gross Profit": NaN,
        "Operating Income": NaN,
        "EBIT": NaN,
        "Net Income": NaN
    },
    "2009-03-31": {
        "Diluted EPS": 0.0,
        "Total Revenue": NaN,
        "Gross Profit": 649,
        "Operating Income": 303,
        "EBIT": 879,
        "Net Income": 3
    },
    "2023-09-30": {
        "Tax Effect Of Unusual Items": -15678000.0,
        "Tax Rate For Calcs": 0.201,
        "Normalized EBITDA": 1525000000.0,
        "Total Unusual Items": -78000000.0,
        "Total Unusual Items Excluding Goodwill": -78000000.0,
        "Net Income From Continuing Operation Net Minority Interest": 821000000.0,
        "Reconciled Depreciation": 261000000.0,
        "Reconciled Cost Of Revenue": 19885000000.0,
        "EBITDA": 1447000000.0,
        "EBIT": 1186000000.0,
        "Net Interest Income": -3000000.0,
        "Interest Expense": 155000000.0,
        "Interest Income": 152000000.0,
        "Normalized Income": 883322000.0,
        "Net Income From Continuing And Discontinued Operation": 821000000.0,
        "Total Expenses": 20700000000.0,
        "Diluted Average Shares": 540000000.0,
        "Basic Average Shares": 540000000.0,
        "Diluted EPS": 1.52,
        "Basic EPS": 1.52,
        "Diluted NI Availto Com Stockholders": 821000000.0,
        "Net Income Common Stockholders": 821000000.0,
        "Net Income": 821000000.0,
        "Minority Interests": -3000000.0,
        "Net Income Including Noncontrolling Interests": 824000000.0,
        "Net Income Continuous Operations": 824000000.0,
        "Tax Provision": 207000000.0,
        "Pretax Income": 1031000000.0,
        "Other Income Expense": 39000000.0,
        "Other Non Operating Income Expenses": 34000000.0,
        "Special Income Charges": -78000000.0,
        "Gain On Sale Of Ppe": 1000000.0,
        "Write Off": 79000000.0,
        "Earnings From Equity Interest": 83000000.0,
        "Net Non Operating Interest Income Expense": -3000000.0,
        "Interest Expense Non Operating": 155000000.0,
        "Interest Income Non Operating": 152000000.0,
        "Operating Income": 995000000.0,
        "Operating Expense": 815000000.0,
        "Selling General And Administration": 815000000.0,
        "Gross Profit": 1810000000.0,
        "Cost Of Revenue": 19885000000.0,
        "Total Revenue": 21695000000.0,
        "Operating Revenue": 21695000000.0
    },
    "2023-12-31": {
        "Tax Effect Of Unusual Items": -49961852.861035,
        "Tax Rate For Calcs": 0.26158,
        "Normalized EBITDA": 1367000000.0,
        "Total Unusual Items": -191000000.0,
        "Total Unusual Items Excluding Goodwill": -191000000.0,
        "Net Income From Continuing Operation Net Minority Interest": 565000000.0,
        "Reconciled Depreciation": 277000000.0,
        "Reconciled Cost Of Revenue": 21238000000.0,
        "EBITDA": 1176000000.0,
        "EBIT": 899000000.0,
        "Net Interest Income": -94000000.0,
        "Interest Expense": 165000000.0,
        "Interest Income": 71000000.0,
        "Normalized Income": 706038147.138965,
        "Net Income From Continuing And Discontinued Operation": 565000000.0,
        "Total Expenses": 22157000000.0,
        "Diluted Average Shares": NaN,
        "Basic Average Shares": NaN,
        "Diluted EPS": NaN,
        "Basic EPS": NaN,
        "Diluted NI Availto Com Stockholders": 565000000.0,
        "Net Income Common Stockholders": 565000000.0,
        "Net Income": 565000000.0,
        "Minority Interests": 23000000.0,
        "Net Income Including Noncontrolling Interests": 542000000.0,
        "Net Income Continuous Operations": 542000000.0,
        "Tax Provision": 192000000.0,
        "Pretax Income": 734000000.0,
        "Other Income Expense": 7000000.0,
        "Other Non Operating Income Expenses": 55000000.0,
        "Special Income Charges": -191000000.0,
        "Gain On Sale Of Ppe": 5000000.0,
        "Write Off": NaN,
        "Earnings From Equity Interest": 143000000.0,
        "Net Non Operating Interest Income Expense": -94000000.0,
        "Interest Expense Non Operating": 165000000.0,
        "Interest Income Non Operating": 71000000.0,
        "Operating Income": 821000000.0,
        "Operating Expense": 919000000.0,
        "Selling General And Administration": 919000000.0,
        "Gross Profit": 1740000000.0,
        "Cost Of Revenue": 21238000000.0,
        "Total Revenue": 22978000000.0,
        "Operating Revenue": 22978000000.0
    },
    "2024-03-31": {
        "Tax Effect Of Unusual Items": -3008000.0,
        "Tax Rate For Calcs": 0.188,
        "Normalized EBITDA": 1347000000.0,
        "Total Unusual Items": -16000000.0,
        "Total Unusual Items Excluding Goodwill": -16000000.0,
        "Net Income From Continuing Operation Net Minority Interest": 729000000.0,
        "Reconciled Depreciation": 280000000.0,
        "Reconciled Cost Of Revenue": 20188000000.0,
        "EBITDA": 1331000000.0,
        "EBIT": 1051000000.0,
        "Net Interest Income": -43000000.0,
        "Interest Expense": 166000000.0,
        "Interest Income": 123000000.0,
        "Normalized Income": 741992000.0,
        "Net Income From Continuing And Discontinued Operation": 729000000.0,
        "Total Expenses": 21139000000.0,
        "Diluted Average Shares": 514000000.0,
        "Basic Average Shares": 513000000.0,
        "Diluted EPS": 1.42,
        "Basic EPS": 1.42,
        "Diluted NI Availto Com Stockholders": 729000000.0,
        "Net Income Common Stockholders": 729000000.0,
        "Net Income": 729000000.0,
        "Minority Interests": 10000000.0,
        "Net Income Including Noncontrolling Interests": 719000000.0,
        "Net Income Continuous Operations": 719000000.0,
        "Tax Provision": 166000000.0,
        "Pretax Income": 885000000.0,
        "Other Income Expense": 220000000.0,
        "Other Non Operating Income Expenses": 24000000.0,
        "Special Income Charges": -16000000.0,
        "Gain On Sale Of Ppe": 2000000.0,
        "Write Off": 18000000.0,
        "Earnings From Equity Interest": 212000000.0,
        "Net Non Operating Interest Income Expense": -43000000.0,
        "Interest Expense Non Operating": 166000000.0,
        "Interest Income Non Operating": 123000000.0,
        "Operating Income": 708000000.0,
        "Operating Expense": 951000000.0,
        "Selling General And Administration": 951000000.0,
        "Gross Profit": 1659000000.0,
        "Cost Of Revenue": 20188000000.0,
        "Total Revenue": 21847000000.0,
        "Operating Revenue": 21847000000.0
    },
    "2024-06-30": {
        "Tax Effect Of Unusual Items": -386000.0,
        "Tax Rate For Calcs": 0.193,
        "Normalized EBITDA": 1071000000.0,
        "Total Unusual Items": -2000000.0,
        "Total Unusual Items Excluding Goodwill": -2000000.0,
        "Net Income From Continuing Operation Net Minority Interest": 486000000.0,
        "Reconciled Depreciation": 286000000.0,
        "Reconciled Cost Of Revenue": 20852000000.0,
        "EBITDA": 1069000000.0,
        "EBIT": 783000000.0,
        "Net Interest Income": -47000000.0,
        "Interest Expense": 187000000.0,
        "Interest Income": 140000000.0,
        "Normalized Income": 487614000.0,
        "Net Income From Continuing And Discontinued Operation": 486000000.0,
        "Total Expenses": 21759000000.0,
        "Diluted Average Shares": 493000000.0,
        "Basic Average Shares": 492000000.0,
        "Diluted EPS": 0.98,
        "Basic EPS": 0.99,
        "Diluted NI Availto Com Stockholders": 486000000.0,
        "Net Income Common Stockholders": 486000000.0,
        "Net Income": 486000000.0,
        "Minority Interests": 5000000.0,
        "Net Income Including Noncontrolling Interests": 481000000.0,
        "Net Income Continuous Operations": 481000000.0,
        "Tax Provision": 115000000.0,
        "Pretax Income": 596000000.0,
        "Other Income Expense": 154000000.0,
        "Other Non Operating Income Expenses": 4000000.0,
        "Special Income Charges": -2000000.0,
        "Gain On Sale Of Ppe": 5000000.0,
        "Write Off": 7000000.0,
        "Earnings From Equity Interest": 152000000.0,
        "Net Non Operating Interest Income Expense": -47000000.0,
        "Interest Expense Non Operating": 187000000.0,
        "Interest Income Non Operating": 140000000.0,
        "Operating Income": 489000000.0,
        "Operating Expense": 907000000.0,
        "Selling General And Administration": 907000000.0,
        "Gross Profit": 1396000000.0,
        "Cost Of Revenue": 20852000000.0,
        "Total Revenue": 22248000000.0,
        "Operating Revenue": 22248000000.0
    }
}