{
    "2023-03-31": {
        "Tax Effect Of Unusual Items": 0.0,
        "Tax Rate For Calcs": 0.0,
        "Normalized EBITDA": 1359000.0,
        "Total Unusual Items": 0.0,
        "Total Unusual Items Excluding Goodwill": 0.0,
        "Net Income From Continuing Operation Net Minority Interest": -6789000.0,
        "Reconciled Depreciation": 2033000.0,
        "Reconciled Cost Of Revenue": 38547000.0,
        "EBITDA": 1359000.0,
        "EBIT": -674000.0,
        "Net Interest Income": -5949000.0,
        "Interest Expense": 6115000.0,
        "Interest Income": 166000.0,
        "Normalized Income": -6789000.0,
        "Net Income From Continuing And Discontinued Operation": -6789000.0,
        "Total Expenses": 57727000.0,
        "Total Operating Income As Reported": -813000.0,
        "Diluted Average Shares": 221921750.0,
        "Basic Average Shares": 221921750.0,
        "Diluted EPS": -0.03,
        "Basic EPS": -0.03,
        "Diluted NI Availto Com Stockholders": -6789000.0,
        "Net Income Common Stockholders": -6789000.0,
        "Net Income": -6789000.0,
        "Net Income Including Noncontrolling Interests": -6789000.0,
        "Net Income Continuous Operations": -6789000.0,
        "Tax Provision": 0.0,
        "Pretax Income": -6789000.0,
        "Other Income Expense": -27000.0,
        "Other Non Operating Income Expenses": -27000.0,
        "Special Income Charges": 0.0,
        "Other Special Charges": NaN,
        "Net Non Operating Interest Income Expense": -5949000.0,
        "Interest Expense Non Operating": 6115000.0,
        "Interest Income Non Operating": 166000.0,
        "Operating Income": -813000.0,
        "Operating Expense": 17326000.0,
        "Other Operating Expenses": 1780000.0,
        "Depreciation Amortization Depletion Income Statement": 179000.0,
        "Depreciation And Amortization In Income Statement": 179000.0,
        "Amortization": 179000.0,
        "Amortization Of Intangibles Income Statement": 179000.0,
        "Research And Development": 855000.0,
        "Selling General And Administration": 14512000.0,
        "Gross Profit": 16513000.0,
        "Cost Of Revenue": 40401000.0,
        "Total Revenue": 56914000.0,
        "Operating Revenue": 56914000.0
    },
    "2022-12-31": {
        "Tax Effect Of Unusual Items": NaN,
        "Tax Rate For Calcs": NaN,
        "Normalized EBITDA": NaN,
        "Total Unusual Items": 0.0,
        "Total Unusual Items Excluding Goodwill": 0.0,
        "Net Income From Continuing Operation Net Minority Interest": NaN,
        "Reconciled Depreciation": NaN,
        "Reconciled Cost Of Revenue": NaN,
        "EBITDA": NaN,
        "EBIT": NaN,
        "Net Interest Income": NaN,
        "Interest Expense": NaN,
        "Interest Income": NaN,
        "Normalized Income": NaN,
        "Net Income From Continuing And Discontinued Operation": NaN,
        "Total Expenses": NaN,
        "Total Operating Income As Reported": NaN,
        "Diluted Average Shares": 202830446.0,
        "Basic Average Shares": 202830446.0,
        "Diluted EPS": -0.06,
        "Basic EPS": -0.06,
        "Diluted NI Availto Com Stockholders": NaN,
        "Net Income Common Stockholders": NaN,
        "Net Income": NaN,
        "Net Income Including Noncontrolling Interests": NaN,
        "Net Income Continuous Operations": NaN,
        "Tax Provision": NaN,
        "Pretax Income": NaN,
        "Other Income Expense": NaN,
        "Other Non Operating Income Expenses": NaN,
        "Special Income Charges": 0.0,
        "Other Special Charges": 0.0,
        "Net Non Operating Interest Income Expense": NaN,
        "Interest Expense Non Operating": NaN,
        "Interest Income Non Operating": NaN,
        "Operating Income": NaN,
        "Operating Expense": NaN,
        "Other Operating Expenses": NaN,
        "Depreciation Amortization Depletion Income Statement": NaN,
        "Depreciation And Amortization In Income Statement": NaN,
        "Amortization": NaN,
        "Amortization Of Intangibles Income Statement": NaN,
        "Research And Development": NaN,
        "Selling General And Administration": NaN,
        "Gross Profit": NaN,
        "Cost Of Revenue": NaN,
        "Total Revenue": NaN,
        "Operating Revenue": NaN
    },
    "2022-09-30": {
        "Tax Effect Of Unusual Items": 0.0,
        "Tax Rate For Calcs": 0.0,
        "Normalized EBITDA": -7457146.0,
        "Total Unusual Items": 0.0,
        "Total Unusual Items Excluding Goodwill": 0.0,
        "Net Income From Continuing Operation Net Minority Interest": -14899504.0,
        "Reconciled Depreciation": 1861992.0,
        "Reconciled Cost Of Revenue": 29750342.0,
        "EBITDA": -7457146.0,
        "EBIT": -9319138.0,
        "Net Interest Income": -5573130.0,
        "Interest Expense": 5580366.0,
        "Interest Income": 7236.0,
        "Normalized Income": -14899504.0,
        "Net Income From Continuing And Discontinued Operation": -14899504.0,
        "Total Expenses": 50406870.0,
        "Total Operating Income As Reported": -9316733.0,
        "Diluted Average Shares": 196383935.0,
        "Basic Average Shares": 196383935.0,
        "Diluted EPS": -0.08,
        "Basic EPS": -0.08,
        "Diluted NI Availto Com Stockholders": -14899504.0,
        "Net Income Common Stockholders": -14899504.0,
        "Net Income": -14899504.0,
        "Net Income Including Noncontrolling Interests": -14899504.0,
        "Net Income Continuous Operations": -14899504.0,
        "Pretax Income": -14899504.0,
        "Other Income Expense": -9641.0,
        "Other Non Operating Income Expenses": -9641.0,
        "Special Income Charges": 0.0,
        "Other Special Charges": NaN,
        "Net Non Operating Interest Income Expense": -5573130.0,
        "Interest Expense Non Operating": 5580366.0,
        "Interest Income Non Operating": 7236.0,
        "Operating Income": -9316733.0,
        "Operating Expense": 18973374.0,
        "Other Operating Expenses": 4859450.0,
        "Depreciation Amortization Depletion Income Statement": 178838.0,
        "Depreciation And Amortization In Income Statement": 178838.0,
        "Amortization": 178838.0,
        "Amortization Of Intangibles Income Statement": 178838.0,
        "Research And Development": 1041947.0,
        "Selling General And Administration": 12893139.0,
        "Gross Profit": 9656641.0,
        "Cost Of Revenue": 31433496.0,
        "Total Revenue": 41090137.0,
        "Operating Revenue": 41090137.0
    },
    "2022-06-30": {
        "Tax Effect Of Unusual Items": 0.0,
        "Tax Rate For Calcs": 0.0,
        "Normalized EBITDA": -7467608.0,
        "Total Unusual Items": 0.0,
        "Total Unusual Items Excluding Goodwill": 0.0,
        "Net Income From Continuing Operation Net Minority Interest": -13764906.0,
        "Reconciled Depreciation": 1724283.0,
        "Reconciled Cost Of Revenue": 24590169.0,
        "EBITDA": -7467608.0,
        "EBIT": -9191891.0,
        "Net Interest Income": -4570746.0,
        "Interest Expense": 4573015.0,
        "Interest Income": 2269.0,
        "Normalized Income": -13764906.0,
        "Net Income From Continuing And Discontinued Operation": -13764906.0,
        "Total Expenses": 43079746.0,
        "Total Operating Income As Reported": -9174739.0,
        "Diluted Average Shares": 196353185.0,
        "Basic Average Shares": 196353185.0,
        "Diluted EPS": -0.07,
        "Basic EPS": -0.07,
        "Diluted NI Availto Com Stockholders": -13764906.0,
        "Net Income Common Stockholders": -13764906.0,
        "Net Income": -13764906.0,
        "Net Income Including Noncontrolling Interests": -13764906.0,
        "Net Income Continuous Operations": -13764906.0,
        "Pretax Income": -13764906.0,
        "Other Income Expense": -19421.0,
        "Other Non Operating Income Expenses": -19421.0,
        "Special Income Charges": 0.0,
        "Other Special Charges": NaN,
        "Net Non Operating Interest Income Expense": -4570746.0,
        "Interest Expense Non Operating": 4573015.0,
        "Interest Income Non Operating": 2269.0,
        "Operating Income": -9174739.0,
        "Operating Expense": 16944132.0,
        "Other Operating Expenses": 3921486.0,
        "Depreciation Amortization Depletion Income Statement": 178838.0,
        "Depreciation And Amortization In Income Statement": 178838.0,
        "Amortization": 178838.0,
        "Amortization Of Intangibles Income Statement": 178838.0,
        "Research And Development": 873386.0,
        "Selling General And Administration": 11970422.0,
        "Gross Profit": 7769393.0,
        "Cost Of Revenue": 26135614.0,
        "Total Revenue": 33905007.0,
        "Operating Revenue": 33905007.0
    },
    "2022-03-31": {
        "Diluted EPS": -0.13,
        "Total Revenue": 29,
        "Gross Profit": 4,
        "Operating Income": -15,
        "EBIT": -13,
        "Net Income": -25
    },
    "2021-12-31": {
        "Diluted EPS": -0.07,
        "Total Revenue": 26,
        "Gross Profit": 4,
        "Operating Income": -13,
        "EBIT": -11,
        "Net Income": -17
    },
    "2021-09-30": {
        "Diluted EPS": -0.13,
        "Total Revenue": 21,
        "Gross Profit": 0,
        "Operating Income": -14,
        "EBIT": -13,
        "Net Income": -18
    },
    "2021-06-30": {
        "Diluted EPS": -0.15,
        "Total Revenue": 18,
        "Gross Profit": -1,
        "Operating Income": -16,
        "EBIT": -14,
        "Net Income": -19
    },
    "2021-03-31": {
        "Diluted EPS": -0.16,
        "Total Revenue": 16,
        "Gross Profit": -2,
        "Operating Income": -15,
        "EBIT": -14,
        "Net Income": -18
    },
    "2020-12-31": {
        "Diluted EPS": -0.2,
        "Total Revenue": 14,
        "Gross Profit": -5,
        "Operating Income": -17,
        "EBIT": -16,
        "Net Income": -19
    },
    "2020-09-30": {
        "Diluted EPS": -0.19,
        "Total Revenue": 10,
        "Gross Profit": -2,
        "Operating Income": -14,
        "EBIT": -12,
        "Net Income": -17
    },
    "2020-06-30": {
        "Diluted EPS": -0.23,
        "Total Revenue": 8,
        "Gross Profit": -6,
        "Operating Income": -17,
        "EBIT": -16,
        "Net Income": -20
    },
    "2020-03-31": {
        "Diluted EPS": -0.26,
        "Total Revenue": 10,
        "Gross Profit": -7,
        "Operating Income": -17,
        "EBIT": -16,
        "Net Income": -19
    },
    "2019-12-31": {
        "Diluted EPS": -0.17,
        "Total Revenue": 12,
        "Gross Profit": 0,
        "Operating Income": -8,
        "EBIT": -7,
        "Net Income": -11
    },
    "2019-09-30": {
        "Diluted EPS": -0.19,
        "Total Revenue": 7,
        "Gross Profit": -1,
        "Operating Income": -9,
        "EBIT": -8,
        "Net Income": -11
    },
    "2019-06-30": {
        "Diluted EPS": -0.25,
        "Total Revenue": 7,
        "Gross Profit": -4,
        "Operating Income": -11,
        "EBIT": -10,
        "Net Income": -13
    },
    "2019-03-31": {
        "Diluted EPS": -0.28,
        "Total Revenue": 4,
        "Gross Profit": -6,
        "Operating Income": -13,
        "EBIT": -12,
        "Net Income": -13
    },
    "2018-12-31": {
        "Diluted EPS": -0.38,
        "Total Revenue": 4,
        "Gross Profit": -7,
        "Operating Income": -17,
        "EBIT": -15,
        "Net Income": -18
    },
    "2018-09-30": {
        "Diluted EPS": -0.33,
        "Total Revenue": 4,
        "Gross Profit": -5,
        "Operating Income": -14,
        "EBIT": -13,
        "Net Income": -15
    },
    "2018-06-30": {
        "Diluted EPS": -0.35,
        "Total Revenue": 5,
        "Gross Profit": -5,
        "Operating Income": -13,
        "EBIT": -12,
        "Net Income": -15
    },
    "2018-03-31": {
        "Diluted EPS": -0.39,
        "Total Revenue": 4,
        "Gross Profit": -8,
        "Operating Income": -17,
        "EBIT": -15,
        "Net Income": -18
    },
    "2017-12-31": {
        "Diluted EPS": -0.26,
        "Total Revenue": 12,
        "Gross Profit": 0,
        "Operating Income": -11,
        "EBIT": -9,
        "Net Income": -13
    },
    "2017-09-30": {
        "Diluted EPS": -0.59,
        "Total Revenue": 5,
        "Gross Profit": -7,
        "Operating Income": -14,
        "EBIT": -13,
        "Net Income": -15
    },
    "2017-06-30": {
        "Diluted EPS": -0.55,
        "Total Revenue": 3,
        "Gross Profit": -1,
        "Operating Income": -8,
        "EBIT": -8,
        "Net Income": -9
    },
    "2017-03-31": {
        "Diluted EPS": -0.51,
        "Total Revenue": 3,
        "Gross Profit": 1,
        "Operating Income": -6,
        "EBIT": -6,
        "Net Income": -7
    },
    "2016-12-31": {
        "Diluted EPS": -0.34,
        "Total Revenue": 3,
        "Gross Profit": 1,
        "Operating Income": -4,
        "EBIT": -4,
        "Net Income": -5
    },
    "2016-09-30": {
        "Diluted EPS": -0.34,
        "Total Revenue": 3,
        "Gross Profit": 1,
        "Operating Income": -4,
        "EBIT": -3,
        "Net Income": -4
    },
    "2016-06-30": {
        "Diluted EPS": -0.5,
        "Total Revenue": 2,
        "Gross Profit": 1,
        "Operating Income": -5,
        "EBIT": -5,
        "Net Income": -6
    },
    "2016-03-31": {
        "Diluted EPS": -0.43,
        "Total Revenue": 2,
        "Gross Profit": 1,
        "Operating Income": -4,
        "EBIT": -4,
        "Net Income": -5
    },
    "2015-12-31": {
        "Diluted EPS": -0.44,
        "Total Revenue": 3,
        "Gross Profit": 1,
        "Operating Income": -4,
        "EBIT": -4,
        "Net Income": -5
    },
    "2015-09-30": {
        "Diluted EPS": -0.48,
        "Total Revenue": 2,
        "Gross Profit": 1,
        "Operating Income": -5,
        "EBIT": -4,
        "Net Income": -5
    },
    "2015-06-30": {
        "Diluted EPS": -0.44,
        "Total Revenue": 1,
        "Gross Profit": 1,
        "Operating Income": -4,
        "EBIT": -3,
        "Net Income": -5
    },
    "2015-03-31": {
        "Diluted EPS": -0.37,
        "Total Revenue": 2,
        "Gross Profit": 1,
        "Operating Income": -3,
        "EBIT": -3,
        "Net Income": -4
    },
    "2014-12-31": {
        "Diluted EPS": -0.38,
        "Total Revenue": 1,
        "Gross Profit": 1,
        "Operating Income": -4,
        "EBIT": -4,
        "Net Income": -4
    },
    "2014-09-30": {
        "Diluted EPS": -0.36,
        "Total Revenue": 1,
        "Gross Profit": 0,
        "Operating Income": -3,
        "EBIT": -3,
        "Net Income": -3
    },
    "2014-06-30": {
        "Diluted EPS": -0.43,
        "Total Revenue": 2,
        "Gross Profit": 1,
        "Operating Income": -4,
        "EBIT": -3,
        "Net Income": -4
    },
    "2014-03-31": {
        "Diluted EPS": -0.64,
        "Total Revenue": 2,
        "Gross Profit": 1,
        "Operating Income": -6,
        "EBIT": -6,
        "Net Income": -6
    },
    "2013-12-31": {
        "Diluted EPS": -0.54,
        "Total Revenue": 0,
        "Gross Profit": 0,
        "Operating Income": -5,
        "EBIT": -4,
        "Net Income": -5
    },
    "2013-09-30": {
        "Diluted EPS": -0.46,
        "Total Revenue": 1,
        "Gross Profit": 0,
        "Operating Income": -3,
        "EBIT": -2,
        "Net Income": -3
    },
    "2013-06-30": {
        "Diluted EPS": -0.83,
        "Total Revenue": 1,
        "Gross Profit": 0,
        "Operating Income": -5,
        "EBIT": -5,
        "Net Income": -5
    },
    "2013-03-31": {
        "Diluted EPS": -0.55,
        "Total Revenue": 1,
        "Gross Profit": 0,
        "Operating Income": -3,
        "EBIT": -3,
        "Net Income": -3
    },
    "2012-12-31": {
        "Diluted EPS": 0.0,
        "Total Revenue": NaN,
        "Gross Profit": NaN,
        "Operating Income": NaN,
        "EBIT": NaN,
        "Net Income": NaN
    },
    "2023-06-30": {
        "Tax Effect Of Unusual Items": 0.0,
        "Tax Rate For Calcs": 0.0,
        "Normalized EBITDA": 2025942.0,
        "Total Unusual Items": 0.0,
        "Total Unusual Items Excluding Goodwill": 0.0,
        "Net Income From Continuing Operation Net Minority Interest": -6370707.0,
        "Reconciled Depreciation": 2097542.0,
        "Reconciled Cost Of Revenue": 41514484.0,
        "EBITDA": 2025942.0,
        "EBIT": -71600.0,
        "Net Interest Income": -5884803.0,
        "Interest Expense": 6299107.0,
        "Interest Income": 414304.0,
        "Normalized Income": -6370707.0,
        "Net Income From Continuing And Discontinued Operation": -6370707.0,
        "Total Expenses": 60596268.0,
        "Total Operating Income As Reported": -473077.0,
        "Diluted Average Shares": 222683393.0,
        "Basic Average Shares": 222683393.0,
        "Diluted EPS": -0.03,
        "Basic EPS": -0.03,
        "Diluted NI Availto Com Stockholders": -6370707.0,
        "Net Income Common Stockholders": -6370707.0,
        "Net Income": -6370707.0,
        "Net Income Including Noncontrolling Interests": -6370707.0,
        "Net Income Continuous Operations": -6370707.0,
        "Tax Provision": NaN,
        "Pretax Income": -6370707.0,
        "Other Income Expense": -12827.0,
        "Other Non Operating Income Expenses": -12827.0,
        "Special Income Charges": 0.0,
        "Other Special Charges": NaN,
        "Net Non Operating Interest Income Expense": -5884803.0,
        "Interest Expense Non Operating": 6299107.0,
        "Interest Income Non Operating": 414304.0,
        "Operating Income": -473077.0,
        "Operating Expense": 17163080.0,
        "Other Operating Expenses": 1333424.0,
        "Depreciation Amortization Depletion Income Statement": 178838.0,
        "Depreciation And Amortization In Income Statement": 178838.0,
        "Amortization": 178838.0,
        "Amortization Of Intangibles Income Statement": 178838.0,
        "Research And Development": 1403260.0,
        "Selling General And Administration": 14247558.0,
        "Gross Profit": 16690003.0,
        "Cost Of Revenue": 43433188.0,
        "Total Revenue": 60123191.0,
        "Operating Revenue": 60123191.0
    },
    "2023-09-30": {
        "Tax Effect Of Unusual Items": 0.0,
        "Tax Rate For Calcs": 0.21,
        "Normalized EBITDA": 11055116.0,
        "Total Unusual Items": 0.0,
        "Total Unusual Items Excluding Goodwill": 0.0,
        "Net Income From Continuing Operation Net Minority Interest": 2565055.0,
        "Reconciled Depreciation": 2092508.0,
        "Reconciled Cost Of Revenue": 40708343.0,
        "EBITDA": 11055116.0,
        "EBIT": 8962608.0,
        "Net Interest Income": -5974277.0,
        "Interest Expense": 6397553.0,
        "Interest Income": 423276.0,
        "Normalized Income": 2565055.0,
        "Net Income From Continuing And Discontinued Operation": 2565055.0,
        "Total Expenses": 58589439.0,
        "Total Operating Income As Reported": 8685159.0,
        "Diluted Average Shares": 225276980.0,
        "Basic Average Shares": 225276980.0,
        "Diluted EPS": 0.01,
        "Basic EPS": 0.01,
        "Diluted NI Availto Com Stockholders": 2565055.0,
        "Net Income Common Stockholders": 2565055.0,
        "Net Income": 2565055.0,
        "Net Income Including Noncontrolling Interests": 2565055.0,
        "Net Income Continuous Operations": 2565055.0,
        "Tax Provision": NaN,
        "Pretax Income": 2565055.0,
        "Other Income Expense": -145827.0,
        "Other Non Operating Income Expenses": -145827.0,
        "Special Income Charges": 0.0,
        "Other Special Charges": NaN,
        "Net Non Operating Interest Income Expense": -5974277.0,
        "Interest Expense Non Operating": 6397553.0,
        "Interest Income Non Operating": 423276.0,
        "Operating Income": 8685159.0,
        "Operating Expense": 15967426.0,
        "Other Operating Expenses": 466898.0,
        "Depreciation Amortization Depletion Income Statement": 178838.0,
        "Depreciation And Amortization In Income Statement": 178838.0,
        "Amortization": 178838.0,
        "Amortization Of Intangibles Income Statement": 178838.0,
        "Research And Development": 595903.0,
        "Selling General And Administration": 14725787.0,
        "Gross Profit": 24652585.0,
        "Cost Of Revenue": 42622013.0,
        "Total Revenue": 67274598.0,
        "Operating Revenue": 67274598.0
    },
    "2023-12-31": {
        "Tax Effect Of Unusual Items": 0.0,
        "Tax Rate For Calcs": 0.0,
        "Normalized EBITDA": 16853273.0,
        "Total Unusual Items": -26174000.0,
        "Total Unusual Items Excluding Goodwill": -26174000.0,
        "Net Income From Continuing Operation Net Minority Interest": -17644533.0,
        "Reconciled Depreciation": 2108950.0,
        "Reconciled Cost Of Revenue": 40895791.0,
        "EBITDA": -9320727.0,
        "EBIT": -11429677.0,
        "Net Interest Income": -5602407.0,
        "Interest Expense": 6214856.0,
        "Interest Income": 612449.0,
        "Normalized Income": 8529467.0,
        "Net Income From Continuing And Discontinued Operation": -17644533.0,
        "Total Expenses": 59670441.0,
        "Total Operating Income As Reported": 14233236.0,
        "Diluted Average Shares": NaN,
        "Basic Average Shares": NaN,
        "Diluted EPS": NaN,
        "Basic EPS": NaN,
        "Diluted NI Availto Com Stockholders": -17644533.0,
        "Net Income Common Stockholders": -17644533.0,
        "Net Income": -17644533.0,
        "Net Income Including Noncontrolling Interests": -17644533.0,
        "Net Income Continuous Operations": -17644533.0,
        "Tax Provision": NaN,
        "Pretax Income": -17644533.0,
        "Other Income Expense": -26275362.0,
        "Other Non Operating Income Expenses": -101362.0,
        "Special Income Charges": -26174000.0,
        "Other Special Charges": NaN,
        "Net Non Operating Interest Income Expense": -5602407.0,
        "Interest Expense Non Operating": 6214856.0,
        "Interest Income Non Operating": 612449.0,
        "Operating Income": 14233236.0,
        "Operating Expense": 16853186.0,
        "Other Operating Expenses": 685215.0,
        "Depreciation Amortization Depletion Income Statement": 187486.0,
        "Depreciation And Amortization In Income Statement": 187486.0,
        "Amortization": 187486.0,
        "Amortization Of Intangibles Income Statement": 187486.0,
        "Research And Development": 445486.0,
        "Selling General And Administration": 15534999.0,
        "Gross Profit": 31086422.0,
        "Cost Of Revenue": 42817255.0,
        "Total Revenue": 73903677.0,
        "Operating Revenue": 73903677.0
    },
    "2024-03-31": {
        "Tax Effect Of Unusual Items": 0.0,
        "Tax Rate For Calcs": 0.032,
        "Normalized EBITDA": 24284000.0,
        "Total Unusual Items": NaN,
        "Total Unusual Items Excluding Goodwill": NaN,
        "Net Income From Continuing Operation Net Minority Interest": 17806000.0,
        "Reconciled Depreciation": 2114000.0,
        "Reconciled Cost Of Revenue": 40846000.0,
        "EBITDA": 24284000.0,
        "EBIT": 22170000.0,
        "Net Interest Income": -3385000.0,
        "Interest Expense": 3769000.0,
        "Interest Income": 384000.0,
        "Normalized Income": 17806000.0,
        "Net Income From Continuing And Discontinued Operation": 17806000.0,
        "Total Expenses": 60054000.0,
        "Total Operating Income As Reported": 21821000.0,
        "Diluted Average Shares": 236414374.0,
        "Basic Average Shares": 228874847.0,
        "Diluted EPS": 0.08,
        "Basic EPS": 0.08,
        "Diluted NI Availto Com Stockholders": 17806000.0,
        "Net Income Common Stockholders": 17806000.0,
        "Net Income": 17806000.0,
        "Net Income Including Noncontrolling Interests": 17806000.0,
        "Net Income Continuous Operations": 17806000.0,
        "Tax Provision": 595000.0,
        "Pretax Income": 18401000.0,
        "Other Income Expense": -35000.0,
        "Other Non Operating Income Expenses": -35000.0,
        "Special Income Charges": NaN,
        "Other Special Charges": NaN,
        "Net Non Operating Interest Income Expense": -3385000.0,
        "Interest Expense Non Operating": 3769000.0,
        "Interest Income Non Operating": 384000.0,
        "Operating Income": 21821000.0,
        "Operating Expense": 17287000.0,
        "Other Operating Expenses": 1005000.0,
        "Depreciation Amortization Depletion Income Statement": 193000.0,
        "Depreciation And Amortization In Income Statement": 193000.0,
        "Amortization": 193000.0,
        "Amortization Of Intangibles Income Statement": 193000.0,
        "Research And Development": 450000.0,
        "Selling General And Administration": 15639000.0,
        "Gross Profit": 39108000.0,
        "Cost Of Revenue": 42767000.0,
        "Total Revenue": 81875000.0,
        "Operating Revenue": 81875000.0
    }
}