{
    "2023-03-31": {
        "Tax Effect Of Unusual Items": 0.0,
        "Tax Rate For Calcs": 0.0,
        "Normalized EBITDA": -3844307.0,
        "Total Unusual Items": -2473904.0,
        "Total Unusual Items Excluding Goodwill": -2473904.0,
        "Net Income From Continuing Operation Net Minority Interest": -9014608.0,
        "Reconciled Depreciation": 109470.0,
        "Reconciled Cost Of Revenue": 1788066.0,
        "EBIT": -6427681.0,
        "Net Interest Income": 11.0,
        "Interest Expense": NaN,
        "Interest Income": 11.0,
        "Normalized Income": -6540704.0,
        "Net Income From Continuing And Discontinued Operation": -8942907.0,
        "Total Expenses": 7880681.0,
        "Total Operating Income As Reported": -6427681.0,
        "Diluted Average Shares": 2184522.0,
        "Basic Average Shares": 2184522.0,
        "Diluted EPS": -4.2,
        "Basic EPS": -4.2,
        "Diluted NI Availto Com Stockholders": -8942907.0,
        "Net Income Common Stockholders": -8942907.0,
        "Net Income": -8942907.0,
        "Net Income Including Noncontrolling Interests": -8942907.0,
        "Net Income Discontinuous Operations": 71701.0,
        "Net Income Continuous Operations": -9014608.0,
        "Tax Provision": 0.0,
        "Pretax Income": -9014608.0,
        "Other Income Expense": -2586938.0,
        "Other Non Operating Income Expenses": -113034.0,
        "Special Income Charges": NaN,
        "Other Special Charges": NaN,
        "Gain On Sale Of Security": -2473904.0,
        "Net Non Operating Interest Income Expense": 11.0,
        "Interest Expense Non Operating": NaN,
        "Interest Income Non Operating": 11.0,
        "Operating Income": -6427681.0,
        "Operating Expense": 6092615.0,
        "Research And Development": 1310529.0,
        "Selling General And Administration": 4782086.0,
        "General And Administrative Expense": NaN,
        "Other Gand A": NaN,
        "Salaries And Wages": NaN,
        "Gross Profit": -335066.0,
        "Cost Of Revenue": 1788066.0,
        "Total Revenue": 1453000.0,
        "Operating Revenue": 1453000.0
    },
    "2022-12-31": {
        "Tax Effect Of Unusual Items": 956784.8,
        "Tax Rate For Calcs": 0.4,
        "Normalized EBITDA": -4661898.0,
        "Total Unusual Items": 2391962.0,
        "Total Unusual Items Excluding Goodwill": 2391962.0,
        "Net Income From Continuing Operation Net Minority Interest": -3402989.0,
        "Reconciled Depreciation": 372005.0,
        "Reconciled Cost Of Revenue": 2481789.0,
        "EBIT": -2641941.0,
        "Net Interest Income": 423518.0,
        "Interest Expense": NaN,
        "Interest Income": NaN,
        "Normalized Income": -4838166.2,
        "Net Income From Continuing And Discontinued Operation": -3327536.0,
        "Total Expenses": 6492422.0,
        "Total Operating Income As Reported": -4341740.0,
        "Diluted Average Shares": 2142637.0,
        "Basic Average Shares": 2142637.0,
        "Diluted EPS": -2.1,
        "Basic EPS": -2.1,
        "Diluted NI Availto Com Stockholders": -3327536.0,
        "Net Income Common Stockholders": -3327536.0,
        "Net Income": -3327536.0,
        "Net Income Including Noncontrolling Interests": -3327536.0,
        "Net Income Discontinuous Operations": 75453.0,
        "Net Income Continuous Operations": -3402989.0,
        "Tax Provision": 2000.0,
        "Pretax Income": -3400989.0,
        "Other Income Expense": 517233.0,
        "Other Non Operating Income Expenses": NaN,
        "Special Income Charges": 2387417.0,
        "Other Special Charges": -2387417.0,
        "Gain On Sale Of Security": 4545.0,
        "Net Non Operating Interest Income Expense": 423518.0,
        "Interest Expense Non Operating": NaN,
        "Interest Income Non Operating": NaN,
        "Operating Income": -4341740.0,
        "Operating Expense": 4010633.0,
        "Research And Development": 859846.0,
        "Selling General And Administration": 3150787.0,
        "General And Administrative Expense": NaN,
        "Other Gand A": NaN,
        "Salaries And Wages": NaN,
        "Gross Profit": -331107.0,
        "Cost Of Revenue": 2481789.0,
        "Total Revenue": 2150682.0,
        "Operating Revenue": 2150682.0
    },
    "2022-09-30": {
        "Tax Effect Of Unusual Items": 0.0,
        "Tax Rate For Calcs": 0.0,
        "Normalized EBITDA": -3930914.0,
        "Total Unusual Items": 58690.0,
        "Total Unusual Items Excluding Goodwill": 58690.0,
        "Net Income From Continuing Operation Net Minority Interest": -4271209.0,
        "Reconciled Depreciation": 398985.0,
        "Reconciled Cost Of Revenue": 1647585.0,
        "EBIT": -4271209.0,
        "Net Interest Income": 298118.0,
        "Interest Expense": 0.0,
        "Interest Income": 298118.0,
        "Normalized Income": -4329899.0,
        "Net Income From Continuing And Discontinued Operation": -4398901.0,
        "Total Expenses": 6133700.0,
        "Total Operating Income As Reported": -4628017.0,
        "Diluted Average Shares": 2142618.0,
        "Basic Average Shares": 2142618.0,
        "Diluted EPS": -2.1,
        "Basic EPS": -2.1,
        "Diluted NI Availto Com Stockholders": -4398901.0,
        "Net Income Common Stockholders": -4398901.0,
        "Net Income": -4398901.0,
        "Net Income Including Noncontrolling Interests": -4398901.0,
        "Net Income Discontinuous Operations": -127692.0,
        "Net Income Continuous Operations": -4271209.0,
        "Tax Provision": 0.0,
        "Pretax Income": -4271209.0,
        "Other Income Expense": 58690.0,
        "Other Non Operating Income Expenses": NaN,
        "Special Income Charges": 0.0,
        "Other Special Charges": NaN,
        "Gain On Sale Of Security": 58690.0,
        "Net Non Operating Interest Income Expense": 298118.0,
        "Interest Expense Non Operating": 0.0,
        "Interest Income Non Operating": 298118.0,
        "Operating Income": -4628017.0,
        "Operating Expense": 4486115.0,
        "Research And Development": 1977939.0,
        "Selling General And Administration": 2508176.0,
        "General And Administrative Expense": NaN,
        "Other Gand A": NaN,
        "Salaries And Wages": NaN,
        "Gross Profit": -141902.0,
        "Cost Of Revenue": 1647585.0,
        "Total Revenue": 1505683.0,
        "Operating Revenue": 1505683.0
    },
    "2022-06-30": {
        "Tax Effect Of Unusual Items": 0.0,
        "Tax Rate For Calcs": 0.0,
        "Normalized EBITDA": -8049222.0,
        "Total Unusual Items": 82123.0,
        "Total Unusual Items Excluding Goodwill": 82123.0,
        "Net Income From Continuing Operation Net Minority Interest": -8335454.0,
        "Reconciled Depreciation": 368355.0,
        "Reconciled Cost Of Revenue": 689178.0,
        "EBIT": -8335454.0,
        "Net Interest Income": 16174.0,
        "Interest Expense": 0.0,
        "Interest Income": 16174.0,
        "Normalized Income": -8417577.0,
        "Net Income From Continuing And Discontinued Operation": -8397221.0,
        "Total Expenses": 8215766.0,
        "Total Operating Income As Reported": -8175919.0,
        "Diluted Average Shares": 2140224.0,
        "Basic Average Shares": 2140224.0,
        "Diluted EPS": -3.92,
        "Basic EPS": -3.92,
        "Diluted NI Availto Com Stockholders": -8397221.0,
        "Net Income Common Stockholders": -8397221.0,
        "Net Income": -8397221.0,
        "Net Income Including Noncontrolling Interests": -8397221.0,
        "Net Income Discontinuous Operations": -61767.0,
        "Net Income Continuous Operations": -8335454.0,
        "Tax Provision": NaN,
        "Pretax Income": -8335454.0,
        "Other Income Expense": -175709.0,
        "Other Non Operating Income Expenses": -257832.0,
        "Special Income Charges": 62583.0,
        "Other Special Charges": -62583.0,
        "Gain On Sale Of Security": 19540.0,
        "Net Non Operating Interest Income Expense": 16174.0,
        "Interest Expense Non Operating": 0.0,
        "Interest Income Non Operating": 16174.0,
        "Operating Income": -8175919.0,
        "Operating Expense": 7526588.0,
        "Research And Development": 3320654.0,
        "Selling General And Administration": 4205934.0,
        "General And Administrative Expense": NaN,
        "Other Gand A": NaN,
        "Salaries And Wages": NaN,
        "Gross Profit": -649331.0,
        "Cost Of Revenue": 689178.0,
        "Total Revenue": 39847.0,
        "Operating Revenue": 39847.0
    },
    "2022-03-31": {
        "Diluted EPS": -4.9,
        "Total Revenue": 1,
        "Gross Profit": 0,
        "Operating Income": -8,
        "EBIT": -8,
        "Net Income": -10
    },
    "2021-12-31": {
        "Diluted EPS": -4.2,
        "Total Revenue": -1,
        "Gross Profit": -3,
        "Operating Income": -8,
        "EBIT": -8,
        "Net Income": -9
    },
    "2021-09-30": {
        "Diluted EPS": -5.59,
        "Total Revenue": 1,
        "Gross Profit": -1,
        "Operating Income": -10,
        "EBIT": -10,
        "Net Income": -12
    },
    "2021-06-30": {
        "Diluted EPS": -4.2,
        "Total Revenue": 1,
        "Gross Profit": -1,
        "Operating Income": -8,
        "EBIT": -7,
        "Net Income": -9
    },
    "2021-03-31": {
        "Diluted EPS": -8.39,
        "Total Revenue": 1,
        "Gross Profit": 0,
        "Operating Income": -6,
        "EBIT": -6,
        "Net Income": -15
    },
    "2020-12-31": {
        "Diluted EPS": -13.99,
        "Total Revenue": -7,
        "Gross Profit": -3,
        "Operating Income": -9,
        "EBIT": -6,
        "Net Income": -18
    },
    "2020-09-30": {
        "Diluted EPS": -10.49,
        "Total Revenue": 1,
        "Gross Profit": -1,
        "Operating Income": -6,
        "EBIT": -9,
        "Net Income": -11
    },
    "2020-06-30": {
        "Diluted EPS": -12.59,
        "Total Revenue": 4,
        "Gross Profit": -1,
        "Operating Income": -11,
        "EBIT": -10,
        "Net Income": -13
    },
    "2020-03-31": {
        "Diluted EPS": -7.69,
        "Total Revenue": 5,
        "Gross Profit": 1,
        "Operating Income": -10,
        "EBIT": -6,
        "Net Income": -7
    },
    "2019-12-31": {
        "Diluted EPS": -3.5,
        "Total Revenue": 6,
        "Gross Profit": 1,
        "Operating Income": -6,
        "EBIT": -5,
        "Net Income": -4
    },
    "2019-09-30": {
        "Diluted EPS": -8.39,
        "Total Revenue": 6,
        "Gross Profit": 2,
        "Operating Income": -7,
        "EBIT": -6,
        "Net Income": -7
    },
    "2019-06-30": {
        "Diluted EPS": -11.19,
        "Total Revenue": 6,
        "Gross Profit": 2,
        "Operating Income": -8,
        "EBIT": -7,
        "Net Income": -8
    },
    "2019-03-31": {
        "Diluted EPS": -13.29,
        "Total Revenue": 5,
        "Gross Profit": 1,
        "Operating Income": -9,
        "EBIT": -8,
        "Net Income": -9
    },
    "2018-12-31": {
        "Diluted EPS": -18.88,
        "Total Revenue": 4,
        "Gross Profit": 1,
        "Operating Income": -13,
        "EBIT": -12,
        "Net Income": -13
    },
    "2018-09-30": {
        "Diluted EPS": -14.69,
        "Total Revenue": 4,
        "Gross Profit": 2,
        "Operating Income": -9,
        "EBIT": -8,
        "Net Income": -9
    },
    "2018-06-30": {
        "Diluted EPS": -20.28,
        "Total Revenue": 4,
        "Gross Profit": 2,
        "Operating Income": -10,
        "EBIT": -9,
        "Net Income": -10
    },
    "2018-03-31": {
        "Diluted EPS": -16.08,
        "Total Revenue": 3,
        "Gross Profit": 1,
        "Operating Income": -8,
        "EBIT": -7,
        "Net Income": -8
    },
    "2017-12-31": {
        "Diluted EPS": -16.78,
        "Total Revenue": 3,
        "Gross Profit": 1,
        "Operating Income": -8,
        "EBIT": -8,
        "Net Income": -8
    },
    "2017-09-30": {
        "Diluted EPS": -14.69,
        "Total Revenue": 3,
        "Gross Profit": 1,
        "Operating Income": -6,
        "EBIT": -5,
        "Net Income": -7
    },
    "2017-06-30": {
        "Diluted EPS": -13.29,
        "Total Revenue": 4,
        "Gross Profit": 2,
        "Operating Income": -5,
        "EBIT": -4,
        "Net Income": -5
    },
    "2017-03-31": {
        "Diluted EPS": -18.18,
        "Total Revenue": 3,
        "Gross Profit": 1,
        "Operating Income": -6,
        "EBIT": -5,
        "Net Income": -6
    },
    "2016-12-31": {
        "Diluted EPS": 4.9,
        "Total Revenue": 2,
        "Gross Profit": 1,
        "Operating Income": -5,
        "EBIT": -4,
        "Net Income": -1
    },
    "2016-09-30": {
        "Diluted EPS": -28.67,
        "Total Revenue": 2,
        "Gross Profit": 0,
        "Operating Income": -7,
        "EBIT": -6,
        "Net Income": -8
    },
    "2016-06-30": {
        "Diluted EPS": -25.87,
        "Total Revenue": 2,
        "Gross Profit": 1,
        "Operating Income": -7,
        "EBIT": -7,
        "Net Income": -6
    },
    "2016-03-31": {
        "Diluted EPS": -33.57,
        "Total Revenue": NaN,
        "Gross Profit": NaN,
        "Operating Income": -6,
        "EBIT": -6,
        "Net Income": -6
    },
    "2015-12-31": {
        "Diluted EPS": -13.99,
        "Total Revenue": NaN,
        "Gross Profit": NaN,
        "Operating Income": -3,
        "EBIT": -3,
        "Net Income": -4
    },
    "2015-09-30": {
        "Diluted EPS": -16.78,
        "Total Revenue": NaN,
        "Gross Profit": NaN,
        "Operating Income": -3,
        "EBIT": -3,
        "Net Income": -3
    },
    "2015-06-30": {
        "Diluted EPS": -18.88,
        "Total Revenue": NaN,
        "Gross Profit": NaN,
        "Operating Income": -4,
        "EBIT": -3,
        "Net Income": -4
    },
    "2015-03-31": {
        "Diluted EPS": -22.38,
        "Total Revenue": NaN,
        "Gross Profit": NaN,
        "Operating Income": -4,
        "EBIT": -4,
        "Net Income": -3
    },
    "2014-12-31": {
        "Diluted EPS": -18.18,
        "Total Revenue": NaN,
        "Gross Profit": NaN,
        "Operating Income": -2,
        "EBIT": -2,
        "Net Income": -3
    },
    "2014-09-30": {
        "Diluted EPS": -13.99,
        "Total Revenue": NaN,
        "Gross Profit": NaN,
        "Operating Income": -2,
        "EBIT": -2,
        "Net Income": -2
    },
    "2014-06-30": {
        "Diluted EPS": -18.88,
        "Total Revenue": NaN,
        "Gross Profit": NaN,
        "Operating Income": -3,
        "EBIT": -2,
        "Net Income": -3
    },
    "2014-03-31": {
        "Diluted EPS": -11.19,
        "Total Revenue": NaN,
        "Gross Profit": NaN,
        "Operating Income": -2,
        "EBIT": -1,
        "Net Income": -2
    },
    "2013-12-31": {
        "Diluted EPS": -57.34,
        "Total Revenue": NaN,
        "Gross Profit": NaN,
        "Operating Income": -1,
        "EBIT": 4,
        "Net Income": -6
    },
    "2013-09-30": {
        "Diluted EPS": -0.36,
        "Total Revenue": NaN,
        "Gross Profit": NaN,
        "Operating Income": -1,
        "EBIT": 2,
        "Net Income": 0
    },
    "2013-06-30": {
        "Diluted EPS": -11.89,
        "Total Revenue": NaN,
        "Gross Profit": NaN,
        "Operating Income": -1,
        "EBIT": -1,
        "Net Income": -1
    },
    "2013-03-31": {
        "Diluted EPS": 0.0,
        "Total Revenue": NaN,
        "Gross Profit": NaN,
        "Operating Income": NaN,
        "EBIT": NaN,
        "Net Income": NaN
    },
    "2012-12-31": {
        "Diluted EPS": -23.78,
        "Total Revenue": NaN,
        "Gross Profit": NaN,
        "Operating Income": -1,
        "EBIT": 1,
        "Net Income": -2
    },
    "2012-09-30": {
        "Diluted EPS": -11.89,
        "Total Revenue": NaN,
        "Gross Profit": NaN,
        "Operating Income": -1,
        "EBIT": 0,
        "Net Income": -1
    },
    "2012-06-30": {
        "Diluted EPS": -35.68,
        "Total Revenue": NaN,
        "Gross Profit": NaN,
        "Operating Income": -1,
        "EBIT": -1,
        "Net Income": -3
    },
    "2012-03-31": {
        "Diluted EPS": 0.0,
        "Total Revenue": NaN,
        "Gross Profit": NaN,
        "Operating Income": NaN,
        "EBIT": NaN,
        "Net Income": NaN
    },
    "2011-12-31": {
        "Diluted EPS": -11.89,
        "Total Revenue": NaN,
        "Gross Profit": NaN,
        "Operating Income": -1,
        "EBIT": 0,
        "Net Income": -1
    },
    "2011-09-30": {
        "Diluted EPS": -23.79,
        "Total Revenue": NaN,
        "Gross Profit": NaN,
        "Operating Income": -1,
        "EBIT": -1,
        "Net Income": -1
    },
    "2011-06-30": {
        "Diluted EPS": -23.79,
        "Total Revenue": NaN,
        "Gross Profit": NaN,
        "Operating Income": -1,
        "EBIT": -1,
        "Net Income": -1
    },
    "2011-03-31": {
        "Diluted EPS": 0.0,
        "Total Revenue": NaN,
        "Gross Profit": NaN,
        "Operating Income": NaN,
        "EBIT": NaN,
        "Net Income": NaN
    },
    "2010-12-31": {
        "Diluted EPS": -47.57,
        "Total Revenue": NaN,
        "Gross Profit": NaN,
        "Operating Income": -3,
        "EBIT": 0,
        "Net Income": -3
    },
    "2010-09-30": {
        "Diluted EPS": -59.46,
        "Total Revenue": NaN,
        "Gross Profit": NaN,
        "Operating Income": -1,
        "EBIT": -1,
        "Net Income": -1
    },
    "2010-06-30": {
        "Diluted EPS": -47.57,
        "Total Revenue": NaN,
        "Gross Profit": NaN,
        "Operating Income": -1,
        "EBIT": -1,
        "Net Income": -1
    },
    "2010-03-31": {
        "Diluted EPS": 0.0,
        "Total Revenue": NaN,
        "Gross Profit": NaN,
        "Operating Income": NaN,
        "EBIT": NaN,
        "Net Income": NaN
    },
    "2009-12-31": {
        "Diluted EPS": -23.79,
        "Total Revenue": 0,
        "Gross Profit": 0,
        "Operating Income": -1,
        "EBIT": -1,
        "Net Income": -1
    },
    "2009-09-30": {
        "Diluted EPS": -23.79,
        "Total Revenue": 0,
        "Gross Profit": 0,
        "Operating Income": -1,
        "EBIT": -1,
        "Net Income": -1
    },
    "2009-06-30": {
        "Diluted EPS": -23.79,
        "Total Revenue": 0,
        "Gross Profit": 0,
        "Operating Income": -1,
        "EBIT": -1,
        "Net Income": -1
    },
    "2009-03-31": {
        "Diluted EPS": -11.89,
        "Total Revenue": NaN,
        "Gross Profit": NaN,
        "Operating Income": 0,
        "EBIT": 0,
        "Net Income": 0
    },
    "2023-06-30": {
        "Tax Effect Of Unusual Items": 0.0,
        "Tax Rate For Calcs": 0.0,
        "Normalized EBITDA": -4213419.0,
        "Total Unusual Items": -2656311.0,
        "Total Unusual Items Excluding Goodwill": -2656311.0,
        "Net Income From Continuing Operation Net Minority Interest": -7003391.0,
        "Reconciled Depreciation": 87349.0,
        "Reconciled Cost Of Revenue": 361394.0,
        "EBIT": -6957079.0,
        "Net Interest Income": -45609.0,
        "Interest Expense": 46312.0,
        "Interest Income": 703.0,
        "Normalized Income": -4347080.0,
        "Net Income From Continuing And Discontinued Operation": -8574122.0,
        "Total Expenses": 4771434.0,
        "Total Operating Income As Reported": -11304164.0,
        "Diluted Average Shares": 2569400.0,
        "Basic Average Shares": 2569400.0,
        "Diluted EPS": -3.4,
        "Basic EPS": -3.4,
        "Diluted NI Availto Com Stockholders": -8574122.0,
        "Net Income Common Stockholders": -8574122.0,
        "Net Income": -8574122.0,
        "Net Income Including Noncontrolling Interests": -8574122.0,
        "Net Income Discontinuous Operations": -1570731.0,
        "Net Income Continuous Operations": -7003391.0,
        "Tax Provision": NaN,
        "Pretax Income": -7003391.0,
        "Other Income Expense": -2193293.0,
        "Other Non Operating Income Expenses": 463018.0,
        "Special Income Charges": -6539675.0,
        "Other Special Charges": 6539675.0,
        "Gain On Sale Of Security": 3883364.0,
        "Net Non Operating Interest Income Expense": -45609.0,
        "Interest Expense Non Operating": 46312.0,
        "Interest Income Non Operating": 703.0,
        "Operating Income": -4764489.0,
        "Operating Expense": 4410040.0,
        "Research And Development": 376957.0,
        "Selling General And Administration": 4033083.0,
        "General And Administrative Expense": 4033083.0,
        "Other Gand A": 3980885.0,
        "Salaries And Wages": 52198.0,
        "Gross Profit": -354449.0,
        "Cost Of Revenue": 361394.0,
        "Total Revenue": 6945.0,
        "Operating Revenue": 6945.0
    }
}