{
    "2023-03-31": {
        "Tax Effect Of Unusual Items": NaN,
        "Tax Rate For Calcs": NaN,
        "Normalized EBITDA": NaN,
        "Total Unusual Items": NaN,
        "Total Unusual Items Excluding Goodwill": NaN,
        "Net Income From Continuing Operation Net Minority Interest": NaN,
        "Reconciled Depreciation": NaN,
        "Reconciled Cost Of Revenue": NaN,
        "EBITDA": NaN,
        "EBIT": NaN,
        "Net Interest Income": NaN,
        "Interest Expense": NaN,
        "Interest Income": NaN,
        "Normalized Income": NaN,
        "Net Income From Continuing And Discontinued Operation": NaN,
        "Total Expenses": NaN,
        "Diluted Average Shares": NaN,
        "Basic Average Shares": NaN,
        "Diluted EPS": NaN,
        "Basic EPS": NaN,
        "Diluted NI Availto Com Stockholders": NaN,
        "Net Income Common Stockholders": NaN,
        "Net Income": NaN,
        "Minority Interests": NaN,
        "Net Income Including Noncontrolling Interests": NaN,
        "Net Income Continuous Operations": NaN,
        "Tax Provision": NaN,
        "Pretax Income": NaN,
        "Other Income Expense": NaN,
        "Special Income Charges": NaN,
        "Restructuring And Mergern Acquisition": NaN,
        "Earnings From Equity Interest": NaN,
        "Gain On Sale Of Security": NaN,
        "Net Non Operating Interest Income Expense": NaN,
        "Total Other Finance Cost": NaN,
        "Interest Expense Non Operating": NaN,
        "Interest Income Non Operating": NaN,
        "Operating Income": NaN,
        "Operating Expense": NaN,
        "Selling General And Administration": NaN,
        "Selling And Marketing Expense": 141000000.0,
        "General And Administrative Expense": NaN,
        "Other Gand A": NaN,
        "Salaries And Wages": NaN,
        "Gross Profit": NaN,
        "Cost Of Revenue": NaN,
        "Total Revenue": NaN,
        "Operating Revenue": NaN
    },
    "2022-12-31": {
        "Tax Effect Of Unusual Items": NaN,
        "Tax Rate For Calcs": NaN,
        "Normalized EBITDA": NaN,
        "Total Unusual Items": NaN,
        "Total Unusual Items Excluding Goodwill": NaN,
        "Net Income From Continuing Operation Net Minority Interest": NaN,
        "Reconciled Depreciation": NaN,
        "Reconciled Cost Of Revenue": NaN,
        "EBITDA": NaN,
        "EBIT": NaN,
        "Net Interest Income": NaN,
        "Interest Expense": NaN,
        "Interest Income": NaN,
        "Normalized Income": NaN,
        "Net Income From Continuing And Discontinued Operation": NaN,
        "Total Expenses": NaN,
        "Diluted Average Shares": NaN,
        "Basic Average Shares": NaN,
        "Diluted EPS": NaN,
        "Basic EPS": NaN,
        "Diluted NI Availto Com Stockholders": NaN,
        "Net Income Common Stockholders": NaN,
        "Net Income": NaN,
        "Minority Interests": NaN,
        "Net Income Including Noncontrolling Interests": NaN,
        "Net Income Continuous Operations": NaN,
        "Tax Provision": NaN,
        "Pretax Income": NaN,
        "Other Income Expense": NaN,
        "Other Non Operating Income Expenses": -9651578.033008,
        "Special Income Charges": NaN,
        "Restructuring And Mergern Acquisition": NaN,
        "Earnings From Equity Interest": NaN,
        "Gain On Sale Of Security": NaN,
        "Net Non Operating Interest Income Expense": NaN,
        "Total Other Finance Cost": NaN,
        "Interest Expense Non Operating": NaN,
        "Interest Income Non Operating": NaN,
        "Operating Income": NaN,
        "Operating Expense": NaN,
        "Selling General And Administration": NaN,
        "Selling And Marketing Expense": 138000000.0,
        "General And Administrative Expense": NaN,
        "Other Gand A": NaN,
        "Salaries And Wages": NaN,
        "Gross Profit": NaN,
        "Cost Of Revenue": NaN,
        "Total Revenue": NaN,
        "Operating Revenue": NaN
    },
    "2022-09-30": {
        "Tax Effect Of Unusual Items": NaN,
        "Tax Rate For Calcs": NaN,
        "Normalized EBITDA": NaN,
        "Total Unusual Items": NaN,
        "Total Unusual Items Excluding Goodwill": NaN,
        "Net Income From Continuing Operation Net Minority Interest": NaN,
        "Reconciled Depreciation": NaN,
        "Reconciled Cost Of Revenue": NaN,
        "EBITDA": NaN,
        "EBIT": NaN,
        "Net Interest Income": NaN,
        "Interest Expense": NaN,
        "Interest Income": NaN,
        "Normalized Income": NaN,
        "Net Income From Continuing And Discontinued Operation": NaN,
        "Total Expenses": NaN,
        "Diluted Average Shares": NaN,
        "Basic Average Shares": NaN,
        "Diluted EPS": NaN,
        "Basic EPS": NaN,
        "Diluted NI Availto Com Stockholders": NaN,
        "Net Income Common Stockholders": NaN,
        "Net Income": NaN,
        "Minority Interests": NaN,
        "Net Income Including Noncontrolling Interests": NaN,
        "Net Income Continuous Operations": NaN,
        "Tax Provision": NaN,
        "Pretax Income": NaN,
        "Other Income Expense": NaN,
        "Other Non Operating Income Expenses": 4000000.0,
        "Special Income Charges": NaN,
        "Restructuring And Mergern Acquisition": NaN,
        "Earnings From Equity Interest": NaN,
        "Gain On Sale Of Security": NaN,
        "Net Non Operating Interest Income Expense": NaN,
        "Total Other Finance Cost": NaN,
        "Interest Expense Non Operating": NaN,
        "Interest Income Non Operating": NaN,
        "Operating Income": NaN,
        "Operating Expense": NaN,
        "Selling General And Administration": NaN,
        "Selling And Marketing Expense": 159000000.0,
        "General And Administrative Expense": NaN,
        "Other Gand A": NaN,
        "Salaries And Wages": NaN,
        "Gross Profit": NaN,
        "Cost Of Revenue": NaN,
        "Total Revenue": NaN,
        "Operating Revenue": NaN
    },
    "2022-06-30": {
        "Tax Effect Of Unusual Items": 0.0,
        "Tax Rate For Calcs": 0.0,
        "Normalized EBITDA": 133000000.0,
        "Total Unusual Items": -11000000.0,
        "Total Unusual Items Excluding Goodwill": -11000000.0,
        "Net Income From Continuing Operation Net Minority Interest": -30000000.0,
        "Reconciled Depreciation": 86000000.0,
        "Reconciled Cost Of Revenue": 3312000000.0,
        "EBITDA": 122000000.0,
        "EBIT": 36000000.0,
        "Net Interest Income": -40000000.0,
        "Interest Expense": 36000000.0,
        "Interest Income": 2000000.0,
        "Normalized Income": -19000000.0,
        "Net Income From Continuing And Discontinued Operation": -30000000.0,
        "Total Expenses": 3454000000.0,
        "Diluted Average Shares": 94800000.0,
        "Basic Average Shares": 94800000.0,
        "Diluted EPS": -0.32,
        "Basic EPS": -0.32,
        "Diluted NI Availto Com Stockholders": -30000000.0,
        "Net Income Common Stockholders": -30000000.0,
        "Net Income": -30000000.0,
        "Minority Interests": -10000000.0,
        "Net Income Including Noncontrolling Interests": -20000000.0,
        "Net Income Continuous Operations": -20000000.0,
        "Tax Provision": 20000000.0,
        "Pretax Income": 0.0,
        "Other Income Expense": 9000000.0,
        "Other Non Operating Income Expenses": 4000000.0,
        "Special Income Charges": -12000000.0,
        "Gain On Sale Of Business": NaN,
        "Restructuring And Mergern Acquisition": 12000000.0,
        "Earnings From Equity Interest": 16000000.0,
        "Gain On Sale Of Security": 1000000.0,
        "Net Non Operating Interest Income Expense": -40000000.0,
        "Total Other Finance Cost": 6000000.0,
        "Interest Expense Non Operating": 36000000.0,
        "Interest Income Non Operating": 2000000.0,
        "Operating Income": 31000000.0,
        "Operating Expense": 142000000.0,
        "Selling General And Administration": 142000000.0,
        "Selling And Marketing Expense": 142000000.0,
        "General And Administrative Expense": -4000000.0,
        "Other Gand A": 142000000.0,
        "Salaries And Wages": -4000000.0,
        "Gross Profit": 173000000.0,
        "Cost Of Revenue": 3312000000.0,
        "Total Revenue": 3485000000.0,
        "Operating Revenue": 3485000000.0
    },
    "2023-06-30": {
        "Tax Effect Of Unusual Items": NaN,
        "Tax Rate For Calcs": NaN,
        "Normalized EBITDA": NaN,
        "Total Unusual Items": NaN,
        "Total Unusual Items Excluding Goodwill": NaN,
        "Net Income From Continuing Operation Net Minority Interest": NaN,
        "Reconciled Depreciation": NaN,
        "Reconciled Cost Of Revenue": NaN,
        "EBITDA": NaN,
        "EBIT": NaN,
        "Net Interest Income": NaN,
        "Interest Expense": NaN,
        "Interest Income": NaN,
        "Normalized Income": NaN,
        "Net Income From Continuing And Discontinued Operation": NaN,
        "Total Expenses": NaN,
        "Diluted Average Shares": 94900000.0,
        "Basic Average Shares": 93700000.0,
        "Diluted EPS": 0.77,
        "Basic EPS": 0.779082,
        "Diluted NI Availto Com Stockholders": NaN,
        "Net Income Common Stockholders": NaN,
        "Net Income": NaN,
        "Minority Interests": NaN,
        "Net Income Including Noncontrolling Interests": NaN,
        "Net Income Continuous Operations": NaN,
        "Tax Provision": NaN,
        "Pretax Income": NaN,
        "Other Income Expense": NaN,
        "Special Income Charges": NaN,
        "Restructuring And Mergern Acquisition": NaN,
        "Earnings From Equity Interest": NaN,
        "Gain On Sale Of Security": NaN,
        "Net Non Operating Interest Income Expense": NaN,
        "Total Other Finance Cost": NaN,
        "Interest Expense Non Operating": NaN,
        "Interest Income Non Operating": NaN,
        "Operating Income": NaN,
        "Operating Expense": NaN,
        "Selling General And Administration": NaN,
        "General And Administrative Expense": NaN,
        "Other Gand A": NaN,
        "Salaries And Wages": NaN,
        "Gross Profit": NaN,
        "Cost Of Revenue": NaN,
        "Total Revenue": NaN,
        "Operating Revenue": NaN
    },
    "2022-03-31": {
        "Diluted EPS": -0.85,
        "Total Revenue": NaN,
        "Gross Profit": 178,
        "Operating Income": 43,
        "EBIT": 132,
        "Net Income": -81
    },
    "2021-12-31": {
        "Diluted EPS": -0.57,
        "Total Revenue": NaN,
        "Gross Profit": 173,
        "Operating Income": 11,
        "EBIT": 99,
        "Net Income": -54
    },
    "2021-09-30": {
        "Diluted EPS": 10.03,
        "Total Revenue": NaN,
        "Gross Profit": 37,
        "Operating Income": -67,
        "EBIT": 24,
        "Net Income": 960
    },
    "2021-06-30": {
        "Diluted EPS": -0.75,
        "Total Revenue": NaN,
        "Gross Profit": 150,
        "Operating Income": 14,
        "EBIT": 95,
        "Net Income": -71
    },
    "2021-03-31": {
        "Diluted EPS": 0.72,
        "Total Revenue": NaN,
        "Gross Profit": 298,
        "Operating Income": 150,
        "EBIT": 228,
        "Net Income": 69
    },
    "2020-12-31": {
        "Diluted EPS": 1.58,
        "Total Revenue": NaN,
        "Gross Profit": 341,
        "Operating Income": 192,
        "EBIT": 272,
        "Net Income": 150
    },
    "2020-09-30": {
        "Diluted EPS": -0.39,
        "Total Revenue": NaN,
        "Gross Profit": 245,
        "Operating Income": 94,
        "EBIT": 185,
        "Net Income": -36
    },
    "2020-06-30": {
        "Diluted EPS": -3.46,
        "Total Revenue": NaN,
        "Gross Profit": -153,
        "Operating Income": -268,
        "EBIT": -193,
        "Net Income": -325
    },
    "2020-03-31": {
        "Diluted EPS": -0.2,
        "Total Revenue": NaN,
        "Gross Profit": 237,
        "Operating Income": 110,
        "EBIT": 192,
        "Net Income": -19
    },
    "2019-12-31": {
        "Diluted EPS": -1.78,
        "Total Revenue": NaN,
        "Gross Profit": 263,
        "Operating Income": 98,
        "EBIT": 182,
        "Net Income": -167
    },
    "2019-09-30": {
        "Diluted EPS": -0.05,
        "Total Revenue": NaN,
        "Gross Profit": 213,
        "Operating Income": 53,
        "EBIT": 135,
        "Net Income": -4
    },
    "2019-06-30": {
        "Diluted EPS": -3.43,
        "Total Revenue": NaN,
        "Gross Profit": 211,
        "Operating Income": 46,
        "EBIT": 125,
        "Net Income": -321
    },
    "2019-03-31": {
        "Diluted EPS": -1.59,
        "Total Revenue": NaN,
        "Gross Profit": 197,
        "Operating Income": 29,
        "EBIT": 111,
        "Net Income": -149
    },
    "2018-12-31": {
        "Diluted EPS": -0.18,
        "Total Revenue": NaN,
        "Gross Profit": 180,
        "Operating Income": 2,
        "EBIT": 77,
        "Net Income": -17
    },
    "2018-09-30": {
        "Diluted EPS": -14.52,
        "Total Revenue": NaN,
        "Gross Profit": 176,
        "Operating Income": 21,
        "EBIT": 132,
        "Net Income": NaN
    },
    "2018-06-30": {
        "Diluted EPS": 0.58,
        "Total Revenue": NaN,
        "Gross Profit": 245,
        "Operating Income": 59,
        "EBIT": 174,
        "Net Income": 54
    },
    "2018-03-31": {
        "Diluted EPS": -1.8,
        "Total Revenue": NaN,
        "Gross Profit": 282,
        "Operating Income": 89,
        "EBIT": 202,
        "Net Income": -168
    },
    "2017-12-31": {
        "Diluted EPS": -2.32,
        "Total Revenue": NaN,
        "Gross Profit": 201,
        "Operating Income": 5,
        "EBIT": 113,
        "Net Income": -216
    },
    "2017-09-30": {
        "Diluted EPS": 3.67,
        "Total Revenue": NaN,
        "Gross Profit": 308,
        "Operating Income": 181,
        "EBIT": 278,
        "Net Income": 344
    },
    "2017-06-30": {
        "Diluted EPS": 2.14,
        "Total Revenue": NaN,
        "Gross Profit": 371,
        "Operating Income": 202,
        "EBIT": 290,
        "Net Income": 201
    },
    "2017-03-31": {
        "Diluted EPS": 2.02,
        "Total Revenue": NaN,
        "Gross Profit": 379,
        "Operating Income": 201,
        "EBIT": 286,
        "Net Income": 190
    },
    "2016-12-31": {
        "Diluted EPS": 1.51,
        "Total Revenue": NaN,
        "Gross Profit": 350,
        "Operating Income": 133,
        "EBIT": 221,
        "Net Income": 142
    },
    "2016-09-30": {
        "Diluted EPS": -9.5,
        "Total Revenue": NaN,
        "Gross Profit": 365,
        "Operating Income": -37,
        "EBIT": 54,
        "Net Income": -890
    },
    "2016-06-30": {
        "Diluted EPS": -0.15,
        "Total Revenue": NaN,
        "Gross Profit": 446,
        "Operating Income": 131,
        "EBIT": 212,
        "Net Income": -14
    },
    "2016-03-31": {
        "Diluted EPS": -8.31,
        "Total Revenue": NaN,
        "Gross Profit": 430,
        "Operating Income": 178,
        "EBIT": 264,
        "Net Income": -779
    },
    "2015-12-31": {
        "Diluted EPS": 1.46,
        "Total Revenue": NaN,
        "Gross Profit": 368,
        "Operating Income": 115,
        "EBIT": 201,
        "Net Income": 137
    },
    "2015-09-30": {
        "Diluted EPS": 0.0,
        "Total Revenue": NaN,
        "Gross Profit": NaN,
        "Operating Income": NaN,
        "EBIT": NaN,
        "Net Income": NaN
    },
    "2014-09-30": {
        "Diluted EPS": 0.0,
        "Total Revenue": NaN,
        "Gross Profit": NaN,
        "Operating Income": NaN,
        "EBIT": NaN,
        "Net Income": NaN
    },
    "2023-09-30": {
        "Tax Effect Of Unusual Items": -2310000.0,
        "Tax Rate For Calcs": 0.21,
        "Normalized EBITDA": 220000000.0,
        "Total Unusual Items": -11000000.0,
        "Total Unusual Items Excluding Goodwill": -11000000.0,
        "Net Income From Continuing Operation Net Minority Interest": 135000000.0,
        "Reconciled Depreciation": 88000000.0,
        "Reconciled Cost Of Revenue": 3479000000.0,
        "EBITDA": 209000000.0,
        "EBIT": 121000000.0,
        "Net Interest Income": -45000000.0,
        "Interest Expense": 48000000.0,
        "Interest Income": 7000000.0,
        "Normalized Income": 143690000.0,
        "Net Income From Continuing And Discontinued Operation": 135000000.0,
        "Total Expenses": 3627000000.0,
        "Diluted Average Shares": 94800000.0,
        "Basic Average Shares": 93700000.0,
        "Diluted EPS": 1.42,
        "Basic EPS": 1.440768,
        "Diluted NI Availto Com Stockholders": 135000000.0,
        "Net Income Common Stockholders": 135000000.0,
        "Net Income": 135000000.0,
        "Minority Interests": -22000000.0,
        "Net Income Including Noncontrolling Interests": 157000000.0,
        "Net Income Continuous Operations": 157000000.0,
        "Tax Provision": -84000000.0,
        "Pretax Income": 73000000.0,
        "Other Income Expense": 16000000.0,
        "Special Income Charges": -10000000.0,
        "Restructuring And Mergern Acquisition": 10000000.0,
        "Earnings From Equity Interest": 27000000.0,
        "Gain On Sale Of Security": -1000000.0,
        "Net Non Operating Interest Income Expense": -45000000.0,
        "Total Other Finance Cost": 4000000.0,
        "Interest Expense Non Operating": 48000000.0,
        "Interest Income Non Operating": 7000000.0,
        "Operating Income": 102000000.0,
        "Operating Expense": 148000000.0,
        "Selling General And Administration": 148000000.0,
        "General And Administrative Expense": 148000000.0,
        "Other Gand A": 127000000.0,
        "Salaries And Wages": 21000000.0,
        "Gross Profit": 250000000.0,
        "Cost Of Revenue": 3479000000.0,
        "Total Revenue": 3729000000.0,
        "Operating Revenue": 3729000000.0
    },
    "2023-12-31": {
        "Tax Effect Of Unusual Items": -3720000.0,
        "Tax Rate For Calcs": 0.31,
        "Normalized EBITDA": 208000000.0,
        "Total Unusual Items": -12000000.0,
        "Total Unusual Items Excluding Goodwill": -12000000.0,
        "Net Income From Continuing Operation Net Minority Interest": 20000000.0,
        "Reconciled Depreciation": 83000000.0,
        "Reconciled Cost Of Revenue": 3414000000.0,
        "EBITDA": 196000000.0,
        "EBIT": 113000000.0,
        "Net Interest Income": -43000000.0,
        "Interest Expense": 48000000.0,
        "Interest Income": 9000000.0,
        "Normalized Income": 28280000.0,
        "Net Income From Continuing And Discontinued Operation": 20000000.0,
        "Total Expenses": 3563000000.0,
        "Diluted Average Shares": 93600000.0,
        "Basic Average Shares": 91200000.0,
        "Diluted EPS": 0.21,
        "Basic EPS": 0.219298,
        "Diluted NI Availto Com Stockholders": 20000000.0,
        "Net Income Common Stockholders": 20000000.0,
        "Net Income": 20000000.0,
        "Minority Interests": -25000000.0,
        "Net Income Including Noncontrolling Interests": 45000000.0,
        "Net Income Continuous Operations": 45000000.0,
        "Tax Provision": 20000000.0,
        "Pretax Income": 65000000.0,
        "Other Income Expense": 11000000.0,
        "Special Income Charges": -11000000.0,
        "Restructuring And Mergern Acquisition": 11000000.0,
        "Earnings From Equity Interest": 23000000.0,
        "Gain On Sale Of Security": -1000000.0,
        "Net Non Operating Interest Income Expense": -43000000.0,
        "Total Other Finance Cost": 4000000.0,
        "Interest Expense Non Operating": 48000000.0,
        "Interest Income Non Operating": 9000000.0,
        "Operating Income": 97000000.0,
        "Operating Expense": 149000000.0,
        "Selling General And Administration": 149000000.0,
        "General And Administrative Expense": 149000000.0,
        "Other Gand A": 147000000.0,
        "Salaries And Wages": 2000000.0,
        "Gross Profit": 246000000.0,
        "Cost Of Revenue": 3414000000.0,
        "Total Revenue": 3660000000.0,
        "Operating Revenue": 3660000000.0
    },
    "2024-03-31": {
        "Tax Effect Of Unusual Items": -26670000.0,
        "Tax Rate For Calcs": 0.21,
        "Normalized EBITDA": 214000000.0,
        "Total Unusual Items": -127000000.0,
        "Total Unusual Items Excluding Goodwill": -127000000.0,
        "Net Income From Continuing Operation Net Minority Interest": -70000000.0,
        "Reconciled Depreciation": 82000000.0,
        "Reconciled Cost Of Revenue": 3520000000.0,
        "EBITDA": 87000000.0,
        "EBIT": 5000000.0,
        "Net Interest Income": -45000000.0,
        "Interest Expense": 46000000.0,
        "Interest Income": 6000000.0,
        "Normalized Income": 30330000.0,
        "Net Income From Continuing And Discontinued Operation": -70000000.0,
        "Total Expenses": 3637000000.0,
        "Diluted Average Shares": 90500000.0,
        "Basic Average Shares": 90500000.0,
        "Diluted EPS": -0.77,
        "Basic EPS": -0.77,
        "Diluted NI Availto Com Stockholders": -70000000.0,
        "Net Income Common Stockholders": -70000000.0,
        "Net Income": -70000000.0,
        "Minority Interests": -21000000.0,
        "Net Income Including Noncontrolling Interests": -49000000.0,
        "Net Income Continuous Operations": -49000000.0,
        "Tax Provision": 8000000.0,
        "Pretax Income": -41000000.0,
        "Other Income Expense": -109000000.0,
        "Special Income Charges": -125000000.0,
        "Restructuring And Mergern Acquisition": 125000000.0,
        "Earnings From Equity Interest": 18000000.0,
        "Gain On Sale Of Security": -2000000.0,
        "Net Non Operating Interest Income Expense": -45000000.0,
        "Total Other Finance Cost": 5000000.0,
        "Interest Expense Non Operating": 46000000.0,
        "Interest Income Non Operating": 6000000.0,
        "Operating Income": 113000000.0,
        "Operating Expense": 117000000.0,
        "Selling General And Administration": 117000000.0,
        "General And Administrative Expense": 117000000.0,
        "Other Gand A": 115000000.0,
        "Salaries And Wages": 2000000.0,
        "Gross Profit": 230000000.0,
        "Cost Of Revenue": 3520000000.0,
        "Total Revenue": 3750000000.0,
        "Operating Revenue": 3750000000.0
    },
    "2024-06-30": {
        "Tax Effect Of Unusual Items": -3780000.0,
        "Tax Rate For Calcs": 0.21,
        "Normalized EBITDA": 194000000.0,
        "Total Unusual Items": -18000000.0,
        "Total Unusual Items Excluding Goodwill": -18000000.0,
        "Net Income From Continuing Operation Net Minority Interest": -11000000.0,
        "Reconciled Depreciation": 83000000.0,
        "Reconciled Cost Of Revenue": 3509000000.0,
        "EBITDA": 176000000.0,
        "EBIT": 93000000.0,
        "Net Interest Income": -46000000.0,
        "Interest Expense": 48000000.0,
        "Interest Income": 6000000.0,
        "Normalized Income": 3220000.0,
        "Net Income From Continuing And Discontinued Operation": -11000000.0,
        "Total Expenses": 3631000000.0,
        "Diluted Average Shares": 88600000.0,
        "Basic Average Shares": 88600000.0,
        "Diluted EPS": -0.12,
        "Basic EPS": -0.12,
        "Diluted NI Availto Com Stockholders": -11000000.0,
        "Net Income Common Stockholders": -11000000.0,
        "Net Income": -11000000.0,
        "Minority Interests": -16000000.0,
        "Net Income Including Noncontrolling Interests": 5000000.0,
        "Net Income Continuous Operations": 5000000.0,
        "Tax Provision": 40000000.0,
        "Pretax Income": 45000000.0,
        "Other Income Expense": 6000000.0,
        "Special Income Charges": -16000000.0,
        "Restructuring And Mergern Acquisition": 16000000.0,
        "Earnings From Equity Interest": 24000000.0,
        "Gain On Sale Of Security": -2000000.0,
        "Net Non Operating Interest Income Expense": -46000000.0,
        "Total Other Finance Cost": 4000000.0,
        "Interest Expense Non Operating": 48000000.0,
        "Interest Income Non Operating": 6000000.0,
        "Operating Income": 85000000.0,
        "Operating Expense": 122000000.0,
        "Selling General And Administration": 122000000.0,
        "General And Administrative Expense": 122000000.0,
        "Other Gand A": 121000000.0,
        "Salaries And Wages": 1000000.0,
        "Gross Profit": 207000000.0,
        "Cost Of Revenue": 3509000000.0,
        "Total Revenue": 3716000000.0,
        "Operating Revenue": 3716000000.0
    },
    "2024-09-30": {
        "Tax Effect Of Unusual Items": -3990000.0,
        "Tax Rate For Calcs": 0.21,
        "Normalized EBITDA": 216000000.0,
        "Total Unusual Items": -19000000.0,
        "Total Unusual Items Excluding Goodwill": -19000000.0,
        "Net Income From Continuing Operation Net Minority Interest": 79000000.0,
        "Reconciled Depreciation": 84000000.0,
        "Reconciled Cost Of Revenue": 3317000000.0,
        "EBITDA": 197000000.0,
        "EBIT": 113000000.0,
        "Net Interest Income": -47000000.0,
        "Interest Expense": 49000000.0,
        "Interest Income": 7000000.0,
        "Normalized Income": 94010000.0,
        "Net Income From Continuing And Discontinued Operation": 79000000.0,
        "Total Expenses": 3457000000.0,
        "Diluted Average Shares": NaN,
        "Basic Average Shares": NaN,
        "Diluted EPS": NaN,
        "Basic EPS": NaN,
        "Diluted NI Availto Com Stockholders": 79000000.0,
        "Net Income Common Stockholders": 79000000.0,
        "Net Income": 79000000.0,
        "Minority Interests": -21000000.0,
        "Net Income Including Noncontrolling Interests": 100000000.0,
        "Net Income Continuous Operations": 100000000.0,
        "Tax Provision": -36000000.0,
        "Pretax Income": 64000000.0,
        "Other Income Expense": 6000000.0,
        "Special Income Charges": -16000000.0,
        "Restructuring And Mergern Acquisition": 16000000.0,
        "Earnings From Equity Interest": 25000000.0,
        "Gain On Sale Of Security": -3000000.0,
        "Net Non Operating Interest Income Expense": -47000000.0,
        "Total Other Finance Cost": 5000000.0,
        "Interest Expense Non Operating": 49000000.0,
        "Interest Income Non Operating": 7000000.0,
        "Operating Income": 105000000.0,
        "Operating Expense": 140000000.0,
        "Selling General And Administration": 140000000.0,
        "General And Administrative Expense": 140000000.0,
        "Other Gand A": 124000000.0,
        "Salaries And Wages": 16000000.0,
        "Gross Profit": 245000000.0,
        "Cost Of Revenue": 3317000000.0,
        "Total Revenue": 3562000000.0,
        "Operating Revenue": 3562000000.0
    }
}