{
    "2023-06-30": {
        "Tax Effect Of Unusual Items": NaN,
        "Tax Rate For Calcs": NaN,
        "Normalized EBITDA": NaN,
        "Total Unusual Items": NaN,
        "Total Unusual Items Excluding Goodwill": NaN,
        "Net Income From Continuing Operation Net Minority Interest": NaN,
        "Reconciled Depreciation": NaN,
        "Reconciled Cost Of Revenue": NaN,
        "EBITDA": NaN,
        "EBIT": NaN,
        "Net Interest Income": NaN,
        "Interest Expense": NaN,
        "Interest Income": NaN,
        "Normalized Income": NaN,
        "Net Income From Continuing And Discontinued Operation": NaN,
        "Total Expenses": NaN,
        "Diluted Average Shares": NaN,
        "Basic Average Shares": NaN,
        "Diluted EPS": NaN,
        "Basic EPS": NaN,
        "Diluted NI Availto Com Stockholders": NaN,
        "Net Income Common Stockholders": NaN,
        "Net Income": NaN,
        "Net Income Including Noncontrolling Interests": NaN,
        "Net Income Continuous Operations": NaN,
        "Tax Provision": NaN,
        "Pretax Income": NaN,
        "Other Income Expense": 10500000.0,
        "Other Non Operating Income Expenses": 13100000.0,
        "Special Income Charges": NaN,
        "Gain On Sale Of Ppe": NaN,
        "Write Off": 1800000.0,
        "Gain On Sale Of Security": NaN,
        "Net Non Operating Interest Income Expense": NaN,
        "Interest Expense Non Operating": NaN,
        "Interest Income Non Operating": NaN,
        "Operating Income": NaN,
        "Operating Expense": NaN,
        "Selling General And Administration": NaN,
        "General And Administrative Expense": NaN,
        "Other Gand A": NaN,
        "Salaries And Wages": NaN,
        "Gross Profit": NaN,
        "Cost Of Revenue": NaN,
        "Total Revenue": NaN,
        "Operating Revenue": NaN
    },
    "2023-03-31": {
        "Tax Effect Of Unusual Items": NaN,
        "Tax Rate For Calcs": NaN,
        "Normalized EBITDA": NaN,
        "Total Unusual Items": NaN,
        "Total Unusual Items Excluding Goodwill": NaN,
        "Net Income From Continuing Operation Net Minority Interest": NaN,
        "Reconciled Depreciation": NaN,
        "Reconciled Cost Of Revenue": NaN,
        "EBITDA": NaN,
        "EBIT": NaN,
        "Net Interest Income": NaN,
        "Interest Expense": NaN,
        "Interest Income": NaN,
        "Normalized Income": NaN,
        "Net Income From Continuing And Discontinued Operation": NaN,
        "Total Expenses": NaN,
        "Diluted Average Shares": NaN,
        "Basic Average Shares": NaN,
        "Diluted EPS": NaN,
        "Basic EPS": NaN,
        "Diluted NI Availto Com Stockholders": NaN,
        "Net Income Common Stockholders": NaN,
        "Net Income": NaN,
        "Net Income Including Noncontrolling Interests": NaN,
        "Net Income Continuous Operations": NaN,
        "Tax Provision": NaN,
        "Pretax Income": NaN,
        "Other Income Expense": NaN,
        "Other Non Operating Income Expenses": 13100000.0,
        "Special Income Charges": NaN,
        "Gain On Sale Of Ppe": NaN,
        "Write Off": NaN,
        "Gain On Sale Of Security": NaN,
        "Net Non Operating Interest Income Expense": NaN,
        "Interest Expense Non Operating": NaN,
        "Interest Income Non Operating": NaN,
        "Operating Income": NaN,
        "Operating Expense": NaN,
        "Selling General And Administration": NaN,
        "General And Administrative Expense": 924900000.0,
        "Other Gand A": 938000000.0,
        "Salaries And Wages": -13100000.0,
        "Gross Profit": NaN,
        "Cost Of Revenue": NaN,
        "Total Revenue": NaN,
        "Operating Revenue": NaN
    },
    "2022-12-31": {
        "Tax Effect Of Unusual Items": NaN,
        "Tax Rate For Calcs": NaN,
        "Normalized EBITDA": NaN,
        "Total Unusual Items": NaN,
        "Total Unusual Items Excluding Goodwill": NaN,
        "Net Income From Continuing Operation Net Minority Interest": NaN,
        "Reconciled Depreciation": NaN,
        "Reconciled Cost Of Revenue": NaN,
        "EBITDA": NaN,
        "EBIT": NaN,
        "Net Interest Income": NaN,
        "Interest Expense": NaN,
        "Interest Income": NaN,
        "Normalized Income": NaN,
        "Net Income From Continuing And Discontinued Operation": NaN,
        "Total Expenses": NaN,
        "Diluted Average Shares": NaN,
        "Basic Average Shares": NaN,
        "Diluted EPS": NaN,
        "Basic EPS": NaN,
        "Diluted NI Availto Com Stockholders": NaN,
        "Net Income Common Stockholders": NaN,
        "Net Income": NaN,
        "Net Income Including Noncontrolling Interests": NaN,
        "Net Income Continuous Operations": NaN,
        "Tax Provision": NaN,
        "Pretax Income": NaN,
        "Other Income Expense": NaN,
        "Other Non Operating Income Expenses": 13100000.0,
        "Special Income Charges": NaN,
        "Gain On Sale Of Ppe": NaN,
        "Write Off": NaN,
        "Gain On Sale Of Security": NaN,
        "Net Non Operating Interest Income Expense": NaN,
        "Interest Expense Non Operating": NaN,
        "Interest Income Non Operating": NaN,
        "Operating Income": NaN,
        "Operating Expense": NaN,
        "Selling General And Administration": NaN,
        "General And Administrative Expense": NaN,
        "Other Gand A": NaN,
        "Salaries And Wages": NaN,
        "Gross Profit": NaN,
        "Cost Of Revenue": NaN,
        "Total Revenue": NaN,
        "Operating Revenue": NaN
    },
    "2022-09-30": {
        "Tax Effect Of Unusual Items": -405000.0,
        "Tax Rate For Calcs": 0.225,
        "Normalized EBITDA": 1198100000.0,
        "Total Unusual Items": -1800000.0,
        "Total Unusual Items Excluding Goodwill": -1800000.0,
        "Net Income From Continuing Operation Net Minority Interest": 779000000.0,
        "Reconciled Depreciation": 135100000.0,
        "Reconciled Cost Of Revenue": 2393600000.0,
        "EBITDA": 1196300000.0,
        "EBIT": 1061200000.0,
        "Net Interest Income": 119500000.0,
        "Interest Expense": 51200000.0,
        "Interest Income": 170700000.0,
        "Normalized Income": 780395000.0,
        "Net Income From Continuing And Discontinued Operation": 779000000.0,
        "Total Expenses": 3193900000.0,
        "Diluted Average Shares": 416900000.0,
        "Basic Average Shares": 414600000.0,
        "Diluted EPS": 1.87,
        "Basic EPS": 1.88,
        "Diluted NI Availto Com Stockholders": 779000000.0,
        "Net Income Common Stockholders": 779000000.0,
        "Net Income": 779000000.0,
        "Net Income Including Noncontrolling Interests": 779000000.0,
        "Net Income Continuous Operations": 779000000.0,
        "Tax Provision": 231000000.0,
        "Pretax Income": 1010000000.0,
        "Other Income Expense": 9800000.0,
        "Other Non Operating Income Expenses": 11600000.0,
        "Special Income Charges": -300000.0,
        "Gain On Sale Of Ppe": 0.0,
        "Write Off": 300000.0,
        "Gain On Sale Of Security": -1500000.0,
        "Net Non Operating Interest Income Expense": 119500000.0,
        "Interest Expense Non Operating": 51200000.0,
        "Interest Income Non Operating": 170700000.0,
        "Operating Income": 880700000.0,
        "Operating Expense": 800300000.0,
        "Selling General And Administration": 800300000.0,
        "Gross Profit": 1681000000.0,
        "Cost Of Revenue": 2393600000.0,
        "Total Revenue": 4074600000.0,
        "Operating Revenue": 4074600000.0
    },
    "2022-06-30": {
        "Tax Effect Of Unusual Items": -5149300.0,
        "Tax Rate For Calcs": 0.221,
        "Normalized EBITDA": 983700000.0,
        "Total Unusual Items": -23300000.0,
        "Total Unusual Items Excluding Goodwill": -23300000.0,
        "Net Income From Continuing Operation Net Minority Interest": 625400000.0,
        "Reconciled Depreciation": 130500000.0,
        "Reconciled Cost Of Revenue": 2385900000.0,
        "EBITDA": 960400000.0,
        "EBIT": 829900000.0,
        "Net Interest Income": 117300000.0,
        "Interest Expense": 26600000.0,
        "Interest Income": 143900000.0,
        "Normalized Income": 643550700.0,
        "Net Income From Continuing And Discontinued Operation": 625400000.0,
        "Total Expenses": 3300100000.0,
        "Diluted Average Shares": 418400000.0,
        "Basic Average Shares": 415800000.0,
        "Diluted EPS": 1.5,
        "Basic EPS": 1.5,
        "Diluted NI Availto Com Stockholders": 625400000.0,
        "Net Income Common Stockholders": 625400000.0,
        "Net Income": 625400000.0,
        "Net Income Including Noncontrolling Interests": 625400000.0,
        "Net Income Continuous Operations": 625400000.0,
        "Tax Provision": 177900000.0,
        "Pretax Income": 803300000.0,
        "Other Income Expense": -14700000.0,
        "Other Non Operating Income Expenses": 8600000.0,
        "Special Income Charges": -18700000.0,
        "Gain On Sale Of Ppe": 0.0,
        "Write Off": 18700000.0,
        "Gain On Sale Of Security": -4600000.0,
        "Net Non Operating Interest Income Expense": 117300000.0,
        "Interest Expense Non Operating": 26600000.0,
        "Interest Income Non Operating": 143900000.0,
        "Operating Income": 700700000.0,
        "Operating Expense": 914200000.0,
        "Selling General And Administration": 914200000.0,
        "Gross Profit": 1614900000.0,
        "Cost Of Revenue": 2385900000.0,
        "Total Revenue": 4000800000.0,
        "Operating Revenue": 4000800000.0
    },
    "2022-03-31": {
        "Diluted EPS": 2.21,
        "Total Revenue": NaN,
        "Gross Profit": NaN,
        "Operating Income": NaN,
        "EBIT": NaN,
        "Net Income": 929
    },
    "2021-12-31": {
        "Diluted EPS": 1.65,
        "Total Revenue": NaN,
        "Gross Profit": NaN,
        "Operating Income": 902,
        "EBIT": NaN,
        "Net Income": 694
    },
    "2021-09-30": {
        "Diluted EPS": 1.65,
        "Total Revenue": NaN,
        "Gross Profit": NaN,
        "Operating Income": 891,
        "EBIT": NaN,
        "Net Income": 701
    },
    "2021-06-30": {
        "Diluted EPS": 1.26,
        "Total Revenue": NaN,
        "Gross Profit": NaN,
        "Operating Income": 691,
        "EBIT": NaN,
        "Net Income": 538
    },
    "2021-03-31": {
        "Diluted EPS": 1.9,
        "Total Revenue": NaN,
        "Gross Profit": NaN,
        "Operating Income": NaN,
        "EBIT": NaN,
        "Net Income": 811
    },
    "2020-12-31": {
        "Diluted EPS": 1.51,
        "Total Revenue": NaN,
        "Gross Profit": NaN,
        "Operating Income": 818,
        "EBIT": NaN,
        "Net Income": 648
    },
    "2020-09-30": {
        "Diluted EPS": 1.4,
        "Total Revenue": NaN,
        "Gross Profit": NaN,
        "Operating Income": 755,
        "EBIT": NaN,
        "Net Income": 602
    },
    "2020-06-30": {
        "Diluted EPS": 0.96,
        "Total Revenue": NaN,
        "Gross Profit": NaN,
        "Operating Income": 544,
        "EBIT": 906,
        "Net Income": 412
    },
    "2020-03-31": {
        "Diluted EPS": 1.9,
        "Total Revenue": NaN,
        "Gross Profit": NaN,
        "Operating Income": NaN,
        "EBIT": NaN,
        "Net Income": 821
    },
    "2019-12-31": {
        "Diluted EPS": 1.5,
        "Total Revenue": NaN,
        "Gross Profit": NaN,
        "Operating Income": 821,
        "EBIT": NaN,
        "Net Income": 652
    },
    "2019-09-30": {
        "Diluted EPS": 1.34,
        "Total Revenue": NaN,
        "Gross Profit": NaN,
        "Operating Income": 724,
        "EBIT": NaN,
        "Net Income": 582
    },
    "2019-06-30": {
        "Diluted EPS": 1.09,
        "Total Revenue": NaN,
        "Gross Profit": NaN,
        "Operating Income": 623,
        "EBIT": 963,
        "Net Income": 476
    },
    "2019-03-31": {
        "Diluted EPS": 1.73,
        "Total Revenue": NaN,
        "Gross Profit": NaN,
        "Operating Income": 985,
        "EBIT": NaN,
        "Net Income": 754
    },
    "2018-12-31": {
        "Diluted EPS": 1.27,
        "Total Revenue": NaN,
        "Gross Profit": NaN,
        "Operating Income": 747,
        "EBIT": NaN,
        "Net Income": 558
    },
    "2018-09-30": {
        "Diluted EPS": 1.15,
        "Total Revenue": NaN,
        "Gross Profit": NaN,
        "Operating Income": 669,
        "EBIT": 999,
        "Net Income": 505
    },
    "2018-06-30": {
        "Diluted EPS": 0.32,
        "Total Revenue": NaN,
        "Gross Profit": NaN,
        "Operating Income": 564,
        "EBIT": 893,
        "Net Income": 141
    },
    "2018-03-31": {
        "Diluted EPS": 1.49,
        "Total Revenue": NaN,
        "Gross Profit": NaN,
        "Operating Income": 867,
        "EBIT": NaN,
        "Net Income": 661
    },
    "2017-12-31": {
        "Diluted EPS": 1.51,
        "Total Revenue": NaN,
        "Gross Profit": NaN,
        "Operating Income": 577,
        "EBIT": 917,
        "Net Income": 670
    },
    "2017-09-30": {
        "Diluted EPS": 0.93,
        "Total Revenue": NaN,
        "Gross Profit": NaN,
        "Operating Income": 550,
        "EBIT": 842,
        "Net Income": 413
    },
    "2017-06-30": {
        "Diluted EPS": 0.72,
        "Total Revenue": NaN,
        "Gross Profit": NaN,
        "Operating Income": 415,
        "EBIT": NaN,
        "Net Income": 320
    },
    "2017-03-31": {
        "Diluted EPS": 1.31,
        "Total Revenue": NaN,
        "Gross Profit": NaN,
        "Operating Income": 835,
        "EBIT": 933,
        "Net Income": 588
    },
    "2016-12-31": {
        "Diluted EPS": 1.13,
        "Total Revenue": NaN,
        "Gross Profit": NaN,
        "Operating Income": 579,
        "EBIT": 679,
        "Net Income": 511
    },
    "2016-09-30": {
        "Diluted EPS": 0.81,
        "Total Revenue": NaN,
        "Gross Profit": NaN,
        "Operating Income": 526,
        "EBIT": 626,
        "Net Income": 369
    },
    "2016-06-30": {
        "Diluted EPS": 0.62,
        "Total Revenue": NaN,
        "Gross Profit": NaN,
        "Operating Income": 429,
        "EBIT": 526,
        "Net Income": 282
    },
    "2016-03-31": {
        "Diluted EPS": 1.17,
        "Total Revenue": NaN,
        "Gross Profit": NaN,
        "Operating Income": 802,
        "EBIT": 898,
        "Net Income": 533
    },
    "2015-12-31": {
        "Diluted EPS": 0.74,
        "Total Revenue": NaN,
        "Gross Profit": NaN,
        "Operating Income": 497,
        "EBIT": 594,
        "Net Income": 341
    },
    "2015-09-30": {
        "Diluted EPS": 0.72,
        "Total Revenue": NaN,
        "Gross Profit": NaN,
        "Operating Income": 462,
        "EBIT": 555,
        "Net Income": 337
    },
    "2015-06-30": {
        "Diluted EPS": 0.72,
        "Total Revenue": NaN,
        "Gross Profit": NaN,
        "Operating Income": 368,
        "EBIT": 463,
        "Net Income": 336
    },
    "2015-03-31": {
        "Diluted EPS": 1.03,
        "Total Revenue": NaN,
        "Gross Profit": NaN,
        "Operating Income": 733,
        "EBIT": 828,
        "Net Income": 490
    },
    "2014-12-31": {
        "Diluted EPS": 0.69,
        "Total Revenue": NaN,
        "Gross Profit": NaN,
        "Operating Income": 482,
        "EBIT": 576,
        "Net Income": 332
    },
    "2014-09-30": {
        "Diluted EPS": 0.61,
        "Total Revenue": NaN,
        "Gross Profit": NaN,
        "Operating Income": 432,
        "EBIT": 525,
        "Net Income": 295
    },
    "2014-06-30": {
        "Diluted EPS": 0.6,
        "Total Revenue": NaN,
        "Gross Profit": NaN,
        "Operating Income": 341,
        "EBIT": 437,
        "Net Income": 289
    },
    "2014-03-31": {
        "Diluted EPS": 1.08,
        "Total Revenue": NaN,
        "Gross Profit": NaN,
        "Operating Income": 654,
        "EBIT": 743,
        "Net Income": 522
    },
    "2013-12-31": {
        "Diluted EPS": 0.78,
        "Total Revenue": NaN,
        "Gross Profit": NaN,
        "Operating Income": 436,
        "EBIT": 527,
        "Net Income": 377
    },
    "2013-09-30": {
        "Diluted EPS": 0.68,
        "Total Revenue": NaN,
        "Gross Profit": 921,
        "Operating Income": 384,
        "EBIT": 470,
        "Net Income": 329
    },
    "2013-06-30": {
        "Diluted EPS": 0.47,
        "Total Revenue": 947,
        "Gross Profit": 327,
        "Operating Income": -26,
        "EBIT": 10,
        "Net Income": 227
    },
    "2013-03-31": {
        "Diluted EPS": 0.99,
        "Total Revenue": NaN,
        "Gross Profit": NaN,
        "Operating Income": 713,
        "EBIT": 813,
        "Net Income": 483
    },
    "2012-12-31": {
        "Diluted EPS": 0.8,
        "Total Revenue": NaN,
        "Gross Profit": NaN,
        "Operating Income": 499,
        "EBIT": 595,
        "Net Income": 391
    },
    "2012-09-30": {
        "Diluted EPS": 0.63,
        "Total Revenue": NaN,
        "Gross Profit": NaN,
        "Operating Income": 440,
        "EBIT": 537,
        "Net Income": 305
    },
    "2012-06-30": {
        "Diluted EPS": 0.53,
        "Total Revenue": NaN,
        "Gross Profit": NaN,
        "Operating Income": 360,
        "EBIT": 459,
        "Net Income": 258
    },
    "2012-03-31": {
        "Diluted EPS": 0.92,
        "Total Revenue": NaN,
        "Gross Profit": NaN,
        "Operating Income": 673,
        "EBIT": 769,
        "Net Income": 452
    },
    "2011-12-31": {
        "Diluted EPS": 0.76,
        "Total Revenue": NaN,
        "Gross Profit": NaN,
        "Operating Income": 482,
        "EBIT": 575,
        "Net Income": 375
    },
    "2011-09-30": {
        "Diluted EPS": 0.61,
        "Total Revenue": NaN,
        "Gross Profit": NaN,
        "Operating Income": 424,
        "EBIT": 515,
        "Net Income": 303
    },
    "2011-06-30": {
        "Diluted EPS": 0.49,
        "Total Revenue": NaN,
        "Gross Profit": 965,
        "Operating Income": 313,
        "EBIT": 402,
        "Net Income": 242
    },
    "2011-03-31": {
        "Diluted EPS": 0.85,
        "Total Revenue": NaN,
        "Gross Profit": NaN,
        "Operating Income": 639,
        "EBIT": 734,
        "Net Income": 424
    },
    "2010-12-31": {
        "Diluted EPS": 0.62,
        "Total Revenue": NaN,
        "Gross Profit": NaN,
        "Operating Income": 455,
        "EBIT": 552,
        "Net Income": 310
    },
    "2010-09-30": {
        "Diluted EPS": 0.56,
        "Total Revenue": NaN,
        "Gross Profit": 918,
        "Operating Income": 402,
        "EBIT": 490,
        "Net Income": 279
    },
    "2010-06-30": {
        "Diluted EPS": 0.42,
        "Total Revenue": NaN,
        "Gross Profit": 908,
        "Operating Income": 296,
        "EBIT": 386,
        "Net Income": 208
    },
    "2010-03-31": {
        "Diluted EPS": 0.8,
        "Total Revenue": NaN,
        "Gross Profit": NaN,
        "Operating Income": 608,
        "EBIT": 700,
        "Net Income": 404
    },
    "2009-12-31": {
        "Diluted EPS": 0.62,
        "Total Revenue": NaN,
        "Gross Profit": 971,
        "Operating Income": 452,
        "EBIT": 544,
        "Net Income": 316
    },
    "2009-09-30": {
        "Diluted EPS": 0.56,
        "Total Revenue": NaN,
        "Gross Profit": 907,
        "Operating Income": 415,
        "EBIT": 507,
        "Net Income": 284
    },
    "2009-06-30": {
        "Diluted EPS": 0.7,
        "Total Revenue": NaN,
        "Gross Profit": 901,
        "Operating Income": 330,
        "EBIT": 424,
        "Net Income": 353
    },
    "2009-03-31": {
        "Diluted EPS": 0.8,
        "Total Revenue": NaN,
        "Gross Profit": NaN,
        "Operating Income": 635,
        "EBIT": 727,
        "Net Income": 403
    },
    "2023-09-30": {
        "Tax Effect Of Unusual Items": 2717800.0,
        "Tax Rate For Calcs": 0.214,
        "Normalized EBITDA": 1313200000.0,
        "Total Unusual Items": 12700000.0,
        "Total Unusual Items Excluding Goodwill": 12700000.0,
        "Net Income From Continuing Operation Net Minority Interest": 859400000.0,
        "Reconciled Depreciation": 141500000.0,
        "Reconciled Cost Of Revenue": 2515400000.0,
        "EBITDA": 1325900000.0,
        "EBIT": 1184400000.0,
        "Net Interest Income": 156600000.0,
        "Interest Expense": 91600000.0,
        "Interest Income": 248200000.0,
        "Normalized Income": 849417800.0,
        "Net Income From Continuing And Discontinued Operation": 859400000.0,
        "Total Expenses": 3395700000.0,
        "Diluted Average Shares": 413600000.0,
        "Basic Average Shares": 411700000.0,
        "Diluted EPS": 2.08,
        "Basic EPS": 2.09,
        "Diluted NI Availto Com Stockholders": 859400000.0,
        "Net Income Common Stockholders": 859400000.0,
        "Net Income": 859400000.0,
        "Net Income Including Noncontrolling Interests": 859400000.0,
        "Net Income Continuous Operations": 859400000.0,
        "Tax Provision": 233400000.0,
        "Pretax Income": 1092800000.0,
        "Other Income Expense": 21200000.0,
        "Other Non Operating Income Expenses": 8500000.0,
        "Special Income Charges": 14600000.0,
        "Gain On Sale Of Ppe": 14600000.0,
        "Write Off": 0.0,
        "Gain On Sale Of Security": -1900000.0,
        "Net Non Operating Interest Income Expense": 156600000.0,
        "Interest Expense Non Operating": 91600000.0,
        "Interest Income Non Operating": 248200000.0,
        "Operating Income": 915000000.0,
        "Operating Expense": 880300000.0,
        "Selling General And Administration": 880300000.0,
        "General And Administrative Expense": NaN,
        "Other Gand A": NaN,
        "Salaries And Wages": NaN,
        "Gross Profit": 1795300000.0,
        "Cost Of Revenue": 2515400000.0,
        "Total Revenue": 4310700000.0,
        "Operating Revenue": 4310700000.0
    },
    "2023-12-31": {
        "Tax Effect Of Unusual Items": -139200.0,
        "Tax Rate For Calcs": 0.232,
        "Normalized EBITDA": 1389400000.0,
        "Total Unusual Items": -600000.0,
        "Total Unusual Items Excluding Goodwill": -600000.0,
        "Net Income From Continuing Operation Net Minority Interest": 878400000.0,
        "Reconciled Depreciation": 140100000.0,
        "Reconciled Cost Of Revenue": 2561600000.0,
        "EBITDA": 1388800000.0,
        "EBIT": 1248700000.0,
        "Net Interest Income": 177300000.0,
        "Interest Expense": 104900000.0,
        "Interest Income": 282200000.0,
        "Normalized Income": 878860800.0,
        "Net Income From Continuing And Discontinued Operation": 878400000.0,
        "Total Expenses": 3484100000.0,
        "Diluted Average Shares": 412500000.0,
        "Basic Average Shares": 411100000.0,
        "Diluted EPS": 2.13,
        "Basic EPS": 2.14,
        "Diluted NI Availto Com Stockholders": 878400000.0,
        "Net Income Common Stockholders": 878400000.0,
        "Net Income": 878400000.0,
        "Net Income Including Noncontrolling Interests": 878400000.0,
        "Net Income Continuous Operations": 878400000.0,
        "Tax Provision": 265400000.0,
        "Pretax Income": 1143800000.0,
        "Other Income Expense": 7900000.0,
        "Other Non Operating Income Expenses": 8500000.0,
        "Special Income Charges": 1400000.0,
        "Gain On Sale Of Ppe": 1400000.0,
        "Write Off": 0.0,
        "Gain On Sale Of Security": -2000000.0,
        "Net Non Operating Interest Income Expense": 177300000.0,
        "Interest Expense Non Operating": 104900000.0,
        "Interest Income Non Operating": 282200000.0,
        "Operating Income": 958600000.0,
        "Operating Expense": 922500000.0,
        "Selling General And Administration": 922500000.0,
        "General And Administrative Expense": NaN,
        "Other Gand A": NaN,
        "Salaries And Wages": NaN,
        "Gross Profit": 1881100000.0,
        "Cost Of Revenue": 2561600000.0,
        "Total Revenue": 4442700000.0,
        "Operating Revenue": 4442700000.0
    },
    "2024-03-31": {
        "Tax Effect Of Unusual Items": 0.0,
        "Tax Rate For Calcs": 0.234,
        "Normalized EBITDA": 1753600000.0,
        "Total Unusual Items": 0.0,
        "Total Unusual Items Excluding Goodwill": 0.0,
        "Net Income From Continuing Operation Net Minority Interest": 1184900000.0,
        "Reconciled Depreciation": 144600000.0,
        "Reconciled Cost Of Revenue": 2768200000.0,
        "EBITDA": 1753600000.0,
        "EBIT": 1609000000.0,
        "Net Interest Income": 314000000.0,
        "Interest Expense": 62700000.0,
        "Interest Income": 376700000.0,
        "Normalized Income": 1184900000.0,
        "Net Income From Continuing And Discontinued Operation": 1184900000.0,
        "Total Expenses": 3700700000.0,
        "Diluted Average Shares": 412100000.0,
        "Basic Average Shares": 410500000.0,
        "Diluted EPS": 2.88,
        "Basic EPS": 2.89,
        "Diluted NI Availto Com Stockholders": 1184900000.0,
        "Net Income Common Stockholders": 1184900000.0,
        "Net Income": 1184900000.0,
        "Net Income Including Noncontrolling Interests": 1184900000.0,
        "Net Income Continuous Operations": 1184900000.0,
        "Tax Provision": 361400000.0,
        "Pretax Income": 1546300000.0,
        "Other Income Expense": NaN,
        "Other Non Operating Income Expenses": NaN,
        "Special Income Charges": 1200000.0,
        "Gain On Sale Of Ppe": 1200000.0,
        "Write Off": 0.0,
        "Gain On Sale Of Security": -1200000.0,
        "Net Non Operating Interest Income Expense": 314000000.0,
        "Interest Expense Non Operating": 62700000.0,
        "Interest Income Non Operating": 376700000.0,
        "Operating Income": 1232300000.0,
        "Operating Expense": 932500000.0,
        "Selling General And Administration": 932500000.0,
        "General And Administrative Expense": 932500000.0,
        "Other Gand A": 940900000.0,
        "Salaries And Wages": -8400000.0,
        "Gross Profit": 2164800000.0,
        "Cost Of Revenue": 2768200000.0,
        "Total Revenue": 4933000000.0,
        "Operating Revenue": 4933000000.0
    },
    "2024-06-30": {
        "Tax Effect Of Unusual Items": -167079.776003,
        "Tax Rate For Calcs": 0.238685,
        "Normalized EBITDA": 1327900000.0,
        "Total Unusual Items": -700000.0,
        "Total Unusual Items Excluding Goodwill": -700000.0,
        "Net Income From Continuing Operation Net Minority Interest": 829300000.0,
        "Reconciled Depreciation": 135700000.0,
        "Reconciled Cost Of Revenue": 2631600000.0,
        "EBITDA": 1327200000.0,
        "EBIT": 1191500000.0,
        "Net Interest Income": 256600000.0,
        "Interest Expense": 102200000.0,
        "Interest Income": 358800000.0,
        "Normalized Income": 829832920.223997,
        "Net Income From Continuing And Discontinued Operation": 829300000.0,
        "Total Expenses": 3658300000.0,
        "Diluted Average Shares": 410600000.0,
        "Basic Average Shares": 408900000.0,
        "Diluted EPS": 2.02,
        "Basic EPS": 2.03,
        "Diluted NI Availto Com Stockholders": 829300000.0,
        "Net Income Common Stockholders": 829300000.0,
        "Net Income": 829300000.0,
        "Net Income Including Noncontrolling Interests": 829300000.0,
        "Net Income Continuous Operations": 829300000.0,
        "Tax Provision": 260000000.0,
        "Pretax Income": 1089300000.0,
        "Other Income Expense": -700000.0,
        "Other Non Operating Income Expenses": NaN,
        "Special Income Charges": 0.0,
        "Gain On Sale Of Ppe": 0.0,
        "Write Off": 0.0,
        "Gain On Sale Of Security": -700000.0,
        "Net Non Operating Interest Income Expense": 256600000.0,
        "Interest Expense Non Operating": 102200000.0,
        "Interest Income Non Operating": 358800000.0,
        "Operating Income": 833400000.0,
        "Operating Expense": 1026700000.0,
        "Selling General And Administration": 1026700000.0,
        "General And Administrative Expense": 1026700000.0,
        "Other Gand A": 1035300000.0,
        "Salaries And Wages": -8600000.0,
        "Gross Profit": 1860100000.0,
        "Cost Of Revenue": 2631600000.0,
        "Total Revenue": 4491700000.0,
        "Operating Revenue": 4491700000.0
    },
    "2024-09-30": {
        "Tax Effect Of Unusual Items": 498123.281022,
        "Tax Rate For Calcs": 0.22642,
        "Normalized EBITDA": 1510400000.0,
        "Total Unusual Items": 2200000.0,
        "Total Unusual Items Excluding Goodwill": 2200000.0,
        "Net Income From Continuing Operation Net Minority Interest": 956300000.0,
        "Reconciled Depreciation": 138600000.0,
        "Reconciled Cost Of Revenue": 2633700000.0,
        "EBITDA": 1512600000.0,
        "EBIT": 1374000000.0,
        "Net Interest Income": 207200000.0,
        "Interest Expense": 137800000.0,
        "Interest Income": 345000000.0,
        "Normalized Income": 954598123.281022,
        "Net Income From Continuing And Discontinued Operation": 956300000.0,
        "Total Expenses": 3560400000.0,
        "Diluted Average Shares": 409500000.0,
        "Basic Average Shares": 407900000.0,
        "Diluted EPS": 2.34,
        "Basic EPS": 2.34,
        "Diluted NI Availto Com Stockholders": 956300000.0,
        "Net Income Common Stockholders": 956300000.0,
        "Net Income": 956300000.0,
        "Net Income Including Noncontrolling Interests": 956300000.0,
        "Net Income Continuous Operations": 956300000.0,
        "Tax Provision": 279900000.0,
        "Pretax Income": 1236200000.0,
        "Other Income Expense": 10000000.0,
        "Other Non Operating Income Expenses": 7800000.0,
        "Special Income Charges": 2400000.0,
        "Gain On Sale Of Ppe": 2400000.0,
        "Write Off": NaN,
        "Gain On Sale Of Security": -200000.0,
        "Net Non Operating Interest Income Expense": 207200000.0,
        "Interest Expense Non Operating": 137800000.0,
        "Interest Income Non Operating": 345000000.0,
        "Operating Income": 1019000000.0,
        "Operating Expense": 926700000.0,
        "Selling General And Administration": 926700000.0,
        "General And Administrative Expense": NaN,
        "Other Gand A": NaN,
        "Salaries And Wages": NaN,
        "Gross Profit": 1945700000.0,
        "Cost Of Revenue": 2633700000.0,
        "Total Revenue": 4579400000.0,
        "Operating Revenue": 4579400000.0
    }
}