{
    "2023-03-31": {
        "Tax Effect Of Unusual Items": NaN,
        "Tax Rate For Calcs": NaN,
        "Normalized EBITDA": NaN,
        "Total Unusual Items": NaN,
        "Total Unusual Items Excluding Goodwill": NaN,
        "Net Income From Continuing Operation Net Minority Interest": NaN,
        "Reconciled Depreciation": NaN,
        "Reconciled Cost Of Revenue": NaN,
        "EBITDA": NaN,
        "EBIT": NaN,
        "Net Interest Income": NaN,
        "Interest Expense": NaN,
        "Normalized Income": NaN,
        "Net Income From Continuing And Discontinued Operation": NaN,
        "Total Expenses": NaN,
        "Total Operating Income As Reported": NaN,
        "Diluted Average Shares": NaN,
        "Basic Average Shares": NaN,
        "Diluted EPS": NaN,
        "Basic EPS": NaN,
        "Diluted NI Availto Com Stockholders": NaN,
        "Net Income Common Stockholders": NaN,
        "Net Income": NaN,
        "Net Income Including Noncontrolling Interests": NaN,
        "Net Income Discontinuous Operations": NaN,
        "Net Income Continuous Operations": NaN,
        "Earnings From Equity Interest Net Of Tax": NaN,
        "Tax Provision": NaN,
        "Pretax Income": NaN,
        "Other Income Expense": NaN,
        "Other Non Operating Income Expenses": NaN,
        "Special Income Charges": NaN,
        "Impairment Of Capital Assets": 241630000.0,
        "Restructuring And Mergern Acquisition": NaN,
        "Net Non Operating Interest Income Expense": NaN,
        "Interest Expense Non Operating": NaN,
        "Operating Income": NaN,
        "Operating Expense": NaN,
        "Depreciation Amortization Depletion Income Statement": NaN,
        "Depreciation And Amortization In Income Statement": NaN,
        "Selling General And Administration": NaN,
        "Gross Profit": NaN,
        "Cost Of Revenue": NaN,
        "Total Revenue": NaN,
        "Operating Revenue": NaN
    },
    "2022-12-31": {
        "Tax Effect Of Unusual Items": NaN,
        "Tax Rate For Calcs": NaN,
        "Normalized EBITDA": NaN,
        "Total Unusual Items": NaN,
        "Total Unusual Items Excluding Goodwill": NaN,
        "Net Income From Continuing Operation Net Minority Interest": NaN,
        "Reconciled Depreciation": NaN,
        "Reconciled Cost Of Revenue": NaN,
        "EBITDA": NaN,
        "EBIT": NaN,
        "Net Interest Income": NaN,
        "Interest Expense": NaN,
        "Normalized Income": NaN,
        "Net Income From Continuing And Discontinued Operation": NaN,
        "Total Expenses": NaN,
        "Total Operating Income As Reported": NaN,
        "Diluted Average Shares": 977000000.0,
        "Basic Average Shares": 851000000.0,
        "Diluted EPS": 0.16,
        "Basic EPS": 0.17,
        "Diluted NI Availto Com Stockholders": NaN,
        "Net Income Common Stockholders": NaN,
        "Net Income": NaN,
        "Net Income Including Noncontrolling Interests": NaN,
        "Net Income Discontinuous Operations": NaN,
        "Net Income Continuous Operations": NaN,
        "Earnings From Equity Interest Net Of Tax": NaN,
        "Tax Provision": NaN,
        "Pretax Income": NaN,
        "Other Income Expense": NaN,
        "Other Non Operating Income Expenses": NaN,
        "Special Income Charges": NaN,
        "Impairment Of Capital Assets": NaN,
        "Restructuring And Mergern Acquisition": NaN,
        "Net Non Operating Interest Income Expense": NaN,
        "Interest Expense Non Operating": NaN,
        "Operating Income": NaN,
        "Operating Expense": NaN,
        "Depreciation Amortization Depletion Income Statement": NaN,
        "Depreciation And Amortization In Income Statement": NaN,
        "Selling General And Administration": NaN,
        "Gross Profit": NaN,
        "Cost Of Revenue": NaN,
        "Total Revenue": NaN,
        "Operating Revenue": NaN
    },
    "2022-09-30": {
        "Tax Effect Of Unusual Items": NaN,
        "Tax Rate For Calcs": NaN,
        "Normalized EBITDA": NaN,
        "Total Unusual Items": NaN,
        "Total Unusual Items Excluding Goodwill": NaN,
        "Net Income From Continuing Operation Net Minority Interest": NaN,
        "Reconciled Depreciation": NaN,
        "Reconciled Cost Of Revenue": NaN,
        "EBITDA": NaN,
        "EBIT": NaN,
        "Net Interest Income": NaN,
        "Interest Expense": NaN,
        "Normalized Income": NaN,
        "Net Income From Continuing And Discontinued Operation": NaN,
        "Total Expenses": NaN,
        "Total Operating Income As Reported": NaN,
        "Diluted Average Shares": NaN,
        "Basic Average Shares": NaN,
        "Diluted EPS": NaN,
        "Basic EPS": NaN,
        "Diluted NI Availto Com Stockholders": NaN,
        "Average Dilution Earnings": 0.0,
        "Net Income Common Stockholders": NaN,
        "Net Income": NaN,
        "Net Income Including Noncontrolling Interests": NaN,
        "Net Income Discontinuous Operations": 7866000.0,
        "Net Income Continuous Operations": NaN,
        "Earnings From Equity Interest Net Of Tax": NaN,
        "Tax Provision": NaN,
        "Pretax Income": NaN,
        "Other Income Expense": NaN,
        "Other Non Operating Income Expenses": NaN,
        "Special Income Charges": NaN,
        "Impairment Of Capital Assets": NaN,
        "Restructuring And Mergern Acquisition": NaN,
        "Net Non Operating Interest Income Expense": NaN,
        "Interest Expense Non Operating": NaN,
        "Operating Income": NaN,
        "Operating Expense": NaN,
        "Depreciation Amortization Depletion Income Statement": NaN,
        "Depreciation And Amortization In Income Statement": NaN,
        "Selling General And Administration": NaN,
        "Gross Profit": NaN,
        "Cost Of Revenue": NaN,
        "Total Revenue": NaN,
        "Operating Revenue": NaN
    },
    "2022-06-30": {
        "Tax Effect Of Unusual Items": 1118895.0,
        "Tax Rate For Calcs": 0.291,
        "Normalized EBITDA": 607611000.0,
        "Total Unusual Items": 3845000.0,
        "Total Unusual Items Excluding Goodwill": 3845000.0,
        "Net Income From Continuing Operation Net Minority Interest": 91517000.0,
        "Reconciled Depreciation": 399416000.0,
        "Reconciled Cost Of Revenue": 507813000.0,
        "EBITDA": 611456000.0,
        "EBIT": 212040000.0,
        "Net Interest Income": -81651000.0,
        "Interest Expense": 81651000.0,
        "Normalized Income": 88790895.0,
        "Net Income From Continuing And Discontinued Operation": 91517000.0,
        "Total Expenses": 1394298000.0,
        "Total Operating Income As Reported": 210577000.0,
        "Diluted Average Shares": 965554000.0,
        "Basic Average Shares": 902987000.0,
        "Diluted EPS": 0.1,
        "Basic EPS": 0.1,
        "Diluted NI Availto Com Stockholders": 93433000.0,
        "Average Dilution Earnings": 1916000.0,
        "Net Income Common Stockholders": 91517000.0,
        "Net Income": 91517000.0,
        "Net Income Including Noncontrolling Interests": 91517000.0,
        "Net Income Continuous Operations": 91517000.0,
        "Earnings From Equity Interest Net Of Tax": -948000.0,
        "Tax Provision": 37924000.0,
        "Pretax Income": 130389000.0,
        "Other Income Expense": 5308000.0,
        "Other Non Operating Income Expenses": 1463000.0,
        "Special Income Charges": 3845000.0,
        "Impairment Of Capital Assets": NaN,
        "Restructuring And Mergern Acquisition": -3845000.0,
        "Net Non Operating Interest Income Expense": -81651000.0,
        "Interest Expense Non Operating": 81651000.0,
        "Operating Income": 206732000.0,
        "Operating Expense": 886485000.0,
        "Depreciation Amortization Depletion Income Statement": 399416000.0,
        "Depreciation And Amortization In Income Statement": 399416000.0,
        "Selling General And Administration": 487069000.0,
        "Gross Profit": 1093217000.0,
        "Cost Of Revenue": 507813000.0,
        "Total Revenue": 1601030000.0,
        "Operating Revenue": 1601030000.0
    },
    "2022-03-31": {
        "Diluted EPS": 0.05,
        "Total Revenue": NaN,
        "Gross Profit": NaN,
        "Operating Income": 76,
        "EBIT": 536,
        "Net Income": 52
    },
    "2021-12-31": {
        "Diluted EPS": -0.07,
        "Total Revenue": NaN,
        "Gross Profit": 966,
        "Operating Income": 10,
        "EBIT": 506,
        "Net Income": -58
    },
    "2021-09-30": {
        "Diluted EPS": -0.13,
        "Total Revenue": NaN,
        "Gross Profit": 945,
        "Operating Income": 23,
        "EBIT": 491,
        "Net Income": -109
    },
    "2021-06-30": {
        "Diluted EPS": -0.15,
        "Total Revenue": NaN,
        "Gross Profit": 923,
        "Operating Income": -2,
        "EBIT": 462,
        "Net Income": -126
    },
    "2021-03-31": {
        "Diluted EPS": -0.06,
        "Total Revenue": NaN,
        "Gross Profit": 924,
        "Operating Income": -16,
        "EBIT": 445,
        "Net Income": -48
    },
    "2020-12-31": {
        "Diluted EPS": -0.13,
        "Total Revenue": NaN,
        "Gross Profit": 940,
        "Operating Income": 17,
        "EBIT": 482,
        "Net Income": -112
    },
    "2020-09-30": {
        "Diluted EPS": -0.15,
        "Total Revenue": NaN,
        "Gross Profit": 941,
        "Operating Income": 63,
        "EBIT": 530,
        "Net Income": -113
    },
    "2020-06-30": {
        "Diluted EPS": -0.14,
        "Total Revenue": NaN,
        "Gross Profit": 955,
        "Operating Income": 50,
        "EBIT": 522,
        "Net Income": -107
    },
    "2020-03-31": {
        "Diluted EPS": -0.4,
        "Total Revenue": NaN,
        "Gross Profit": 962,
        "Operating Income": -89,
        "EBIT": 393,
        "Net Income": -300
    },
    "2019-12-31": {
        "Diluted EPS": -0.09,
        "Total Revenue": NaN,
        "Gross Profit": 929,
        "Operating Income": 64,
        "EBIT": 543,
        "Net Income": -72
    },
    "2019-09-30": {
        "Diluted EPS": -0.25,
        "Total Revenue": NaN,
        "Gross Profit": 944,
        "Operating Income": -51,
        "EBIT": 493,
        "Net Income": -182
    },
    "2019-06-30": {
        "Diluted EPS": -0.14,
        "Total Revenue": NaN,
        "Gross Profit": 946,
        "Operating Income": 93,
        "EBIT": 587,
        "Net Income": -104
    },
    "2019-03-31": {
        "Diluted EPS": -0.09,
        "Total Revenue": NaN,
        "Gross Profit": 917,
        "Operating Income": 90,
        "EBIT": 580,
        "Net Income": -66
    },
    "2018-12-31": {
        "Diluted EPS": -0.19,
        "Total Revenue": NaN,
        "Gross Profit": 902,
        "Operating Income": 11,
        "EBIT": 577,
        "Net Income": -149
    },
    "2018-09-30": {
        "Diluted EPS": -0.31,
        "Total Revenue": NaN,
        "Gross Profit": 885,
        "Operating Income": 122,
        "EBIT": 592,
        "Net Income": -236
    },
    "2018-06-30": {
        "Diluted EPS": -0.09,
        "Total Revenue": NaN,
        "Gross Profit": 885,
        "Operating Income": 74,
        "EBIT": 558,
        "Net Income": -67
    },
    "2018-03-31": {
        "Diluted EPS": -0.22,
        "Total Revenue": NaN,
        "Gross Profit": 868,
        "Operating Income": 71,
        "EBIT": 551,
        "Net Income": -157
    },
    "2017-12-31": {
        "Diluted EPS": 0.99,
        "Total Revenue": NaN,
        "Gross Profit": 868,
        "Operating Income": 95,
        "EBIT": 573,
        "Net Income": 638
    },
    "2017-09-30": {
        "Diluted EPS": -0.1,
        "Total Revenue": NaN,
        "Gross Profit": 859,
        "Operating Income": 92,
        "EBIT": 561,
        "Net Income": -62
    },
    "2017-06-30": {
        "Diluted EPS": -0.14,
        "Total Revenue": NaN,
        "Gross Profit": 853,
        "Operating Income": 90,
        "EBIT": 550,
        "Net Income": -93
    },
    "2017-03-31": {
        "Diluted EPS": -0.22,
        "Total Revenue": NaN,
        "Gross Profit": 841,
        "Operating Income": 6,
        "EBIT": 468,
        "Net Income": -141
    },
    "2016-12-31": {
        "Diluted EPS": 0.0,
        "Total Revenue": NaN,
        "Gross Profit": NaN,
        "Operating Income": NaN,
        "EBIT": NaN,
        "Net Income": NaN
    },
    "2015-12-31": {
        "Diluted EPS": 0.0,
        "Total Revenue": NaN,
        "Gross Profit": NaN,
        "Operating Income": NaN,
        "EBIT": NaN,
        "Net Income": NaN
    },
    "2014-12-31": {
        "Diluted EPS": 0.0,
        "Total Revenue": NaN,
        "Gross Profit": NaN,
        "Operating Income": NaN,
        "EBIT": NaN,
        "Net Income": NaN
    },
    "2023-06-30": {
        "Tax Effect Of Unusual Items": NaN,
        "Tax Rate For Calcs": NaN,
        "Normalized EBITDA": NaN,
        "Total Unusual Items": NaN,
        "Total Unusual Items Excluding Goodwill": NaN,
        "Net Income From Continuing Operation Net Minority Interest": NaN,
        "Reconciled Depreciation": NaN,
        "Reconciled Cost Of Revenue": NaN,
        "EBITDA": NaN,
        "EBIT": NaN,
        "Net Interest Income": NaN,
        "Interest Expense": NaN,
        "Normalized Income": NaN,
        "Net Income From Continuing And Discontinued Operation": NaN,
        "Total Expenses": NaN,
        "Total Operating Income As Reported": NaN,
        "Diluted Average Shares": 971604000.0,
        "Basic Average Shares": 912326000.0,
        "Diluted EPS": 0.09,
        "Basic EPS": 0.1,
        "Diluted NI Availto Com Stockholders": NaN,
        "Net Income Common Stockholders": NaN,
        "Net Income": NaN,
        "Net Income Including Noncontrolling Interests": NaN,
        "Net Income Discontinuous Operations": NaN,
        "Net Income Continuous Operations": NaN,
        "Earnings From Equity Interest Net Of Tax": NaN,
        "Tax Provision": NaN,
        "Pretax Income": NaN,
        "Other Income Expense": NaN,
        "Other Non Operating Income Expenses": NaN,
        "Special Income Charges": NaN,
        "Impairment Of Capital Assets": 181179000.0,
        "Restructuring And Mergern Acquisition": NaN,
        "Net Non Operating Interest Income Expense": NaN,
        "Interest Expense Non Operating": NaN,
        "Operating Income": NaN,
        "Operating Expense": NaN,
        "Depreciation Amortization Depletion Income Statement": NaN,
        "Depreciation And Amortization In Income Statement": NaN,
        "Selling General And Administration": NaN,
        "Gross Profit": NaN,
        "Cost Of Revenue": NaN,
        "Total Revenue": NaN,
        "Operating Revenue": NaN
    },
    "2023-09-30": {
        "Tax Effect Of Unusual Items": -2110655.0,
        "Tax Rate For Calcs": 0.215,
        "Normalized EBITDA": 646942000.0,
        "Total Unusual Items": -9817000.0,
        "Total Unusual Items Excluding Goodwill": -9817000.0,
        "Net Income From Continuing Operation Net Minority Interest": 123259000.0,
        "Reconciled Depreciation": 329901000.0,
        "Reconciled Cost Of Revenue": 187148000.0,
        "EBITDA": 637125000.0,
        "EBIT": 307224000.0,
        "Net Interest Income": -146850000.0,
        "Interest Expense": 146850000.0,
        "Normalized Income": 130965345.0,
        "Net Income From Continuing And Discontinued Operation": -86237000.0,
        "Total Expenses": 863493000.0,
        "Total Operating Income As Reported": 306563000.0,
        "Diluted Average Shares": 972519000.0,
        "Basic Average Shares": 912168000.0,
        "Diluted EPS": -0.09,
        "Basic EPS": -0.09,
        "Diluted NI Availto Com Stockholders": -86237000.0,
        "Net Income Common Stockholders": -86237000.0,
        "Net Income": -86237000.0,
        "Net Income Including Noncontrolling Interests": -86237000.0,
        "Net Income Discontinuous Operations": -209496000.0,
        "Net Income Continuous Operations": 123259000.0,
        "Earnings From Equity Interest Net Of Tax": -2688000.0,
        "Tax Provision": 34427000.0,
        "Pretax Income": 160374000.0,
        "Other Income Expense": -9156000.0,
        "Other Non Operating Income Expenses": 661000.0,
        "Special Income Charges": -9817000.0,
        "Impairment Of Capital Assets": 88367000.0,
        "Restructuring And Mergern Acquisition": 9817000.0,
        "Net Non Operating Interest Income Expense": -146850000.0,
        "Interest Expense Non Operating": 146850000.0,
        "Operating Income": 316380000.0,
        "Operating Expense": 676097000.0,
        "Depreciation Amortization Depletion Income Statement": 329653000.0,
        "Depreciation And Amortization In Income Statement": 329653000.0,
        "Selling General And Administration": 346444000.0,
        "Gross Profit": 992477000.0,
        "Cost Of Revenue": 187396000.0,
        "Total Revenue": 1179873000.0,
        "Operating Revenue": 1179873000.0
    },
    "2023-12-31": {
        "Tax Effect Of Unusual Items": -7007028.319144,
        "Tax Rate For Calcs": 0.192216,
        "Normalized EBITDA": 624662000.0,
        "Total Unusual Items": -36454000.0,
        "Total Unusual Items Excluding Goodwill": -36454000.0,
        "Net Income From Continuing Operation Net Minority Interest": 85214000.0,
        "Reconciled Depreciation": 329877000.0,
        "Reconciled Cost Of Revenue": 229070000.0,
        "EBITDA": 588208000.0,
        "EBIT": 258331000.0,
        "Net Interest Income": -169769000.0,
        "Interest Expense": 169769000.0,
        "Normalized Income": 114660971.680856,
        "Net Income From Continuing And Discontinued Operation": 575872000.0,
        "Total Expenses": 939438000.0,
        "Total Operating Income As Reported": 262984000.0,
        "Diluted Average Shares": NaN,
        "Basic Average Shares": NaN,
        "Diluted EPS": NaN,
        "Basic EPS": NaN,
        "Diluted NI Availto Com Stockholders": 575872000.0,
        "Net Income Common Stockholders": 575872000.0,
        "Net Income": 575872000.0,
        "Net Income Including Noncontrolling Interests": 575872000.0,
        "Net Income Discontinuous Operations": 490658000.0,
        "Net Income Continuous Operations": 85214000.0,
        "Earnings From Equity Interest Net Of Tax": 13675000.0,
        "Tax Provision": 17023000.0,
        "Pretax Income": 88562000.0,
        "Other Income Expense": -24486000.0,
        "Other Non Operating Income Expenses": 11968000.0,
        "Special Income Charges": -36454000.0,
        "Impairment Of Capital Assets": 0.0,
        "Restructuring And Mergern Acquisition": 19833000.0,
        "Net Non Operating Interest Income Expense": -169769000.0,
        "Interest Expense Non Operating": 169769000.0,
        "Operating Income": 282817000.0,
        "Operating Expense": 710368000.0,
        "Depreciation Amortization Depletion Income Statement": 329877000.0,
        "Depreciation And Amortization In Income Statement": 329877000.0,
        "Selling General And Administration": 380491000.0,
        "Gross Profit": 993185000.0,
        "Cost Of Revenue": 229070000.0,
        "Total Revenue": 1222255000.0,
        "Operating Revenue": 1222255000.0
    },
    "2024-03-31": {
        "Tax Effect Of Unusual Items": -11340682.0,
        "Tax Rate For Calcs": 0.251,
        "Normalized EBITDA": 590653000.0,
        "Total Unusual Items": -45182000.0,
        "Total Unusual Items Excluding Goodwill": -45182000.0,
        "Net Income From Continuing Operation Net Minority Interest": 91532000.0,
        "Reconciled Depreciation": 334353000.0,
        "Reconciled Cost Of Revenue": 235827000.0,
        "EBITDA": 545471000.0,
        "EBIT": 211118000.0,
        "Net Interest Income": -88931000.0,
        "Interest Expense": 88931000.0,
        "Normalized Income": 125373318.0,
        "Net Income From Continuing And Discontinued Operation": 91551000.0,
        "Total Expenses": 968633000.0,
        "Total Operating Income As Reported": 195496000.0,
        "Diluted Average Shares": 973139000.0,
        "Basic Average Shares": 910638000.0,
        "Diluted EPS": 0.1,
        "Basic EPS": 0.1,
        "Diluted NI Availto Com Stockholders": 91551000.0,
        "Net Income Common Stockholders": 91551000.0,
        "Net Income": 91551000.0,
        "Net Income Including Noncontrolling Interests": 91551000.0,
        "Net Income Discontinuous Operations": 19000.0,
        "Net Income Continuous Operations": 91532000.0,
        "Earnings From Equity Interest Net Of Tax": 0.0,
        "Tax Provision": 30655000.0,
        "Pretax Income": 122187000.0,
        "Other Income Expense": -29560000.0,
        "Other Non Operating Income Expenses": 15622000.0,
        "Special Income Charges": -45182000.0,
        "Impairment Of Capital Assets": 0.0,
        "Restructuring And Mergern Acquisition": 45182000.0,
        "Net Non Operating Interest Income Expense": -88931000.0,
        "Interest Expense Non Operating": 88931000.0,
        "Operating Income": 240678000.0,
        "Operating Expense": 732806000.0,
        "Depreciation Amortization Depletion Income Statement": 334353000.0,
        "Depreciation And Amortization In Income Statement": 334353000.0,
        "Selling General And Administration": 398453000.0,
        "Gross Profit": 973484000.0,
        "Cost Of Revenue": 235827000.0,
        "Total Revenue": 1209311000.0,
        "Operating Revenue": 1209311000.0
    },
    "2024-06-30": {
        "Tax Effect Of Unusual Items": -596022.0,
        "Tax Rate For Calcs": 0.322,
        "Normalized EBITDA": 631901000.0,
        "Total Unusual Items": -1851000.0,
        "Total Unusual Items Excluding Goodwill": -1851000.0,
        "Net Income From Continuing Operation Net Minority Interest": 126185000.0,
        "Reconciled Depreciation": 334325000.0,
        "Reconciled Cost Of Revenue": 195768000.0,
        "EBITDA": 630050000.0,
        "EBIT": 295725000.0,
        "Net Interest Income": -109700000.0,
        "Interest Expense": 109700000.0,
        "Normalized Income": 127439978.0,
        "Net Income From Continuing And Discontinued Operation": 92394000.0,
        "Total Expenses": 918533000.0,
        "Total Operating Income As Reported": 284175000.0,
        "Diluted Average Shares": 963873000.0,
        "Basic Average Shares": 903018000.0,
        "Diluted EPS": 0.1,
        "Basic EPS": 0.1,
        "Diluted NI Availto Com Stockholders": 92394000.0,
        "Net Income Common Stockholders": 92394000.0,
        "Net Income": 92394000.0,
        "Net Income Including Noncontrolling Interests": 92394000.0,
        "Net Income Discontinuous Operations": -33791000.0,
        "Net Income Continuous Operations": 126185000.0,
        "Earnings From Equity Interest Net Of Tax": 0.0,
        "Tax Provision": 59840000.0,
        "Pretax Income": 186025000.0,
        "Other Income Expense": 9699000.0,
        "Other Non Operating Income Expenses": 11550000.0,
        "Special Income Charges": -1851000.0,
        "Impairment Of Capital Assets": NaN,
        "Restructuring And Mergern Acquisition": 1851000.0,
        "Net Non Operating Interest Income Expense": -109700000.0,
        "Interest Expense Non Operating": 109700000.0,
        "Operating Income": 286026000.0,
        "Operating Expense": 722299000.0,
        "Depreciation Amortization Depletion Income Statement": 333859000.0,
        "Depreciation And Amortization In Income Statement": 333859000.0,
        "Selling General And Administration": 388440000.0,
        "Gross Profit": 1008325000.0,
        "Cost Of Revenue": 196234000.0,
        "Total Revenue": 1204559000.0,
        "Operating Revenue": 1204559000.0
    },
    "2024-09-30": {
        "Tax Effect Of Unusual Items": -438840.0,
        "Tax Rate For Calcs": 0.276,
        "Normalized EBITDA": 681000000.0,
        "Total Unusual Items": -1590000.0,
        "Total Unusual Items Excluding Goodwill": -1590000.0,
        "Net Income From Continuing Operation Net Minority Interest": 132020000.0,
        "Reconciled Depreciation": 335325000.0,
        "Reconciled Cost Of Revenue": 222051000.0,
        "EBITDA": 679410000.0,
        "EBIT": 344085000.0,
        "Net Interest Income": -161830000.0,
        "Interest Expense": 161830000.0,
        "Normalized Income": 133171160.0,
        "Net Income From Continuing And Discontinued Operation": 127151000.0,
        "Total Expenses": 915896000.0,
        "Total Operating Income As Reported": 326350000.0,
        "Diluted Average Shares": 967606000.0,
        "Basic Average Shares": 905207000.0,
        "Diluted EPS": 0.13,
        "Basic EPS": 0.14,
        "Diluted NI Availto Com Stockholders": 127151000.0,
        "Net Income Common Stockholders": 127151000.0,
        "Net Income": 127151000.0,
        "Net Income Including Noncontrolling Interests": 127151000.0,
        "Net Income Discontinuous Operations": -4869000.0,
        "Net Income Continuous Operations": 132020000.0,
        "Earnings From Equity Interest Net Of Tax": 0.0,
        "Tax Provision": 50235000.0,
        "Pretax Income": 182255000.0,
        "Other Income Expense": 16145000.0,
        "Other Non Operating Income Expenses": 17735000.0,
        "Special Income Charges": -1590000.0,
        "Impairment Of Capital Assets": NaN,
        "Restructuring And Mergern Acquisition": 1590000.0,
        "Net Non Operating Interest Income Expense": -161830000.0,
        "Interest Expense Non Operating": 161830000.0,
        "Operating Income": 327940000.0,
        "Operating Expense": 693790000.0,
        "Depreciation Amortization Depletion Income Statement": 335270000.0,
        "Depreciation And Amortization In Income Statement": 335270000.0,
        "Selling General And Administration": 358520000.0,
        "Gross Profit": 1021730000.0,
        "Cost Of Revenue": 222106000.0,
        "Total Revenue": 1243836000.0,
        "Operating Revenue": 1243836000.0
    }
}