{
    "2023-03-31": {
        "Tax Effect Of Unusual Items": NaN,
        "Tax Rate For Calcs": NaN,
        "Normalized EBITDA": NaN,
        "Total Unusual Items": NaN,
        "Total Unusual Items Excluding Goodwill": NaN,
        "Net Income From Continuing Operation Net Minority Interest": NaN,
        "Reconciled Depreciation": NaN,
        "EBITDA": NaN,
        "EBIT": NaN,
        "Net Interest Income": NaN,
        "Interest Expense": NaN,
        "Interest Income": NaN,
        "Normalized Income": NaN,
        "Net Income From Continuing And Discontinued Operation": NaN,
        "Total Expenses": NaN,
        "Rent Expense Supplemental": 8216.0,
        "Total Operating Income As Reported": NaN,
        "Diluted Average Shares": NaN,
        "Basic Average Shares": NaN,
        "Diluted EPS": NaN,
        "Basic EPS": NaN,
        "Diluted NI Availto Com Stockholders": NaN,
        "Net Income Common Stockholders": NaN,
        "Net Income": NaN,
        "Net Income Including Noncontrolling Interests": NaN,
        "Net Income Discontinuous Operations": NaN,
        "Net Income Continuous Operations": NaN,
        "Tax Provision": NaN,
        "Pretax Income": NaN,
        "Other Income Expense": NaN,
        "Earnings From Equity Interest": NaN,
        "Gain On Sale Of Security": NaN,
        "Net Non Operating Interest Income Expense": NaN,
        "Interest Expense Non Operating": NaN,
        "Interest Income Non Operating": NaN,
        "Operating Income": NaN,
        "Operating Expense": NaN,
        "Other Operating Expenses": NaN,
        "Depreciation Amortization Depletion Income Statement": NaN,
        "Depreciation And Amortization In Income Statement": NaN,
        "Depreciation Income Statement": NaN,
        "Research And Development": NaN,
        "Selling General And Administration": NaN,
        "General And Administrative Expense": NaN,
        "Other Gand A": NaN,
        "Insurance And Claims": NaN,
        "Rent And Landing Fees": 8216.0,
        "Salaries And Wages": NaN,
        "Total Revenue": NaN,
        "Operating Revenue": NaN
    },
    "2022-12-31": {
        "Tax Effect Of Unusual Items": 0.0,
        "Tax Rate For Calcs": 0.0,
        "Normalized EBITDA": -3397445.0,
        "Total Unusual Items": -170736.0,
        "Total Unusual Items Excluding Goodwill": -170736.0,
        "Net Income From Continuing Operation Net Minority Interest": -3651596.0,
        "Reconciled Depreciation": 75648.0,
        "EBITDA": -3568181.0,
        "EBIT": -3643829.0,
        "Net Interest Income": 17580.0,
        "Interest Expense": 7767.0,
        "Interest Income": 25347.0,
        "Normalized Income": -3480860.0,
        "Net Income From Continuing And Discontinued Operation": -3651596.0,
        "Total Expenses": 4090870.0,
        "Rent Expense Supplemental": NaN,
        "Total Operating Income As Reported": -3498440.0,
        "Diluted Average Shares": NaN,
        "Basic Average Shares": NaN,
        "Diluted EPS": NaN,
        "Basic EPS": NaN,
        "Diluted NI Availto Com Stockholders": -3651596.0,
        "Net Income Common Stockholders": -3651596.0,
        "Net Income": -3651596.0,
        "Net Income Including Noncontrolling Interests": -3651596.0,
        "Net Income Continuous Operations": -3651596.0,
        "Tax Provision": 0.0,
        "Pretax Income": -3651596.0,
        "Other Income Expense": -170736.0,
        "Gain On Sale Of Security": -170736.0,
        "Net Non Operating Interest Income Expense": 17580.0,
        "Interest Expense Non Operating": 7767.0,
        "Interest Income Non Operating": 25347.0,
        "Operating Income": -3498440.0,
        "Operating Expense": 4090870.0,
        "Other Operating Expenses": -1164216.0,
        "Depreciation Amortization Depletion Income Statement": NaN,
        "Depreciation And Amortization In Income Statement": NaN,
        "Depreciation Income Statement": NaN,
        "Research And Development": 5743258.0,
        "Selling General And Administration": -240676.0,
        "General And Administrative Expense": -240676.0,
        "Other Gand A": 6109653.0,
        "Insurance And Claims": NaN,
        "Rent And Landing Fees": NaN,
        "Salaries And Wages": NaN,
        "Total Revenue": 592430.0,
        "Operating Revenue": 592430.0
    },
    "2022-09-30": {
        "Tax Effect Of Unusual Items": NaN,
        "Tax Rate For Calcs": NaN,
        "Normalized EBITDA": NaN,
        "Total Unusual Items": NaN,
        "Total Unusual Items Excluding Goodwill": NaN,
        "Net Income From Continuing Operation Net Minority Interest": NaN,
        "Reconciled Depreciation": NaN,
        "EBITDA": NaN,
        "EBIT": NaN,
        "Net Interest Income": NaN,
        "Interest Expense": NaN,
        "Interest Income": NaN,
        "Normalized Income": NaN,
        "Net Income From Continuing And Discontinued Operation": NaN,
        "Total Expenses": NaN,
        "Rent Expense Supplemental": 10959.0,
        "Total Operating Income As Reported": NaN,
        "Diluted Average Shares": 398214.0,
        "Basic Average Shares": 398214.0,
        "Diluted EPS": -10.8,
        "Basic EPS": -10.8,
        "Diluted NI Availto Com Stockholders": NaN,
        "Net Income Common Stockholders": NaN,
        "Net Income": NaN,
        "Net Income Including Noncontrolling Interests": NaN,
        "Net Income Discontinuous Operations": NaN,
        "Net Income Continuous Operations": NaN,
        "Tax Provision": NaN,
        "Pretax Income": NaN,
        "Other Income Expense": NaN,
        "Gain On Sale Of Security": NaN,
        "Net Non Operating Interest Income Expense": NaN,
        "Interest Expense Non Operating": NaN,
        "Interest Income Non Operating": NaN,
        "Operating Income": NaN,
        "Operating Expense": NaN,
        "Other Operating Expenses": NaN,
        "Depreciation Amortization Depletion Income Statement": NaN,
        "Depreciation And Amortization In Income Statement": NaN,
        "Depreciation Income Statement": NaN,
        "Research And Development": NaN,
        "Selling General And Administration": NaN,
        "General And Administrative Expense": NaN,
        "Other Gand A": NaN,
        "Insurance And Claims": NaN,
        "Rent And Landing Fees": 10959.0,
        "Salaries And Wages": NaN,
        "Total Revenue": NaN,
        "Operating Revenue": NaN
    },
    "2022-06-30": {
        "Tax Effect Of Unusual Items": 0.0,
        "Tax Rate For Calcs": 0.0,
        "Normalized EBITDA": -7008664.0,
        "Total Unusual Items": NaN,
        "Total Unusual Items Excluding Goodwill": NaN,
        "Net Income From Continuing Operation Net Minority Interest": -7221252.0,
        "Reconciled Depreciation": 83346.0,
        "EBITDA": -7008664.0,
        "EBIT": -7092010.0,
        "Net Interest Income": -129037.0,
        "Interest Expense": 129242.0,
        "Interest Income": 205.0,
        "Normalized Income": -7221252.0,
        "Net Income From Continuing And Discontinued Operation": -7221252.0,
        "Total Expenses": 7275569.0,
        "Rent Expense Supplemental": NaN,
        "Total Operating Income As Reported": -7092215.0,
        "Diluted Average Shares": 6244501.0,
        "Basic Average Shares": 6244501.0,
        "Diluted EPS": -1.14,
        "Basic EPS": -1.14,
        "Diluted NI Availto Com Stockholders": -7221252.0,
        "Net Income Common Stockholders": -7221252.0,
        "Net Income": -7221252.0,
        "Net Income Including Noncontrolling Interests": -7221252.0,
        "Net Income Continuous Operations": -7221252.0,
        "Tax Provision": 0.0,
        "Pretax Income": -7221252.0,
        "Other Income Expense": NaN,
        "Gain On Sale Of Security": NaN,
        "Net Non Operating Interest Income Expense": -129037.0,
        "Interest Expense Non Operating": 129242.0,
        "Interest Income Non Operating": 205.0,
        "Operating Income": -7092215.0,
        "Operating Expense": 7275569.0,
        "Other Operating Expenses": -3089.0,
        "Depreciation Amortization Depletion Income Statement": NaN,
        "Depreciation And Amortization In Income Statement": NaN,
        "Depreciation Income Statement": NaN,
        "Research And Development": 5747026.0,
        "Selling General And Administration": 1531632.0,
        "General And Administrative Expense": 1531632.0,
        "Other Gand A": 1531632.0,
        "Insurance And Claims": NaN,
        "Rent And Landing Fees": NaN,
        "Salaries And Wages": NaN,
        "Total Revenue": 183354.0,
        "Operating Revenue": 183354.0
    },
    "2022-03-31": {
        "Diluted EPS": -0.98,
        "Total Revenue": 0,
        "Gross Profit": 0,
        "Operating Income": -6,
        "EBIT": -6,
        "Net Income": -6
    },
    "2021-12-31": {
        "Diluted EPS": -0.78,
        "Total Revenue": 0,
        "Gross Profit": 0,
        "Operating Income": -5,
        "EBIT": -5,
        "Net Income": -5
    },
    "2021-09-30": {
        "Diluted EPS": -0.72,
        "Total Revenue": 1,
        "Gross Profit": 1,
        "Operating Income": -4,
        "EBIT": -4,
        "Net Income": -4
    },
    "2021-06-30": {
        "Diluted EPS": -0.92,
        "Total Revenue": 1,
        "Gross Profit": 1,
        "Operating Income": -5,
        "EBIT": -5,
        "Net Income": -5
    },
    "2021-03-31": {
        "Diluted EPS": -0.53,
        "Total Revenue": 1,
        "Gross Profit": 1,
        "Operating Income": -3,
        "EBIT": -3,
        "Net Income": -3
    },
    "2020-12-31": {
        "Diluted EPS": -0.55,
        "Total Revenue": 2,
        "Gross Profit": 2,
        "Operating Income": -2,
        "EBIT": -2,
        "Net Income": -2
    },
    "2020-09-30": {
        "Diluted EPS": -0.78,
        "Total Revenue": 0,
        "Gross Profit": 0,
        "Operating Income": -3,
        "EBIT": -3,
        "Net Income": -4
    },
    "2020-06-30": {
        "Diluted EPS": -0.75,
        "Total Revenue": 1,
        "Gross Profit": 1,
        "Operating Income": -3,
        "EBIT": -3,
        "Net Income": -3
    },
    "2020-03-31": {
        "Diluted EPS": -0.99,
        "Total Revenue": 1,
        "Gross Profit": 1,
        "Operating Income": -4,
        "EBIT": -4,
        "Net Income": -4
    },
    "2023-06-30": {
        "Tax Effect Of Unusual Items": NaN,
        "Tax Rate For Calcs": NaN,
        "Normalized EBITDA": NaN,
        "Total Unusual Items": NaN,
        "Total Unusual Items Excluding Goodwill": NaN,
        "Net Income From Continuing Operation Net Minority Interest": NaN,
        "Reconciled Depreciation": NaN,
        "EBITDA": NaN,
        "EBIT": NaN,
        "Net Interest Income": NaN,
        "Interest Expense": NaN,
        "Interest Income": NaN,
        "Normalized Income": NaN,
        "Net Income From Continuing And Discontinued Operation": NaN,
        "Total Expenses": NaN,
        "Rent Expense Supplemental": 10279.0,
        "Total Operating Income As Reported": NaN,
        "Diluted Average Shares": 1339641.0,
        "Basic Average Shares": 601570.0,
        "Diluted EPS": -4.8,
        "Basic EPS": -4.8,
        "Diluted NI Availto Com Stockholders": NaN,
        "Net Income Common Stockholders": NaN,
        "Net Income": NaN,
        "Net Income Including Noncontrolling Interests": NaN,
        "Net Income Discontinuous Operations": -2153756.0,
        "Net Income Continuous Operations": NaN,
        "Tax Provision": NaN,
        "Pretax Income": NaN,
        "Other Income Expense": NaN,
        "Earnings From Equity Interest": 0.0,
        "Gain On Sale Of Security": NaN,
        "Net Non Operating Interest Income Expense": NaN,
        "Interest Expense Non Operating": NaN,
        "Interest Income Non Operating": NaN,
        "Operating Income": NaN,
        "Operating Expense": NaN,
        "Other Operating Expenses": NaN,
        "Depreciation Amortization Depletion Income Statement": NaN,
        "Depreciation And Amortization In Income Statement": NaN,
        "Depreciation Income Statement": NaN,
        "Research And Development": NaN,
        "Selling General And Administration": NaN,
        "General And Administrative Expense": NaN,
        "Other Gand A": NaN,
        "Insurance And Claims": NaN,
        "Rent And Landing Fees": 10279.0,
        "Salaries And Wages": NaN,
        "Total Revenue": NaN,
        "Operating Revenue": NaN
    },
    "2023-09-30": {
        "Tax Effect Of Unusual Items": 0.0,
        "Tax Rate For Calcs": 0.0,
        "Normalized EBITDA": -660199.0,
        "Total Unusual Items": 25382.0,
        "Total Unusual Items Excluding Goodwill": 25382.0,
        "Net Income From Continuing Operation Net Minority Interest": -710736.0,
        "Reconciled Depreciation": 75381.0,
        "EBITDA": -634817.0,
        "EBIT": -710198.0,
        "Net Interest Income": 13120.0,
        "Interest Expense": 538.0,
        "Interest Income": 13658.0,
        "Normalized Income": -736118.0,
        "Net Income From Continuing And Discontinued Operation": -2617070.0,
        "Total Expenses": 1076971.0,
        "Rent Expense Supplemental": 8376.0,
        "Total Operating Income As Reported": -749238.0,
        "Diluted Average Shares": 1421147.0,
        "Basic Average Shares": 643988.0,
        "Diluted EPS": -3.6,
        "Basic EPS": -3.6,
        "Diluted NI Availto Com Stockholders": -2617070.0,
        "Net Income Common Stockholders": -2617070.0,
        "Net Income": -2617070.0,
        "Net Income Including Noncontrolling Interests": -2617070.0,
        "Net Income Discontinuous Operations": -1906334.0,
        "Net Income Continuous Operations": -710736.0,
        "Tax Provision": 0.0,
        "Pretax Income": -710736.0,
        "Other Income Expense": 25382.0,
        "Earnings From Equity Interest": 0.0,
        "Gain On Sale Of Security": 25382.0,
        "Net Non Operating Interest Income Expense": 13120.0,
        "Interest Expense Non Operating": 538.0,
        "Interest Income Non Operating": 13658.0,
        "Operating Income": -749238.0,
        "Operating Expense": 1076971.0,
        "Other Operating Expenses": 178892.0,
        "Depreciation Amortization Depletion Income Statement": 2938.0,
        "Depreciation And Amortization In Income Statement": 2938.0,
        "Depreciation Income Statement": 2938.0,
        "Research And Development": 421153.0,
        "Selling General And Administration": 473988.0,
        "General And Administrative Expense": 473988.0,
        "Other Gand A": 261704.0,
        "Insurance And Claims": 157399.0,
        "Rent And Landing Fees": 8376.0,
        "Salaries And Wages": 54885.0,
        "Total Revenue": 327733.0,
        "Operating Revenue": 327733.0
    },
    "2023-12-31": {
        "Tax Effect Of Unusual Items": 0.0,
        "Tax Rate For Calcs": 0.0,
        "Normalized EBITDA": -2589895.0,
        "Total Unusual Items": -179200.0,
        "Total Unusual Items Excluding Goodwill": -179200.0,
        "Net Income From Continuing Operation Net Minority Interest": -2856836.0,
        "Reconciled Depreciation": 79385.0,
        "EBITDA": -2769095.0,
        "EBIT": -2848480.0,
        "Net Interest Income": 4775.0,
        "Interest Expense": 8356.0,
        "Interest Income": 13131.0,
        "Normalized Income": -2677636.0,
        "Net Income From Continuing And Discontinued Operation": -2856836.0,
        "Total Expenses": 2835978.0,
        "Rent Expense Supplemental": 8696.0,
        "Total Operating Income As Reported": -2682411.0,
        "Diluted Average Shares": NaN,
        "Basic Average Shares": NaN,
        "Diluted EPS": NaN,
        "Basic EPS": NaN,
        "Diluted NI Availto Com Stockholders": -2856836.0,
        "Net Income Common Stockholders": -2856836.0,
        "Net Income": -2856836.0,
        "Net Income Including Noncontrolling Interests": -2856836.0,
        "Net Income Discontinuous Operations": NaN,
        "Net Income Continuous Operations": -2856836.0,
        "Tax Provision": 0.0,
        "Pretax Income": -2856836.0,
        "Other Income Expense": -179200.0,
        "Earnings From Equity Interest": NaN,
        "Gain On Sale Of Security": -179200.0,
        "Net Non Operating Interest Income Expense": 4775.0,
        "Interest Expense Non Operating": 8356.0,
        "Interest Income Non Operating": 13131.0,
        "Operating Income": -2682527.0,
        "Operating Expense": 2835978.0,
        "Other Operating Expenses": 598685.0,
        "Depreciation Amortization Depletion Income Statement": 79385.0,
        "Depreciation And Amortization In Income Statement": 79385.0,
        "Depreciation Income Statement": 79385.0,
        "Research And Development": 454305.0,
        "Selling General And Administration": 1703603.0,
        "General And Administrative Expense": 1703603.0,
        "Other Gand A": 239680.0,
        "Insurance And Claims": 156284.0,
        "Rent And Landing Fees": 8696.0,
        "Salaries And Wages": 1298943.0,
        "Total Revenue": 153451.0,
        "Operating Revenue": 153451.0
    },
    "2024-03-31": {
        "Tax Effect Of Unusual Items": 0.0,
        "Tax Rate For Calcs": 0.0,
        "Normalized EBITDA": -710161.0,
        "Total Unusual Items": 45954.0,
        "Total Unusual Items Excluding Goodwill": 45954.0,
        "Net Income From Continuing Operation Net Minority Interest": -735178.0,
        "Reconciled Depreciation": 70360.0,
        "EBITDA": -664207.0,
        "EBIT": -734567.0,
        "Net Interest Income": 6960.0,
        "Interest Expense": 611.0,
        "Interest Income": 7571.0,
        "Normalized Income": -781132.0,
        "Net Income From Continuing And Discontinued Operation": -3087139.0,
        "Total Expenses": 1021572.0,
        "Rent Expense Supplemental": NaN,
        "Total Operating Income As Reported": -788092.0,
        "Diluted Average Shares": 812789.0,
        "Basic Average Shares": 812789.0,
        "Diluted EPS": -3.6,
        "Basic EPS": -3.6,
        "Diluted NI Availto Com Stockholders": -3087139.0,
        "Net Income Common Stockholders": -3087139.0,
        "Net Income": -3087139.0,
        "Net Income Including Noncontrolling Interests": -3087139.0,
        "Net Income Discontinuous Operations": -2351961.0,
        "Net Income Continuous Operations": -735178.0,
        "Tax Provision": 0.0,
        "Pretax Income": -735178.0,
        "Other Income Expense": 45954.0,
        "Earnings From Equity Interest": NaN,
        "Gain On Sale Of Security": 45954.0,
        "Net Non Operating Interest Income Expense": 6960.0,
        "Interest Expense Non Operating": 611.0,
        "Interest Income Non Operating": 7571.0,
        "Operating Income": -788092.0,
        "Operating Expense": 1021572.0,
        "Other Operating Expenses": 267783.0,
        "Depreciation Amortization Depletion Income Statement": 2938.0,
        "Depreciation And Amortization In Income Statement": 2938.0,
        "Depreciation Income Statement": 2938.0,
        "Research And Development": 179110.0,
        "Selling General And Administration": 571741.0,
        "General And Administrative Expense": 571741.0,
        "Other Gand A": 452010.0,
        "Insurance And Claims": 51049.0,
        "Rent And Landing Fees": NaN,
        "Salaries And Wages": 68682.0,
        "Total Revenue": 233480.0,
        "Operating Revenue": 233480.0
    },
    "2024-06-30": {
        "Tax Effect Of Unusual Items": 0.0,
        "Tax Rate For Calcs": 0.0,
        "Normalized EBITDA": -1316176.0,
        "Total Unusual Items": -27339.0,
        "Total Unusual Items Excluding Goodwill": -27339.0,
        "Net Income From Continuing Operation Net Minority Interest": -1456761.0,
        "Reconciled Depreciation": 112382.0,
        "EBITDA": -1343515.0,
        "EBIT": -1455897.0,
        "Net Interest Income": 643.0,
        "Interest Expense": 864.0,
        "Interest Income": 1507.0,
        "Normalized Income": -1429422.0,
        "Net Income From Continuing And Discontinued Operation": 12878632.0,
        "Total Expenses": 1014593.0,
        "Rent Expense Supplemental": 1545.0,
        "Total Operating Income As Reported": -899316.0,
        "Diluted Average Shares": 1399931.0,
        "Basic Average Shares": 819213.0,
        "Diluted EPS": 9.6,
        "Basic EPS": 15.6,
        "Diluted NI Availto Com Stockholders": 12878632.0,
        "Net Income Common Stockholders": 12878632.0,
        "Net Income": 12878632.0,
        "Net Income Including Noncontrolling Interests": 12878632.0,
        "Net Income Discontinuous Operations": 14335393.0,
        "Net Income Continuous Operations": -1456761.0,
        "Tax Provision": 0.0,
        "Pretax Income": -1456761.0,
        "Other Income Expense": -558088.0,
        "Earnings From Equity Interest": -530749.0,
        "Gain On Sale Of Security": -27339.0,
        "Net Non Operating Interest Income Expense": 643.0,
        "Interest Expense Non Operating": 864.0,
        "Interest Income Non Operating": 1507.0,
        "Operating Income": -899316.0,
        "Operating Expense": 1014593.0,
        "Other Operating Expenses": 210584.0,
        "Depreciation Amortization Depletion Income Statement": 112382.0,
        "Depreciation And Amortization In Income Statement": 112382.0,
        "Depreciation Income Statement": 112382.0,
        "Research And Development": 184461.0,
        "Selling General And Administration": 507166.0,
        "General And Administrative Expense": 507166.0,
        "Other Gand A": 376033.0,
        "Insurance And Claims": 61629.0,
        "Rent And Landing Fees": 1545.0,
        "Salaries And Wages": 67959.0,
        "Total Revenue": 115277.0,
        "Operating Revenue": 115277.0
    },
    "2024-09-30": {
        "Tax Effect Of Unusual Items": 0.0,
        "Tax Rate For Calcs": 0.0,
        "Normalized EBITDA": -1443455.0,
        "Total Unusual Items": -29956.0,
        "Total Unusual Items Excluding Goodwill": -29956.0,
        "Net Income From Continuing Operation Net Minority Interest": -1527572.0,
        "Reconciled Depreciation": 53575.0,
        "EBITDA": -1473411.0,
        "EBIT": -1526986.0,
        "Net Interest Income": -484.0,
        "Interest Expense": 586.0,
        "Interest Income": 102.0,
        "Normalized Income": -1497616.0,
        "Net Income From Continuing And Discontinued Operation": -1529972.0,
        "Total Expenses": 676036.0,
        "Rent Expense Supplemental": NaN,
        "Total Operating Income As Reported": -622199.0,
        "Diluted Average Shares": 1399868.0,
        "Basic Average Shares": 819180.0,
        "Diluted EPS": -2.4,
        "Basic EPS": -2.4,
        "Diluted NI Availto Com Stockholders": -1529972.0,
        "Net Income Common Stockholders": -1529972.0,
        "Net Income": -1529972.0,
        "Net Income Including Noncontrolling Interests": -1529972.0,
        "Net Income Discontinuous Operations": -2400.0,
        "Net Income Continuous Operations": -1527572.0,
        "Tax Provision": 0.0,
        "Pretax Income": -1527572.0,
        "Other Income Expense": -904889.0,
        "Earnings From Equity Interest": -874933.0,
        "Gain On Sale Of Security": -29956.0,
        "Net Non Operating Interest Income Expense": -484.0,
        "Interest Expense Non Operating": 586.0,
        "Interest Income Non Operating": 102.0,
        "Operating Income": -622199.0,
        "Operating Expense": 676036.0,
        "Other Operating Expenses": 207366.0,
        "Depreciation Amortization Depletion Income Statement": 53575.0,
        "Depreciation And Amortization In Income Statement": 53575.0,
        "Depreciation Income Statement": 53575.0,
        "Research And Development": 77847.0,
        "Selling General And Administration": 337248.0,
        "General And Administrative Expense": 337248.0,
        "Other Gand A": 212911.0,
        "Insurance And Claims": 56753.0,
        "Rent And Landing Fees": NaN,
        "Salaries And Wages": 67584.0,
        "Total Revenue": 53837.0,
        "Operating Revenue": 53837.0
    }
}