{
    "2023-05-31": {
        "Tax Effect Of Unusual Items": -5.390395,
        "Tax Rate For Calcs": 0.001797,
        "Normalized EBITDA": 5755000.0,
        "Total Unusual Items": -3000.0,
        "Total Unusual Items Excluding Goodwill": -3000.0,
        "Net Income From Continuing Operation Net Minority Interest": 6111000.0,
        "Reconciled Depreciation": 113000.0,
        "Reconciled Cost Of Revenue": 10790000.0,
        "EBITDA": 5752000.0,
        "EBIT": 5639000.0,
        "Net Interest Income": 487000.0,
        "Interest Income": NaN,
        "Normalized Income": 6113994.609605,
        "Net Income From Continuing And Discontinued Operation": 6111000.0,
        "Total Expenses": 16630000.0,
        "Total Operating Income As Reported": 5639000.0,
        "Diluted Average Shares": 29572000.0,
        "Basic Average Shares": 28425000.0,
        "Diluted EPS": 0.21,
        "Basic EPS": 0.21,
        "Diluted NI Availto Com Stockholders": 6111000.0,
        "Net Income Common Stockholders": 6111000.0,
        "Net Income": 6111000.0,
        "Net Income Including Noncontrolling Interests": 6111000.0,
        "Net Income Continuous Operations": 6111000.0,
        "Tax Provision": 11000.0,
        "Pretax Income": 6122000.0,
        "Other Income Expense": -4000.0,
        "Other Non Operating Income Expenses": NaN,
        "Special Income Charges": 0.0,
        "Net Non Operating Interest Income Expense": 487000.0,
        "Total Other Finance Cost": -487000.0,
        "Interest Income Non Operating": NaN,
        "Operating Income": 5639000.0,
        "Operating Expense": 5840000.0,
        "Research And Development": 2253000.0,
        "Selling General And Administration": 3587000.0,
        "Gross Profit": 11479000.0,
        "Cost Of Revenue": 10790000.0,
        "Total Revenue": 22269000.0,
        "Operating Revenue": 22269000.0
    },
    "2023-02-28": {
        "Tax Effect Of Unusual Items": NaN,
        "Tax Rate For Calcs": NaN,
        "Normalized EBITDA": NaN,
        "Total Unusual Items": 0.0,
        "Total Unusual Items Excluding Goodwill": 0.0,
        "Net Income From Continuing Operation Net Minority Interest": NaN,
        "Reconciled Depreciation": NaN,
        "Reconciled Cost Of Revenue": NaN,
        "EBITDA": NaN,
        "EBIT": NaN,
        "Net Interest Income": NaN,
        "Interest Income": 374000.0,
        "Normalized Income": NaN,
        "Net Income From Continuing And Discontinued Operation": NaN,
        "Total Expenses": NaN,
        "Total Operating Income As Reported": NaN,
        "Diluted Average Shares": 29373000.0,
        "Basic Average Shares": 27893000.0,
        "Diluted EPS": 0.14,
        "Basic EPS": 0.15,
        "Diluted NI Availto Com Stockholders": NaN,
        "Net Income Common Stockholders": NaN,
        "Net Income": NaN,
        "Net Income Including Noncontrolling Interests": NaN,
        "Net Income Continuous Operations": NaN,
        "Tax Provision": NaN,
        "Pretax Income": NaN,
        "Other Income Expense": NaN,
        "Other Non Operating Income Expenses": -18000.0,
        "Special Income Charges": 0.0,
        "Net Non Operating Interest Income Expense": NaN,
        "Total Other Finance Cost": -374000.0,
        "Interest Income Non Operating": 374000.0,
        "Operating Income": NaN,
        "Operating Expense": NaN,
        "Research And Development": NaN,
        "Selling General And Administration": NaN,
        "Gross Profit": NaN,
        "Cost Of Revenue": NaN,
        "Total Revenue": NaN,
        "Operating Revenue": NaN
    },
    "2022-11-30": {
        "Tax Effect Of Unusual Items": NaN,
        "Tax Rate For Calcs": NaN,
        "Normalized EBITDA": NaN,
        "Total Unusual Items": 0.0,
        "Total Unusual Items Excluding Goodwill": 0.0,
        "Net Income From Continuing Operation Net Minority Interest": NaN,
        "Reconciled Depreciation": NaN,
        "Reconciled Cost Of Revenue": NaN,
        "EBITDA": NaN,
        "EBIT": NaN,
        "Net Interest Income": NaN,
        "Interest Income": 263000.0,
        "Normalized Income": NaN,
        "Net Income From Continuing And Discontinued Operation": NaN,
        "Total Expenses": NaN,
        "Total Operating Income As Reported": NaN,
        "Diluted Average Shares": NaN,
        "Basic Average Shares": NaN,
        "Diluted EPS": NaN,
        "Basic EPS": NaN,
        "Diluted NI Availto Com Stockholders": NaN,
        "Net Income Common Stockholders": NaN,
        "Net Income": NaN,
        "Net Income Including Noncontrolling Interests": NaN,
        "Net Income Continuous Operations": NaN,
        "Tax Provision": NaN,
        "Pretax Income": NaN,
        "Other Income Expense": NaN,
        "Other Non Operating Income Expenses": NaN,
        "Special Income Charges": 0.0,
        "Net Non Operating Interest Income Expense": NaN,
        "Total Other Finance Cost": -263000.0,
        "Interest Income Non Operating": 263000.0,
        "Operating Income": NaN,
        "Operating Expense": NaN,
        "Research And Development": NaN,
        "Selling General And Administration": NaN,
        "Gross Profit": NaN,
        "Cost Of Revenue": NaN,
        "Total Revenue": NaN,
        "Operating Revenue": NaN
    },
    "2022-08-31": {
        "Tax Effect Of Unusual Items": NaN,
        "Tax Rate For Calcs": NaN,
        "Normalized EBITDA": NaN,
        "Total Unusual Items": 0.0,
        "Total Unusual Items Excluding Goodwill": 0.0,
        "Net Income From Continuing Operation Net Minority Interest": NaN,
        "Reconciled Depreciation": NaN,
        "Reconciled Cost Of Revenue": NaN,
        "EBITDA": NaN,
        "EBIT": NaN,
        "Net Interest Income": NaN,
        "Interest Income": NaN,
        "Normalized Income": NaN,
        "Net Income From Continuing And Discontinued Operation": NaN,
        "Total Expenses": NaN,
        "Total Operating Income As Reported": NaN,
        "Diluted Average Shares": NaN,
        "Basic Average Shares": NaN,
        "Diluted EPS": NaN,
        "Basic EPS": NaN,
        "Diluted NI Availto Com Stockholders": NaN,
        "Net Income Common Stockholders": NaN,
        "Net Income": NaN,
        "Net Income Including Noncontrolling Interests": NaN,
        "Net Income Continuous Operations": NaN,
        "Tax Provision": NaN,
        "Pretax Income": NaN,
        "Other Income Expense": NaN,
        "Other Non Operating Income Expenses": NaN,
        "Special Income Charges": 0.0,
        "Net Non Operating Interest Income Expense": NaN,
        "Total Other Finance Cost": -121000.0,
        "Interest Income Non Operating": NaN,
        "Operating Income": NaN,
        "Operating Expense": NaN,
        "Research And Development": NaN,
        "Selling General And Administration": NaN,
        "Gross Profit": NaN,
        "Cost Of Revenue": NaN,
        "Total Revenue": NaN,
        "Operating Revenue": NaN
    },
    "2022-05-31": {
        "Tax Effect Of Unusual Items": 0.0,
        "Tax Rate For Calcs": 0.001723,
        "Normalized EBITDA": 5820000.0,
        "Total Unusual Items": 0.0,
        "Total Unusual Items Excluding Goodwill": 0.0,
        "Net Income From Continuing Operation Net Minority Interest": 5794000.0,
        "Reconciled Depreciation": 81000.0,
        "Reconciled Cost Of Revenue": 9821000.0,
        "EBIT": 5820000.0,
        "Net Interest Income": 22000.0,
        "Normalized Income": 5794000.0,
        "Net Income From Continuing And Discontinued Operation": 5794000.0,
        "Total Expenses": 14469000.0,
        "Total Operating Income As Reported": 5820000.0,
        "Diluted Average Shares": 28566000.0,
        "Basic Average Shares": 27004000.0,
        "Diluted EPS": 0.2,
        "Basic EPS": 0.21,
        "Diluted NI Availto Com Stockholders": 5794000.0,
        "Net Income Common Stockholders": 5794000.0,
        "Net Income": 5794000.0,
        "Net Income Including Noncontrolling Interests": 5794000.0,
        "Net Income Continuous Operations": 5794000.0,
        "Tax Provision": 10000.0,
        "Pretax Income": 5804000.0,
        "Other Income Expense": -38000.0,
        "Other Non Operating Income Expenses": -38000.0,
        "Special Income Charges": 0.0,
        "Gain On Sale Of Business": 0.0,
        "Other Special Charges": 0.0,
        "Net Non Operating Interest Income Expense": 22000.0,
        "Total Other Finance Cost": -22000.0,
        "Operating Income": 5820000.0,
        "Operating Expense": 4648000.0,
        "Research And Development": 1655000.0,
        "Selling General And Administration": 2993000.0,
        "Gross Profit": 10468000.0,
        "Cost Of Revenue": 9821000.0,
        "Total Revenue": 20289000.0,
        "Operating Revenue": 20289000.0
    },
    "2022-02-28": {
        "Diluted EPS": 0.08,
        "Total Revenue": 15,
        "Gross Profit": 6,
        "Operating Income": 2,
        "EBIT": 2,
        "Net Income": 2
    },
    "2021-11-30": {
        "Diluted EPS": 0.03,
        "Total Revenue": 10,
        "Gross Profit": 5,
        "Operating Income": 1,
        "EBIT": 1,
        "Net Income": 1
    },
    "2021-08-31": {
        "Diluted EPS": 0.03,
        "Total Revenue": 6,
        "Gross Profit": 2,
        "Operating Income": -1,
        "EBIT": -1,
        "Net Income": 1
    },
    "2021-05-31": {
        "Diluted EPS": 0.02,
        "Total Revenue": 8,
        "Gross Profit": 4,
        "Operating Income": 1,
        "EBIT": 1,
        "Net Income": 1
    },
    "2021-02-28": {
        "Diluted EPS": -0.03,
        "Total Revenue": 5,
        "Gross Profit": 2,
        "Operating Income": -1,
        "EBIT": -1,
        "Net Income": -1
    },
    "2020-11-30": {
        "Diluted EPS": -0.08,
        "Total Revenue": 2,
        "Gross Profit": 0,
        "Operating Income": -2,
        "EBIT": -2,
        "Net Income": -2
    },
    "2020-08-31": {
        "Diluted EPS": 0.0,
        "Total Revenue": 2,
        "Gross Profit": 0,
        "Operating Income": -2,
        "EBIT": -2,
        "Net Income": 0
    },
    "2020-05-31": {
        "Diluted EPS": -0.12,
        "Total Revenue": 4,
        "Gross Profit": 0,
        "Operating Income": -3,
        "EBIT": -3,
        "Net Income": -3
    },
    "2020-02-29": {
        "Diluted EPS": 0.01,
        "Total Revenue": 6,
        "Gross Profit": 3,
        "Operating Income": 0,
        "EBIT": 0,
        "Net Income": 0
    },
    "2019-11-30": {
        "Diluted EPS": 0.01,
        "Total Revenue": 7,
        "Gross Profit": 3,
        "Operating Income": 0,
        "EBIT": 0,
        "Net Income": 0
    },
    "2019-08-31": {
        "Diluted EPS": -0.02,
        "Total Revenue": 6,
        "Gross Profit": 2,
        "Operating Income": 0,
        "EBIT": 0,
        "Net Income": 0
    },
    "2019-05-31": {
        "Diluted EPS": 0.01,
        "Total Revenue": 7,
        "Gross Profit": 3,
        "Operating Income": 0,
        "EBIT": 0,
        "Net Income": 0
    },
    "2019-02-28": {
        "Diluted EPS": -0.14,
        "Total Revenue": 3,
        "Gross Profit": 0,
        "Operating Income": -3,
        "EBIT": -3,
        "Net Income": -3
    },
    "2018-11-30": {
        "Diluted EPS": -0.03,
        "Total Revenue": 6,
        "Gross Profit": 2,
        "Operating Income": -1,
        "EBIT": 0,
        "Net Income": -1
    },
    "2018-08-31": {
        "Diluted EPS": -0.07,
        "Total Revenue": 5,
        "Gross Profit": 2,
        "Operating Income": -1,
        "EBIT": -1,
        "Net Income": -2
    },
    "2018-05-31": {
        "Diluted EPS": 0.01,
        "Total Revenue": 7,
        "Gross Profit": 3,
        "Operating Income": 0,
        "EBIT": 0,
        "Net Income": 0
    },
    "2018-02-28": {
        "Diluted EPS": 0.01,
        "Total Revenue": 7,
        "Gross Profit": 3,
        "Operating Income": 0,
        "EBIT": 0,
        "Net Income": 0
    },
    "2017-11-30": {
        "Diluted EPS": 0.0,
        "Total Revenue": 8,
        "Gross Profit": 3,
        "Operating Income": 0,
        "EBIT": 0,
        "Net Income": 0
    },
    "2017-08-31": {
        "Diluted EPS": 0.0,
        "Total Revenue": 7,
        "Gross Profit": 3,
        "Operating Income": 0,
        "EBIT": 0,
        "Net Income": 0
    },
    "2017-05-31": {
        "Diluted EPS": -0.04,
        "Total Revenue": 7,
        "Gross Profit": 3,
        "Operating Income": -1,
        "EBIT": -1,
        "Net Income": -1
    },
    "2017-02-28": {
        "Diluted EPS": -0.16,
        "Total Revenue": 3,
        "Gross Profit": 1,
        "Operating Income": -2,
        "EBIT": -2,
        "Net Income": -3
    },
    "2016-11-30": {
        "Diluted EPS": -0.09,
        "Total Revenue": 4,
        "Gross Profit": 1,
        "Operating Income": -1,
        "EBIT": -1,
        "Net Income": -1
    },
    "2016-08-31": {
        "Diluted EPS": -0.06,
        "Total Revenue": 5,
        "Gross Profit": 2,
        "Operating Income": -1,
        "EBIT": 0,
        "Net Income": -1
    },
    "2016-05-31": {
        "Diluted EPS": -0.23,
        "Total Revenue": 2,
        "Gross Profit": 0,
        "Operating Income": -3,
        "EBIT": -3,
        "Net Income": -3
    },
    "2016-02-29": {
        "Diluted EPS": -0.23,
        "Total Revenue": 2,
        "Gross Profit": 0,
        "Operating Income": -3,
        "EBIT": -3,
        "Net Income": -3
    },
    "2015-11-30": {
        "Diluted EPS": -0.08,
        "Total Revenue": 5,
        "Gross Profit": 2,
        "Operating Income": -1,
        "EBIT": -1,
        "Net Income": -1
    },
    "2015-08-31": {
        "Diluted EPS": 0.02,
        "Total Revenue": 7,
        "Gross Profit": 3,
        "Operating Income": 0,
        "EBIT": 1,
        "Net Income": 0
    },
    "2015-05-31": {
        "Diluted EPS": -0.15,
        "Total Revenue": 2,
        "Gross Profit": 1,
        "Operating Income": -2,
        "EBIT": -2,
        "Net Income": -2
    },
    "2015-02-28": {
        "Diluted EPS": -0.14,
        "Total Revenue": 2,
        "Gross Profit": 1,
        "Operating Income": -2,
        "EBIT": -2,
        "Net Income": -2
    },
    "2014-11-30": {
        "Diluted EPS": -0.18,
        "Total Revenue": 3,
        "Gross Profit": 1,
        "Operating Income": -2,
        "EBIT": -2,
        "Net Income": -2
    },
    "2014-08-31": {
        "Diluted EPS": -0.08,
        "Total Revenue": 4,
        "Gross Profit": 2,
        "Operating Income": -1,
        "EBIT": -1,
        "Net Income": -1
    },
    "2014-05-31": {
        "Diluted EPS": 0.03,
        "Total Revenue": 5,
        "Gross Profit": 3,
        "Operating Income": 0,
        "EBIT": 0,
        "Net Income": 0
    },
    "2014-02-28": {
        "Diluted EPS": 0.02,
        "Total Revenue": 6,
        "Gross Profit": 3,
        "Operating Income": 0,
        "EBIT": 0,
        "Net Income": 0
    },
    "2013-11-30": {
        "Diluted EPS": 0.01,
        "Total Revenue": 5,
        "Gross Profit": 2,
        "Operating Income": 0,
        "EBIT": 0,
        "Net Income": 0
    },
    "2013-08-31": {
        "Diluted EPS": -0.02,
        "Total Revenue": 4,
        "Gross Profit": 2,
        "Operating Income": 0,
        "EBIT": 0,
        "Net Income": 0
    },
    "2013-05-31": {
        "Diluted EPS": -0.08,
        "Total Revenue": 3,
        "Gross Profit": 1,
        "Operating Income": -1,
        "EBIT": -1,
        "Net Income": -1
    },
    "2013-02-28": {
        "Diluted EPS": -0.16,
        "Total Revenue": 3,
        "Gross Profit": 1,
        "Operating Income": -1,
        "EBIT": -1,
        "Net Income": -1
    },
    "2012-11-30": {
        "Diluted EPS": -0.09,
        "Total Revenue": 5,
        "Gross Profit": 2,
        "Operating Income": -1,
        "EBIT": -1,
        "Net Income": -1
    },
    "2012-08-31": {
        "Diluted EPS": -0.03,
        "Total Revenue": 5,
        "Gross Profit": 2,
        "Operating Income": 0,
        "EBIT": 0,
        "Net Income": 0
    },
    "2012-05-31": {
        "Diluted EPS": -0.09,
        "Total Revenue": 5,
        "Gross Profit": 2,
        "Operating Income": -1,
        "EBIT": -1,
        "Net Income": -1
    },
    "2012-02-29": {
        "Diluted EPS": -0.15,
        "Total Revenue": 3,
        "Gross Profit": 1,
        "Operating Income": -1,
        "EBIT": -1,
        "Net Income": -1
    },
    "2011-11-30": {
        "Diluted EPS": -0.15,
        "Total Revenue": 4,
        "Gross Profit": 1,
        "Operating Income": -1,
        "EBIT": -1,
        "Net Income": -1
    },
    "2011-08-31": {
        "Diluted EPS": 0.01,
        "Total Revenue": 4,
        "Gross Profit": 2,
        "Operating Income": -1,
        "EBIT": -1,
        "Net Income": 0
    },
    "2011-05-31": {
        "Diluted EPS": -0.02,
        "Total Revenue": 4,
        "Gross Profit": 2,
        "Operating Income": 0,
        "EBIT": 0,
        "Net Income": 0
    },
    "2011-02-28": {
        "Diluted EPS": -0.11,
        "Total Revenue": 4,
        "Gross Profit": 2,
        "Operating Income": -1,
        "EBIT": -1,
        "Net Income": -1
    },
    "2010-11-30": {
        "Diluted EPS": -0.09,
        "Total Revenue": 4,
        "Gross Profit": 1,
        "Operating Income": -1,
        "EBIT": -1,
        "Net Income": -1
    },
    "2010-08-31": {
        "Diluted EPS": -0.17,
        "Total Revenue": 2,
        "Gross Profit": 1,
        "Operating Income": -2,
        "EBIT": -1,
        "Net Income": -2
    },
    "2010-05-31": {
        "Diluted EPS": -0.1,
        "Total Revenue": 4,
        "Gross Profit": 2,
        "Operating Income": -1,
        "EBIT": -1,
        "Net Income": -1
    },
    "2010-02-28": {
        "Diluted EPS": 0.18,
        "Total Revenue": 5,
        "Gross Profit": 4,
        "Operating Income": 1,
        "EBIT": 2,
        "Net Income": 2
    },
    "2009-11-30": {
        "Diluted EPS": -0.25,
        "Total Revenue": 2,
        "Gross Profit": 0,
        "Operating Income": -2,
        "EBIT": -2,
        "Net Income": -2
    },
    "2009-08-31": {
        "Diluted EPS": 0.11,
        "Total Revenue": 1,
        "Gross Profit": 0,
        "Operating Income": 1,
        "EBIT": 1,
        "Net Income": 1
    },
    "2009-05-31": {
        "Diluted EPS": -0.47,
        "Total Revenue": 1,
        "Gross Profit": -2,
        "Operating Income": -4,
        "EBIT": -4,
        "Net Income": -4
    },
    "2009-02-28": {
        "Diluted EPS": -3.28,
        "Total Revenue": 1,
        "Gross Profit": -7,
        "Operating Income": -24,
        "EBIT": -24,
        "Net Income": -28
    },
    "2023-08-31": {
        "Tax Effect Of Unusual Items": 0.0,
        "Tax Rate For Calcs": 0.003412,
        "Normalized EBITDA": 4253000.0,
        "Total Unusual Items": NaN,
        "Total Unusual Items Excluding Goodwill": NaN,
        "Net Income From Continuing Operation Net Minority Interest": 4674000.0,
        "Reconciled Depreciation": 138000.0,
        "Reconciled Cost Of Revenue": 10643000.0,
        "EBITDA": 4253000.0,
        "EBIT": 4115000.0,
        "Net Interest Income": 581000.0,
        "Interest Income": NaN,
        "Normalized Income": 4674000.0,
        "Net Income From Continuing And Discontinued Operation": 4674000.0,
        "Total Expenses": 16509000.0,
        "Total Operating Income As Reported": 4115000.0,
        "Diluted Average Shares": 29632000.0,
        "Basic Average Shares": 28649000.0,
        "Diluted EPS": 0.16,
        "Basic EPS": 0.16,
        "Diluted NI Availto Com Stockholders": 4674000.0,
        "Net Income Common Stockholders": 4674000.0,
        "Net Income": 4674000.0,
        "Net Income Including Noncontrolling Interests": 4674000.0,
        "Net Income Continuous Operations": 4674000.0,
        "Tax Provision": 16000.0,
        "Pretax Income": 4690000.0,
        "Other Income Expense": -6000.0,
        "Other Non Operating Income Expenses": -6000.0,
        "Special Income Charges": NaN,
        "Net Non Operating Interest Income Expense": 581000.0,
        "Total Other Finance Cost": -581000.0,
        "Interest Income Non Operating": NaN,
        "Operating Income": 4115000.0,
        "Operating Expense": 5866000.0,
        "Research And Development": 2457000.0,
        "Selling General And Administration": 3409000.0,
        "Gross Profit": 9981000.0,
        "Cost Of Revenue": 10643000.0,
        "Total Revenue": 20624000.0,
        "Operating Revenue": 20624000.0
    },
    "2023-11-30": {
        "Tax Effect Of Unusual Items": 0.0,
        "Tax Rate For Calcs": 0.003274,
        "Normalized EBITDA": 5950000.0,
        "Total Unusual Items": NaN,
        "Total Unusual Items Excluding Goodwill": NaN,
        "Net Income From Continuing Operation Net Minority Interest": 6089000.0,
        "Reconciled Depreciation": 482000.0,
        "Reconciled Cost Of Revenue": 10473000.0,
        "EBITDA": 5950000.0,
        "EBIT": 5468000.0,
        "Net Interest Income": 631000.0,
        "Interest Income": 631000.0,
        "Normalized Income": 6089000.0,
        "Net Income From Continuing And Discontinued Operation": 6089000.0,
        "Total Expenses": 15963000.0,
        "Total Operating Income As Reported": 5468000.0,
        "Diluted Average Shares": 29769000.0,
        "Basic Average Shares": 28801000.0,
        "Diluted EPS": 0.2,
        "Basic EPS": 0.21,
        "Diluted NI Availto Com Stockholders": 6089000.0,
        "Net Income Common Stockholders": 6089000.0,
        "Net Income": 6089000.0,
        "Net Income Including Noncontrolling Interests": 6089000.0,
        "Net Income Continuous Operations": 6089000.0,
        "Tax Provision": 20000.0,
        "Pretax Income": 6109000.0,
        "Other Income Expense": 10000.0,
        "Other Non Operating Income Expenses": 10000.0,
        "Special Income Charges": NaN,
        "Net Non Operating Interest Income Expense": 631000.0,
        "Total Other Finance Cost": NaN,
        "Interest Income Non Operating": 631000.0,
        "Operating Income": 5468000.0,
        "Operating Expense": 5490000.0,
        "Research And Development": 1972000.0,
        "Selling General And Administration": 3518000.0,
        "Gross Profit": 10958000.0,
        "Cost Of Revenue": 10473000.0,
        "Total Revenue": 21431000.0,
        "Operating Revenue": 21431000.0
    },
    "2024-02-29": {
        "Tax Effect Of Unusual Items": 0.0,
        "Tax Rate For Calcs": 0.21,
        "Normalized EBITDA": -1675000.0,
        "Total Unusual Items": NaN,
        "Total Unusual Items Excluding Goodwill": NaN,
        "Net Income From Continuing Operation Net Minority Interest": -1471000.0,
        "Reconciled Depreciation": 371000.0,
        "Reconciled Cost Of Revenue": 4407000.0,
        "EBITDA": -1675000.0,
        "EBIT": -2046000.0,
        "Net Interest Income": 584000.0,
        "Interest Income": 584000.0,
        "Normalized Income": -1471000.0,
        "Net Income From Continuing And Discontinued Operation": -1471000.0,
        "Total Expenses": 9609000.0,
        "Total Operating Income As Reported": -2046000.0,
        "Diluted Average Shares": 28866000.0,
        "Basic Average Shares": 28866000.0,
        "Diluted EPS": -0.05,
        "Basic EPS": -0.05,
        "Diluted NI Availto Com Stockholders": -1471000.0,
        "Net Income Common Stockholders": -1471000.0,
        "Net Income": -1471000.0,
        "Net Income Including Noncontrolling Interests": -1471000.0,
        "Net Income Continuous Operations": -1471000.0,
        "Tax Provision": 7000.0,
        "Pretax Income": -1464000.0,
        "Other Income Expense": -2000.0,
        "Other Non Operating Income Expenses": -2000.0,
        "Special Income Charges": NaN,
        "Net Non Operating Interest Income Expense": 584000.0,
        "Total Other Finance Cost": NaN,
        "Interest Income Non Operating": 584000.0,
        "Operating Income": -2046000.0,
        "Operating Expense": 5202000.0,
        "Research And Development": 2139000.0,
        "Selling General And Administration": 3063000.0,
        "Gross Profit": 3156000.0,
        "Cost Of Revenue": 4407000.0,
        "Total Revenue": 7563000.0,
        "Operating Revenue": 7563000.0
    },
    "2024-05-31": {
        "Tax Effect Of Unusual Items": 0.0,
        "Tax Rate For Calcs": 0.21,
        "Normalized EBITDA": 2913000.0,
        "Total Unusual Items": NaN,
        "Total Unusual Items Excluding Goodwill": NaN,
        "Net Income From Continuing Operation Net Minority Interest": 23864000.0,
        "Reconciled Depreciation": 372000.0,
        "Reconciled Cost Of Revenue": 8152000.0,
        "EBITDA": 2913000.0,
        "EBIT": 2541000.0,
        "Net Interest Income": 592000.0,
        "Interest Income": 592000.0,
        "Normalized Income": 23864000.0,
        "Net Income From Continuing And Discontinued Operation": 23864000.0,
        "Total Expenses": 14059000.0,
        "Total Operating Income As Reported": 2541000.0,
        "Diluted Average Shares": NaN,
        "Basic Average Shares": NaN,
        "Diluted EPS": NaN,
        "Basic EPS": NaN,
        "Diluted NI Availto Com Stockholders": 23864000.0,
        "Net Income Common Stockholders": 23864000.0,
        "Net Income": 23864000.0,
        "Net Income Including Noncontrolling Interests": 23864000.0,
        "Net Income Continuous Operations": 23864000.0,
        "Tax Provision": -20741000.0,
        "Pretax Income": 3123000.0,
        "Other Income Expense": -10000.0,
        "Other Non Operating Income Expenses": -10000.0,
        "Special Income Charges": NaN,
        "Net Non Operating Interest Income Expense": 592000.0,
        "Total Other Finance Cost": NaN,
        "Interest Income Non Operating": 592000.0,
        "Operating Income": 2541000.0,
        "Operating Expense": 5907000.0,
        "Research And Development": 2151000.0,
        "Selling General And Administration": 3756000.0,
        "Gross Profit": 8448000.0,
        "Cost Of Revenue": 8152000.0,
        "Total Revenue": 16600000.0,
        "Operating Revenue": 16600000.0
    }
}