{
    "2023-03-31": {
        "Tax Effect Of Unusual Items": NaN,
        "Tax Rate For Calcs": NaN,
        "Normalized EBITDA": NaN,
        "Total Unusual Items": NaN,
        "Total Unusual Items Excluding Goodwill": NaN,
        "Net Income From Continuing Operation Net Minority Interest": NaN,
        "Reconciled Depreciation": NaN,
        "Reconciled Cost Of Revenue": NaN,
        "EBITDA": NaN,
        "EBIT": NaN,
        "Net Interest Income": NaN,
        "Interest Expense": NaN,
        "Interest Income": NaN,
        "Normalized Income": NaN,
        "Net Income From Continuing And Discontinued Operation": NaN,
        "Total Expenses": NaN,
        "Total Operating Income As Reported": NaN,
        "Diluted Average Shares": NaN,
        "Basic Average Shares": NaN,
        "Diluted EPS": NaN,
        "Basic EPS": NaN,
        "Diluted NI Availto Com Stockholders": NaN,
        "Net Income Common Stockholders": NaN,
        "Net Income": NaN,
        "Minority Interests": NaN,
        "Net Income Including Noncontrolling Interests": NaN,
        "Net Income Continuous Operations": NaN,
        "Tax Provision": NaN,
        "Pretax Income": NaN,
        "Other Income Expense": NaN,
        "Other Non Operating Income Expenses": NaN,
        "Special Income Charges": NaN,
        "Write Off": NaN,
        "Impairment Of Capital Assets": 0.0,
        "Restructuring And Mergern Acquisition": NaN,
        "Earnings From Equity Interest": NaN,
        "Gain On Sale Of Security": NaN,
        "Net Non Operating Interest Income Expense": NaN,
        "Interest Expense Non Operating": NaN,
        "Interest Income Non Operating": NaN,
        "Operating Income": NaN,
        "Operating Expense": NaN,
        "Selling General And Administration": NaN,
        "General And Administrative Expense": NaN,
        "Other Gand A": NaN,
        "Gross Profit": NaN,
        "Cost Of Revenue": NaN,
        "Total Revenue": NaN,
        "Operating Revenue": NaN
    },
    "2022-12-31": {
        "Tax Effect Of Unusual Items": NaN,
        "Tax Rate For Calcs": NaN,
        "Normalized EBITDA": NaN,
        "Total Unusual Items": NaN,
        "Total Unusual Items Excluding Goodwill": NaN,
        "Net Income From Continuing Operation Net Minority Interest": NaN,
        "Reconciled Depreciation": NaN,
        "Reconciled Cost Of Revenue": NaN,
        "EBITDA": NaN,
        "EBIT": NaN,
        "Net Interest Income": NaN,
        "Interest Expense": 1853.0,
        "Interest Income": NaN,
        "Normalized Income": NaN,
        "Net Income From Continuing And Discontinued Operation": NaN,
        "Total Expenses": NaN,
        "Total Operating Income As Reported": NaN,
        "Diluted Average Shares": NaN,
        "Basic Average Shares": NaN,
        "Diluted EPS": NaN,
        "Basic EPS": NaN,
        "Diluted NI Availto Com Stockholders": NaN,
        "Net Income Common Stockholders": NaN,
        "Net Income": NaN,
        "Minority Interests": NaN,
        "Net Income Including Noncontrolling Interests": NaN,
        "Net Income Continuous Operations": NaN,
        "Tax Provision": NaN,
        "Pretax Income": NaN,
        "Other Income Expense": NaN,
        "Other Non Operating Income Expenses": NaN,
        "Special Income Charges": NaN,
        "Write Off": NaN,
        "Impairment Of Capital Assets": NaN,
        "Restructuring And Mergern Acquisition": NaN,
        "Earnings From Equity Interest": NaN,
        "Gain On Sale Of Security": NaN,
        "Net Non Operating Interest Income Expense": NaN,
        "Total Other Finance Cost": 0.0,
        "Interest Expense Non Operating": 1853.0,
        "Interest Income Non Operating": NaN,
        "Operating Income": NaN,
        "Operating Expense": NaN,
        "Selling General And Administration": NaN,
        "General And Administrative Expense": NaN,
        "Other Gand A": NaN,
        "Gross Profit": NaN,
        "Cost Of Revenue": NaN,
        "Total Revenue": NaN,
        "Operating Revenue": NaN
    },
    "2022-09-30": {
        "Tax Effect Of Unusual Items": NaN,
        "Tax Rate For Calcs": NaN,
        "Normalized EBITDA": NaN,
        "Total Unusual Items": NaN,
        "Total Unusual Items Excluding Goodwill": NaN,
        "Net Income From Continuing Operation Net Minority Interest": NaN,
        "Reconciled Depreciation": NaN,
        "Reconciled Cost Of Revenue": NaN,
        "EBITDA": NaN,
        "EBIT": NaN,
        "Net Interest Income": NaN,
        "Interest Expense": 319768.0,
        "Interest Income": NaN,
        "Normalized Income": NaN,
        "Net Income From Continuing And Discontinued Operation": NaN,
        "Total Expenses": NaN,
        "Total Operating Income As Reported": NaN,
        "Diluted Average Shares": 7425359.0,
        "Basic Average Shares": 7425359.0,
        "Diluted EPS": -1.58,
        "Basic EPS": -1.58,
        "Diluted NI Availto Com Stockholders": NaN,
        "Net Income Common Stockholders": NaN,
        "Net Income": NaN,
        "Minority Interests": NaN,
        "Net Income Including Noncontrolling Interests": NaN,
        "Net Income Continuous Operations": NaN,
        "Tax Provision": NaN,
        "Pretax Income": NaN,
        "Other Income Expense": NaN,
        "Other Non Operating Income Expenses": NaN,
        "Special Income Charges": NaN,
        "Impairment Of Capital Assets": NaN,
        "Restructuring And Mergern Acquisition": 0.0,
        "Earnings From Equity Interest": NaN,
        "Gain On Sale Of Security": NaN,
        "Net Non Operating Interest Income Expense": NaN,
        "Total Other Finance Cost": -887.0,
        "Interest Expense Non Operating": 319768.0,
        "Interest Income Non Operating": NaN,
        "Operating Income": NaN,
        "Operating Expense": NaN,
        "Selling General And Administration": NaN,
        "General And Administrative Expense": NaN,
        "Other Gand A": NaN,
        "Gross Profit": NaN,
        "Cost Of Revenue": NaN,
        "Total Revenue": NaN,
        "Operating Revenue": NaN
    },
    "2022-06-30": {
        "Tax Effect Of Unusual Items": 0.0,
        "Tax Rate For Calcs": 0.0,
        "Normalized EBITDA": -1915680.0,
        "Total Unusual Items": -7708334.0,
        "Total Unusual Items Excluding Goodwill": -7708334.0,
        "Net Income From Continuing Operation Net Minority Interest": -8987359.0,
        "Reconciled Depreciation": 358847.0,
        "Reconciled Cost Of Revenue": 550783.0,
        "EBITDA": -9624014.0,
        "EBIT": -9982861.0,
        "Net Interest Income": 193760.0,
        "Interest Expense": 0.0,
        "Interest Income": 196639.0,
        "Normalized Income": -1279025.0,
        "Net Income From Continuing And Discontinued Operation": -8987359.0,
        "Total Expenses": 2580708.0,
        "Total Operating Income As Reported": -1654262.0,
        "Diluted Average Shares": 6144550.0,
        "Basic Average Shares": 6144550.0,
        "Diluted EPS": -1.46,
        "Basic EPS": -1.46,
        "Diluted NI Availto Com Stockholders": -8987359.0,
        "Net Income Common Stockholders": -8987359.0,
        "Net Income": -8987359.0,
        "Minority Interests": 995502.0,
        "Net Income Including Noncontrolling Interests": -9982861.0,
        "Net Income Continuous Operations": -9982861.0,
        "Tax Provision": 0.0,
        "Pretax Income": -9982861.0,
        "Other Income Expense": -8522359.0,
        "Other Non Operating Income Expenses": -734355.0,
        "Special Income Charges": NaN,
        "Restructuring And Mergern Acquisition": NaN,
        "Earnings From Equity Interest": -79670.0,
        "Gain On Sale Of Security": -7708334.0,
        "Net Non Operating Interest Income Expense": 193760.0,
        "Total Other Finance Cost": 2879.0,
        "Interest Expense Non Operating": 0.0,
        "Interest Income Non Operating": 196639.0,
        "Operating Income": -1654368.0,
        "Operating Expense": 2029925.0,
        "Selling General And Administration": 2029925.0,
        "General And Administrative Expense": 2029925.0,
        "Other Gand A": 2029925.0,
        "Gross Profit": 375557.0,
        "Cost Of Revenue": 550783.0,
        "Total Revenue": 926340.0,
        "Operating Revenue": 790733.0
    },
    "2022-03-31": {
        "Diluted EPS": -1.3,
        "Total Revenue": 2,
        "Gross Profit": 1,
        "Operating Income": -2,
        "EBIT": -1,
        "Net Income": -6
    },
    "2021-12-31": {
        "Diluted EPS": 65.15,
        "Total Revenue": 3,
        "Gross Profit": 0,
        "Operating Income": -10,
        "EBIT": -10,
        "Net Income": -23
    },
    "2021-09-30": {
        "Diluted EPS": -3.8,
        "Total Revenue": 5,
        "Gross Profit": 3,
        "Operating Income": 0,
        "EBIT": 0,
        "Net Income": -7
    },
    "2021-06-30": {
        "Diluted EPS": -120.6,
        "Total Revenue": 7,
        "Gross Profit": 4,
        "Operating Income": -5,
        "EBIT": 46,
        "Net Income": -67
    },
    "2021-03-31": {
        "Diluted EPS": -14.6,
        "Total Revenue": 6,
        "Gross Profit": 2,
        "Operating Income": 0,
        "EBIT": 0,
        "Net Income": -6
    },
    "2020-12-31": {
        "Diluted EPS": 11.8,
        "Total Revenue": 9,
        "Gross Profit": 3,
        "Operating Income": 1,
        "EBIT": 1,
        "Net Income": 6
    },
    "2020-09-30": {
        "Diluted EPS": -20.2,
        "Total Revenue": 2,
        "Gross Profit": 1,
        "Operating Income": 0,
        "EBIT": 0,
        "Net Income": -10
    },
    "2020-06-30": {
        "Diluted EPS": -2.4,
        "Total Revenue": 2,
        "Gross Profit": 0,
        "Operating Income": -2,
        "EBIT": -2,
        "Net Income": -1
    },
    "2020-03-31": {
        "Diluted EPS": 3.2,
        "Total Revenue": 3,
        "Gross Profit": 1,
        "Operating Income": 0,
        "EBIT": 0,
        "Net Income": 2
    },
    "2019-12-31": {
        "Diluted EPS": 0.0,
        "Total Revenue": NaN,
        "Gross Profit": NaN,
        "Operating Income": NaN,
        "EBIT": NaN,
        "Net Income": NaN
    },
    "2019-09-30": {
        "Diluted EPS": 1.6,
        "Total Revenue": 5,
        "Gross Profit": 1,
        "Operating Income": 0,
        "EBIT": 0,
        "Net Income": 1
    },
    "2023-06-30": {
        "Tax Effect Of Unusual Items": NaN,
        "Tax Rate For Calcs": NaN,
        "Normalized EBITDA": NaN,
        "Total Unusual Items": NaN,
        "Total Unusual Items Excluding Goodwill": NaN,
        "Net Income From Continuing Operation Net Minority Interest": NaN,
        "Reconciled Depreciation": NaN,
        "Reconciled Cost Of Revenue": NaN,
        "EBITDA": NaN,
        "EBIT": NaN,
        "Net Interest Income": NaN,
        "Interest Expense": 0.0,
        "Interest Income": NaN,
        "Normalized Income": NaN,
        "Net Income From Continuing And Discontinued Operation": NaN,
        "Total Expenses": NaN,
        "Total Operating Income As Reported": NaN,
        "Diluted Average Shares": 9235119.0,
        "Basic Average Shares": 9235119.0,
        "Diluted EPS": -0.63,
        "Basic EPS": -0.63,
        "Diluted NI Availto Com Stockholders": NaN,
        "Net Income Common Stockholders": NaN,
        "Net Income": NaN,
        "Minority Interests": NaN,
        "Net Income Including Noncontrolling Interests": NaN,
        "Net Income Continuous Operations": NaN,
        "Tax Provision": NaN,
        "Pretax Income": NaN,
        "Other Income Expense": NaN,
        "Other Non Operating Income Expenses": NaN,
        "Special Income Charges": NaN,
        "Write Off": 0.0,
        "Impairment Of Capital Assets": NaN,
        "Restructuring And Mergern Acquisition": 21657036.0,
        "Earnings From Equity Interest": NaN,
        "Gain On Sale Of Security": NaN,
        "Net Non Operating Interest Income Expense": NaN,
        "Interest Expense Non Operating": 0.0,
        "Interest Income Non Operating": NaN,
        "Operating Income": NaN,
        "Operating Expense": NaN,
        "Selling General And Administration": NaN,
        "General And Administrative Expense": NaN,
        "Other Gand A": NaN,
        "Gross Profit": NaN,
        "Cost Of Revenue": NaN,
        "Total Revenue": NaN,
        "Operating Revenue": NaN
    },
    "2023-09-30": {
        "Tax Effect Of Unusual Items": -2340761.22,
        "Tax Rate For Calcs": 0.21,
        "Normalized EBITDA": -5561676.0,
        "Total Unusual Items": -11146482.0,
        "Total Unusual Items Excluding Goodwill": -11146482.0,
        "Net Income From Continuing Operation Net Minority Interest": -16011585.0,
        "Reconciled Depreciation": 272726.0,
        "Reconciled Cost Of Revenue": 581059.0,
        "EBITDA": -16708158.0,
        "EBIT": -16980884.0,
        "Net Interest Income": 97996.0,
        "Interest Expense": 0.0,
        "Interest Income": 97996.0,
        "Normalized Income": -7205864.22,
        "Net Income From Continuing And Discontinued Operation": -16011585.0,
        "Total Expenses": 3067103.0,
        "Total Operating Income As Reported": -2076904.0,
        "Diluted Average Shares": 9235119.0,
        "Basic Average Shares": 9235119.0,
        "Diluted EPS": -1.73,
        "Basic EPS": -1.73,
        "Diluted NI Availto Com Stockholders": -16011585.0,
        "Net Income Common Stockholders": -16011585.0,
        "Net Income": -16011585.0,
        "Minority Interests": 1014423.0,
        "Net Income Including Noncontrolling Interests": -17026008.0,
        "Net Income Continuous Operations": -17026008.0,
        "Tax Provision": 45124.0,
        "Pretax Income": -16980884.0,
        "Other Income Expense": -15001976.0,
        "Other Non Operating Income Expenses": 717951.0,
        "Special Income Charges": 0.0,
        "Write Off": NaN,
        "Impairment Of Capital Assets": 0.0,
        "Restructuring And Mergern Acquisition": 0.0,
        "Earnings From Equity Interest": -4573445.0,
        "Gain On Sale Of Security": -11146482.0,
        "Net Non Operating Interest Income Expense": 97996.0,
        "Interest Expense Non Operating": 0.0,
        "Interest Income Non Operating": 97996.0,
        "Operating Income": -2076904.0,
        "Operating Expense": 2486044.0,
        "Selling General And Administration": 2486044.0,
        "General And Administrative Expense": 2486044.0,
        "Other Gand A": 2486044.0,
        "Gross Profit": 409140.0,
        "Cost Of Revenue": 581059.0,
        "Total Revenue": 990199.0,
        "Operating Revenue": 711634.0
    },
    "2023-12-31": {
        "Tax Effect Of Unusual Items": -2521796.55,
        "Tax Rate For Calcs": 0.21,
        "Normalized EBITDA": -49778854.0,
        "Total Unusual Items": -12008555.0,
        "Total Unusual Items Excluding Goodwill": -12008555.0,
        "Net Income From Continuing Operation Net Minority Interest": -33269060.0,
        "Reconciled Depreciation": 337857.0,
        "Reconciled Cost Of Revenue": 1567376.0,
        "EBITDA": -61787409.0,
        "EBIT": -62125266.0,
        "Net Interest Income": 292231.0,
        "Interest Expense": NaN,
        "Interest Income": 296210.0,
        "Normalized Income": -23782301.55,
        "Net Income From Continuing And Discontinued Operation": -33269060.0,
        "Total Expenses": 3977188.0,
        "Total Operating Income As Reported": -3815516.0,
        "Diluted Average Shares": NaN,
        "Basic Average Shares": NaN,
        "Diluted EPS": NaN,
        "Basic EPS": NaN,
        "Diluted NI Availto Com Stockholders": -33269060.0,
        "Net Income Common Stockholders": -33269060.0,
        "Net Income": -33269060.0,
        "Minority Interests": 847077.0,
        "Net Income Including Noncontrolling Interests": -34116137.0,
        "Net Income Continuous Operations": -34116137.0,
        "Tax Provision": 47226.0,
        "Pretax Income": -34068911.0,
        "Other Income Expense": -31401478.0,
        "Other Non Operating Income Expenses": 468618.0,
        "Special Income Charges": -855852.0,
        "Write Off": NaN,
        "Impairment Of Capital Assets": NaN,
        "Restructuring And Mergern Acquisition": 0.0,
        "Earnings From Equity Interest": -19861541.0,
        "Gain On Sale Of Security": -11152703.0,
        "Net Non Operating Interest Income Expense": 292231.0,
        "Interest Expense Non Operating": NaN,
        "Interest Income Non Operating": 296210.0,
        "Operating Income": -2959664.0,
        "Operating Expense": 2409812.0,
        "Selling General And Administration": 2409812.0,
        "General And Administrative Expense": 2409812.0,
        "Other Gand A": 2409812.0,
        "Gross Profit": -549852.0,
        "Cost Of Revenue": 1567376.0,
        "Total Revenue": 1017524.0,
        "Operating Revenue": 736294.0
    },
    "2024-03-31": {
        "Tax Effect Of Unusual Items": 0.0,
        "Tax Rate For Calcs": 0.0,
        "Normalized EBITDA": -2317826.0,
        "Total Unusual Items": -4668148.0,
        "Total Unusual Items Excluding Goodwill": -4668148.0,
        "Net Income From Continuing Operation Net Minority Interest": -6769658.0,
        "Reconciled Depreciation": 308695.0,
        "Reconciled Cost Of Revenue": 4658367.0,
        "EBITDA": -6985974.0,
        "EBIT": -7294669.0,
        "Net Interest Income": 230206.0,
        "Interest Expense": 19123.0,
        "Interest Income": 249329.0,
        "Normalized Income": -2101510.0,
        "Net Income From Continuing And Discontinued Operation": -6769658.0,
        "Total Expenses": 7909221.0,
        "Total Operating Income As Reported": -2266513.0,
        "Diluted Average Shares": 9235119.0,
        "Basic Average Shares": 9235119.0,
        "Diluted EPS": -0.73,
        "Basic EPS": -0.73,
        "Diluted NI Availto Com Stockholders": -6769658.0,
        "Net Income Common Stockholders": -6769658.0,
        "Net Income": -6769658.0,
        "Minority Interests": 544134.0,
        "Net Income Including Noncontrolling Interests": -7313792.0,
        "Net Income Continuous Operations": -7313792.0,
        "Tax Provision": 0.0,
        "Pretax Income": -7313792.0,
        "Other Income Expense": -5720984.0,
        "Other Non Operating Income Expenses": 68582.0,
        "Special Income Charges": -443499.0,
        "Write Off": NaN,
        "Impairment Of Capital Assets": 443499.0,
        "Restructuring And Mergern Acquisition": NaN,
        "Earnings From Equity Interest": -1121418.0,
        "Gain On Sale Of Security": -4224649.0,
        "Net Non Operating Interest Income Expense": 230206.0,
        "Interest Expense Non Operating": 19123.0,
        "Interest Income Non Operating": 249329.0,
        "Operating Income": -1823014.0,
        "Operating Expense": 3250854.0,
        "Selling General And Administration": 3250854.0,
        "General And Administrative Expense": 3250854.0,
        "Other Gand A": 3250854.0,
        "Gross Profit": 1427840.0,
        "Cost Of Revenue": 4658367.0,
        "Total Revenue": 6086207.0,
        "Operating Revenue": 5753529.0
    },
    "2024-06-30": {
        "Tax Effect Of Unusual Items": 0.0,
        "Tax Rate For Calcs": 0.0,
        "Normalized EBITDA": -2769362.0,
        "Total Unusual Items": 2021433.0,
        "Total Unusual Items Excluding Goodwill": 2021433.0,
        "Net Income From Continuing Operation Net Minority Interest": -1239114.0,
        "Reconciled Depreciation": 307945.0,
        "Reconciled Cost Of Revenue": 829958.0,
        "EBITDA": -747929.0,
        "EBIT": -1055874.0,
        "Net Interest Income": 84173.0,
        "Interest Expense": 94091.0,
        "Interest Income": 178264.0,
        "Normalized Income": -3260547.0,
        "Net Income From Continuing And Discontinued Operation": -1239114.0,
        "Total Expenses": 3628095.0,
        "Total Operating Income As Reported": -2809472.0,
        "Diluted Average Shares": 9235119.0,
        "Basic Average Shares": 9235119.0,
        "Diluted EPS": -0.13,
        "Basic EPS": -0.13,
        "Diluted NI Availto Com Stockholders": -1239114.0,
        "Net Income Common Stockholders": -1239114.0,
        "Net Income": -1239114.0,
        "Minority Interests": -89149.0,
        "Net Income Including Noncontrolling Interests": -1149965.0,
        "Net Income Continuous Operations": -1149965.0,
        "Tax Provision": 0.0,
        "Pretax Income": -1149965.0,
        "Other Income Expense": 1266911.0,
        "Other Non Operating Income Expenses": 102202.0,
        "Special Income Charges": -308423.0,
        "Write Off": 308423.0,
        "Impairment Of Capital Assets": NaN,
        "Restructuring And Mergern Acquisition": 0.0,
        "Earnings From Equity Interest": -856724.0,
        "Gain On Sale Of Security": 2329856.0,
        "Net Non Operating Interest Income Expense": 84173.0,
        "Interest Expense Non Operating": 94091.0,
        "Interest Income Non Operating": 178264.0,
        "Operating Income": -2501049.0,
        "Operating Expense": 2798137.0,
        "Selling General And Administration": 2798137.0,
        "General And Administrative Expense": 2798137.0,
        "Other Gand A": 2798137.0,
        "Gross Profit": 297088.0,
        "Cost Of Revenue": 829958.0,
        "Total Revenue": 1127046.0,
        "Operating Revenue": 705011.0
    },
    "2024-09-30": {
        "Tax Effect Of Unusual Items": 0.0,
        "Tax Rate For Calcs": 0.0,
        "Normalized EBITDA": -503738.0,
        "Total Unusual Items": 2266703.0,
        "Total Unusual Items Excluding Goodwill": 2266703.0,
        "Net Income From Continuing Operation Net Minority Interest": 1716363.0,
        "Reconciled Depreciation": 284180.0,
        "Reconciled Cost Of Revenue": 2949824.0,
        "EBITDA": 1762965.0,
        "EBIT": 1478785.0,
        "Net Interest Income": 60670.0,
        "Interest Expense": 9546.0,
        "Interest Income": 70216.0,
        "Normalized Income": -550340.0,
        "Net Income From Continuing And Discontinued Operation": 1716363.0,
        "Total Expenses": 5164933.0,
        "Total Operating Income As Reported": -963781.0,
        "Diluted Average Shares": 9235119.0,
        "Basic Average Shares": 9235119.0,
        "Diluted EPS": 0.19,
        "Basic EPS": 0.19,
        "Diluted NI Availto Com Stockholders": 1716363.0,
        "Net Income Common Stockholders": 1716363.0,
        "Net Income": 1716363.0,
        "Minority Interests": 247124.0,
        "Net Income Including Noncontrolling Interests": 1469239.0,
        "Net Income Continuous Operations": 1469239.0,
        "Tax Provision": 0.0,
        "Pretax Income": 1469239.0,
        "Other Income Expense": 1612791.0,
        "Other Non Operating Income Expenses": -62410.0,
        "Special Income Charges": -759559.0,
        "Write Off": NaN,
        "Impairment Of Capital Assets": 759559.0,
        "Restructuring And Mergern Acquisition": 0.0,
        "Earnings From Equity Interest": -591502.0,
        "Gain On Sale Of Security": 3026262.0,
        "Net Non Operating Interest Income Expense": 60670.0,
        "Interest Expense Non Operating": 9546.0,
        "Interest Income Non Operating": 70216.0,
        "Operating Income": -204222.0,
        "Operating Expense": 2215109.0,
        "Selling General And Administration": 2215109.0,
        "General And Administrative Expense": 2215109.0,
        "Other Gand A": 2215109.0,
        "Gross Profit": 2010887.0,
        "Cost Of Revenue": 2949824.0,
        "Total Revenue": 4960711.0,
        "Operating Revenue": 4539699.0
    }
}