{
    "2023-06-30": {
        "Tax Effect Of Unusual Items": 2232248.239101,
        "Tax Rate For Calcs": 0.054445,
        "Normalized EBITDA": 1685900000.0,
        "Total Unusual Items": 41000000.0,
        "Total Unusual Items Excluding Goodwill": 41000000.0,
        "Net Income From Continuing Operation Net Minority Interest": 521200000.0,
        "Reconciled Depreciation": 741600000.0,
        "Reconciled Cost Of Revenue": 1764600000.0,
        "EBITDA": 1726900000.0,
        "EBIT": 985300000.0,
        "Net Interest Income": -460000000.0,
        "Interest Expense": 460000000.0,
        "Normalized Income": 482432248.239101,
        "Net Income From Continuing And Discontinued Operation": 521200000.0,
        "Total Expenses": 3497800000.0,
        "Total Operating Income As Reported": 874700000.0,
        "Diluted Average Shares": 516242919.0,
        "Basic Average Shares": 514879144.0,
        "Diluted EPS": 1.01,
        "Basic EPS": 1.01,
        "Diluted NI Availto Com Stockholders": 521200000.0,
        "Net Income Common Stockholders": 521200000.0,
        "Net Income": 521200000.0,
        "Minority Interests": 5100000.0,
        "Net Income Including Noncontrolling Interests": 516100000.0,
        "Net Income Continuous Operations": 516100000.0,
        "Earnings From Equity Interest Net Of Tax": 19400000.0,
        "Tax Provision": 28600000.0,
        "Pretax Income": 525300000.0,
        "Other Income Expense": 110600000.0,
        "Other Non Operating Income Expenses": 69600000.0,
        "Special Income Charges": 41000000.0,
        "Gain On Sale Of Ppe": 0.0,
        "Gain On Sale Of Business": 0.0,
        "Other Special Charges": -41000000.0,
        "Write Off": 0.0,
        "Gain On Sale Of Security": NaN,
        "Net Non Operating Interest Income Expense": -460000000.0,
        "Interest Expense Non Operating": 460000000.0,
        "Operating Income": 874700000.0,
        "Operating Expense": 1733200000.0,
        "Other Operating Expenses": 631200000.0,
        "Other Taxes": 360400000.0,
        "Depreciation Amortization Depletion Income Statement": 741600000.0,
        "Depreciation And Amortization In Income Statement": 741600000.0,
        "Gross Profit": 2607900000.0,
        "Cost Of Revenue": 1764600000.0,
        "Total Revenue": 4372500000.0,
        "Operating Revenue": 4278000000.0
    },
    "2023-03-31": {
        "Tax Effect Of Unusual Items": NaN,
        "Tax Rate For Calcs": NaN,
        "Normalized EBITDA": NaN,
        "Total Unusual Items": NaN,
        "Total Unusual Items Excluding Goodwill": NaN,
        "Net Income From Continuing Operation Net Minority Interest": NaN,
        "Reconciled Depreciation": NaN,
        "Reconciled Cost Of Revenue": NaN,
        "EBITDA": NaN,
        "EBIT": NaN,
        "Net Interest Income": NaN,
        "Interest Expense": NaN,
        "Normalized Income": NaN,
        "Net Income From Continuing And Discontinued Operation": NaN,
        "Total Expenses": NaN,
        "Total Operating Income As Reported": NaN,
        "Diluted Average Shares": 515598090.0,
        "Basic Average Shares": 514176648.0,
        "Diluted EPS": 0.77,
        "Basic EPS": 0.77,
        "Diluted NI Availto Com Stockholders": NaN,
        "Net Income Common Stockholders": NaN,
        "Net Income": NaN,
        "Minority Interests": NaN,
        "Net Income Including Noncontrolling Interests": NaN,
        "Net Income Continuous Operations": NaN,
        "Earnings From Equity Interest Net Of Tax": NaN,
        "Tax Provision": NaN,
        "Pretax Income": NaN,
        "Other Income Expense": NaN,
        "Other Non Operating Income Expenses": NaN,
        "Special Income Charges": NaN,
        "Gain On Sale Of Ppe": NaN,
        "Gain On Sale Of Business": -112000000.0,
        "Other Special Charges": NaN,
        "Write Off": NaN,
        "Gain On Sale Of Security": -112000000.0,
        "Net Non Operating Interest Income Expense": NaN,
        "Interest Expense Non Operating": NaN,
        "Operating Income": NaN,
        "Operating Expense": NaN,
        "Other Operating Expenses": NaN,
        "Other Taxes": NaN,
        "Depreciation Amortization Depletion Income Statement": NaN,
        "Depreciation And Amortization In Income Statement": NaN,
        "Gross Profit": NaN,
        "Cost Of Revenue": NaN,
        "Total Revenue": NaN,
        "Operating Revenue": NaN
    },
    "2022-12-31": {
        "Tax Effect Of Unusual Items": NaN,
        "Tax Rate For Calcs": NaN,
        "Normalized EBITDA": NaN,
        "Total Unusual Items": NaN,
        "Total Unusual Items Excluding Goodwill": NaN,
        "Net Income From Continuing Operation Net Minority Interest": NaN,
        "Reconciled Depreciation": NaN,
        "Reconciled Cost Of Revenue": NaN,
        "EBITDA": NaN,
        "EBIT": NaN,
        "Net Interest Income": NaN,
        "Interest Expense": NaN,
        "Normalized Income": NaN,
        "Net Income From Continuing And Discontinued Operation": NaN,
        "Total Expenses": NaN,
        "Total Operating Income As Reported": NaN,
        "Diluted Average Shares": NaN,
        "Basic Average Shares": NaN,
        "Diluted EPS": NaN,
        "Basic EPS": NaN,
        "Diluted NI Availto Com Stockholders": NaN,
        "Net Income Common Stockholders": NaN,
        "Net Income": NaN,
        "Minority Interests": NaN,
        "Net Income Including Noncontrolling Interests": NaN,
        "Net Income Continuous Operations": NaN,
        "Earnings From Equity Interest Net Of Tax": NaN,
        "Tax Provision": NaN,
        "Pretax Income": NaN,
        "Other Income Expense": NaN,
        "Other Non Operating Income Expenses": NaN,
        "Special Income Charges": NaN,
        "Gain On Sale Of Ppe": 0.0,
        "Gain On Sale Of Business": -100000000.0,
        "Other Special Charges": NaN,
        "Write Off": 23900000.0,
        "Gain On Sale Of Security": NaN,
        "Net Non Operating Interest Income Expense": NaN,
        "Interest Expense Non Operating": NaN,
        "Operating Income": NaN,
        "Operating Expense": NaN,
        "Other Operating Expenses": NaN,
        "Other Taxes": NaN,
        "Depreciation Amortization Depletion Income Statement": NaN,
        "Depreciation And Amortization In Income Statement": NaN,
        "Gross Profit": NaN,
        "Cost Of Revenue": NaN,
        "Total Revenue": NaN,
        "Operating Revenue": NaN
    },
    "2022-09-30": {
        "Tax Effect Of Unusual Items": NaN,
        "Tax Rate For Calcs": NaN,
        "Normalized EBITDA": NaN,
        "Total Unusual Items": NaN,
        "Total Unusual Items Excluding Goodwill": NaN,
        "Net Income From Continuing Operation Net Minority Interest": NaN,
        "Reconciled Depreciation": NaN,
        "Reconciled Cost Of Revenue": NaN,
        "EBITDA": NaN,
        "EBIT": NaN,
        "Net Interest Income": NaN,
        "Interest Expense": NaN,
        "Normalized Income": NaN,
        "Net Income From Continuing And Discontinued Operation": NaN,
        "Total Expenses": NaN,
        "Total Operating Income As Reported": NaN,
        "Diluted Average Shares": 515315994.0,
        "Basic Average Shares": 513730196.0,
        "Diluted EPS": 1.33,
        "Basic EPS": 1.33,
        "Diluted NI Availto Com Stockholders": NaN,
        "Net Income Common Stockholders": NaN,
        "Net Income": NaN,
        "Minority Interests": NaN,
        "Net Income Including Noncontrolling Interests": NaN,
        "Net Income Continuous Operations": NaN,
        "Earnings From Equity Interest Net Of Tax": NaN,
        "Tax Provision": NaN,
        "Pretax Income": NaN,
        "Other Income Expense": NaN,
        "Other Non Operating Income Expenses": NaN,
        "Special Income Charges": NaN,
        "Gain On Sale Of Ppe": 0.0,
        "Gain On Sale Of Business": NaN,
        "Other Special Charges": NaN,
        "Write Off": 24900000.0,
        "Net Non Operating Interest Income Expense": NaN,
        "Interest Expense Non Operating": NaN,
        "Operating Income": NaN,
        "Operating Expense": NaN,
        "Other Operating Expenses": NaN,
        "Other Taxes": NaN,
        "Depreciation Amortization Depletion Income Statement": NaN,
        "Depreciation And Amortization In Income Statement": NaN,
        "Gross Profit": NaN,
        "Cost Of Revenue": NaN,
        "Total Revenue": NaN,
        "Operating Revenue": NaN
    },
    "2022-06-30": {
        "Tax Effect Of Unusual Items": 5554744.525547,
        "Tax Rate For Calcs": 0.072993,
        "Normalized EBITDA": 1793900000.0,
        "Total Unusual Items": 76100000.0,
        "Total Unusual Items Excluding Goodwill": 76100000.0,
        "Net Income From Continuing Operation Net Minority Interest": 524500000.0,
        "Reconciled Depreciation": 779700000.0,
        "Reconciled Cost Of Revenue": 1913800000.0,
        "EBITDA": 1870000000.0,
        "EBIT": 1067400000.0,
        "Net Interest Income": -327600000.0,
        "Interest Expense": 327600000.0,
        "Normalized Income": 453954744.525547,
        "Net Income From Continuing And Discontinued Operation": 524500000.0,
        "Total Expenses": 3682800000.0,
        "Total Operating Income As Reported": 1004400000.0,
        "Diluted Average Shares": 515162210.0,
        "Basic Average Shares": 513623431.0,
        "Diluted EPS": 1.02,
        "Basic EPS": 1.02,
        "Diluted NI Availto Com Stockholders": 524500000.0,
        "Net Income Common Stockholders": 524500000.0,
        "Net Income": 524500000.0,
        "Minority Interests": 3700000.0,
        "Net Income Including Noncontrolling Interests": 520800000.0,
        "Net Income Continuous Operations": 520800000.0,
        "Earnings From Equity Interest Net Of Tax": -165000000.0,
        "Tax Provision": 54000000.0,
        "Pretax Income": 739800000.0,
        "Other Income Expense": 110500000.0,
        "Other Non Operating Income Expenses": 34400000.0,
        "Special Income Charges": 76100000.0,
        "Gain On Sale Of Ppe": 116300000.0,
        "Gain On Sale Of Business": -68800000.0,
        "Other Special Charges": -28600000.0,
        "Write Off": NaN,
        "Net Non Operating Interest Income Expense": -327600000.0,
        "Interest Expense Non Operating": 327600000.0,
        "Operating Income": 956900000.0,
        "Operating Expense": 1791900000.0,
        "Other Operating Expenses": 619800000.0,
        "Other Taxes": 369500000.0,
        "Depreciation Amortization Depletion Income Statement": 802600000.0,
        "Depreciation And Amortization In Income Statement": 802600000.0,
        "Gross Profit": 2748800000.0,
        "Cost Of Revenue": 1890900000.0,
        "Total Revenue": 4639700000.0,
        "Operating Revenue": 4546200000.0
    },
    "2022-03-31": {
        "Diluted EPS": 1.41,
        "Total Revenue": NaN,
        "Gross Profit": NaN,
        "Operating Income": 988,
        "EBIT": NaN,
        "Net Income": 715
    },
    "2021-12-31": {
        "Diluted EPS": 1.08,
        "Total Revenue": NaN,
        "Gross Profit": NaN,
        "Operating Income": 684,
        "EBIT": NaN,
        "Net Income": 539
    },
    "2021-09-30": {
        "Diluted EPS": 1.58,
        "Total Revenue": NaN,
        "Gross Profit": NaN,
        "Operating Income": NaN,
        "EBIT": NaN,
        "Net Income": 796
    },
    "2021-06-30": {
        "Diluted EPS": 1.15,
        "Total Revenue": NaN,
        "Gross Profit": NaN,
        "Operating Income": 810,
        "EBIT": NaN,
        "Net Income": 578
    },
    "2021-03-31": {
        "Diluted EPS": 1.15,
        "Total Revenue": NaN,
        "Gross Profit": NaN,
        "Operating Income": 810,
        "EBIT": NaN,
        "Net Income": 575
    },
    "2020-12-31": {
        "Diluted EPS": 0.87,
        "Total Revenue": NaN,
        "Gross Profit": NaN,
        "Operating Income": 570,
        "EBIT": NaN,
        "Net Income": 436
    },
    "2020-09-30": {
        "Diluted EPS": 1.5,
        "Total Revenue": NaN,
        "Gross Profit": NaN,
        "Operating Income": 943,
        "EBIT": NaN,
        "Net Income": 749
    },
    "2020-06-30": {
        "Diluted EPS": 1.05,
        "Total Revenue": NaN,
        "Gross Profit": NaN,
        "Operating Income": 723,
        "EBIT": NaN,
        "Net Income": 521
    },
    "2020-03-31": {
        "Diluted EPS": 1.0,
        "Total Revenue": NaN,
        "Gross Profit": NaN,
        "Operating Income": 752,
        "EBIT": NaN,
        "Net Income": 495
    },
    "2019-12-31": {
        "Diluted EPS": 0.31,
        "Total Revenue": NaN,
        "Gross Profit": NaN,
        "Operating Income": 295,
        "EBIT": NaN,
        "Net Income": 154
    },
    "2019-09-30": {
        "Diluted EPS": 1.48,
        "Total Revenue": NaN,
        "Gross Profit": NaN,
        "Operating Income": 958,
        "EBIT": NaN,
        "Net Income": 734
    },
    "2019-06-30": {
        "Diluted EPS": 0.93,
        "Total Revenue": NaN,
        "Gross Profit": NaN,
        "Operating Income": 551,
        "EBIT": NaN,
        "Net Income": 461
    },
    "2019-03-31": {
        "Diluted EPS": 1.16,
        "Total Revenue": NaN,
        "Gross Profit": NaN,
        "Operating Income": 788,
        "EBIT": NaN,
        "Net Income": 573
    },
    "2018-12-31": {
        "Diluted EPS": 0.74,
        "Total Revenue": NaN,
        "Gross Profit": NaN,
        "Operating Income": 551,
        "EBIT": NaN,
        "Net Income": 363
    },
    "2018-09-30": {
        "Diluted EPS": 1.17,
        "Total Revenue": NaN,
        "Gross Profit": NaN,
        "Operating Income": 669,
        "EBIT": NaN,
        "Net Income": 578
    },
    "2018-06-30": {
        "Diluted EPS": 1.07,
        "Total Revenue": NaN,
        "Gross Profit": NaN,
        "Operating Income": 757,
        "EBIT": NaN,
        "Net Income": 528
    },
    "2018-03-31": {
        "Diluted EPS": 0.92,
        "Total Revenue": NaN,
        "Gross Profit": NaN,
        "Operating Income": 706,
        "EBIT": NaN,
        "Net Income": 454
    },
    "2017-12-31": {
        "Diluted EPS": 0.82,
        "Total Revenue": NaN,
        "Gross Profit": NaN,
        "Operating Income": 731,
        "EBIT": NaN,
        "Net Income": 401
    },
    "2017-09-30": {
        "Diluted EPS": 1.1,
        "Total Revenue": NaN,
        "Gross Profit": NaN,
        "Operating Income": 975,
        "EBIT": NaN,
        "Net Income": 545
    },
    "2017-06-30": {
        "Diluted EPS": 0.76,
        "Total Revenue": NaN,
        "Gross Profit": NaN,
        "Operating Income": 733,
        "EBIT": NaN,
        "Net Income": 375
    },
    "2017-03-31": {
        "Diluted EPS": 1.2,
        "Total Revenue": NaN,
        "Gross Profit": NaN,
        "Operating Income": NaN,
        "EBIT": NaN,
        "Net Income": 592
    },
    "2016-12-31": {
        "Diluted EPS": 0.76,
        "Total Revenue": NaN,
        "Gross Profit": NaN,
        "Operating Income": 533,
        "EBIT": 964,
        "Net Income": 373
    },
    "2016-09-30": {
        "Diluted EPS": -1.56,
        "Total Revenue": NaN,
        "Gross Profit": NaN,
        "Operating Income": NaN,
        "EBIT": -552,
        "Net Income": -766
    },
    "2016-06-30": {
        "Diluted EPS": 1.02,
        "Total Revenue": NaN,
        "Gross Profit": NaN,
        "Operating Income": 866,
        "EBIT": NaN,
        "Net Income": 502
    },
    "2016-03-31": {
        "Diluted EPS": 1.02,
        "Total Revenue": NaN,
        "Gross Profit": NaN,
        "Operating Income": 893,
        "EBIT": NaN,
        "Net Income": 501
    },
    "2015-12-31": {
        "Diluted EPS": 0.94,
        "Total Revenue": NaN,
        "Gross Profit": NaN,
        "Operating Income": 466,
        "EBIT": 991,
        "Net Income": 470
    },
    "2015-09-30": {
        "Diluted EPS": 1.06,
        "Total Revenue": NaN,
        "Gross Profit": NaN,
        "Operating Income": 960,
        "EBIT": NaN,
        "Net Income": 518
    },
    "2015-06-30": {
        "Diluted EPS": 0.88,
        "Total Revenue": NaN,
        "Gross Profit": NaN,
        "Operating Income": 804,
        "EBIT": NaN,
        "Net Income": 430
    },
    "2015-03-31": {
        "Diluted EPS": 1.29,
        "Total Revenue": NaN,
        "Gross Profit": NaN,
        "Operating Income": NaN,
        "EBIT": NaN,
        "Net Income": 629
    },
    "2014-12-31": {
        "Diluted EPS": 0.38,
        "Total Revenue": NaN,
        "Gross Profit": NaN,
        "Operating Income": 414,
        "EBIT": 924,
        "Net Income": 191
    },
    "2014-09-30": {
        "Diluted EPS": 1.01,
        "Total Revenue": NaN,
        "Gross Profit": NaN,
        "Operating Income": 905,
        "EBIT": NaN,
        "Net Income": 493
    },
    "2014-06-30": {
        "Diluted EPS": 0.8,
        "Total Revenue": NaN,
        "Gross Profit": NaN,
        "Operating Income": 767,
        "EBIT": NaN,
        "Net Income": 390
    },
    "2014-03-31": {
        "Diluted EPS": 1.15,
        "Total Revenue": NaN,
        "Gross Profit": NaN,
        "Operating Income": NaN,
        "EBIT": NaN,
        "Net Income": 560
    },
    "2013-12-31": {
        "Diluted EPS": 0.71,
        "Total Revenue": NaN,
        "Gross Profit": NaN,
        "Operating Income": 645,
        "EBIT": NaN,
        "Net Income": 347
    },
    "2013-09-30": {
        "Diluted EPS": 0.89,
        "Total Revenue": NaN,
        "Gross Profit": NaN,
        "Operating Income": 875,
        "EBIT": NaN,
        "Net Income": 433
    },
    "2013-06-30": {
        "Diluted EPS": 0.69,
        "Total Revenue": NaN,
        "Gross Profit": NaN,
        "Operating Income": 547,
        "EBIT": NaN,
        "Net Income": 338
    },
    "2013-03-31": {
        "Diluted EPS": 0.75,
        "Total Revenue": NaN,
        "Gross Profit": NaN,
        "Operating Income": 755,
        "EBIT": NaN,
        "Net Income": 363
    },
    "2012-12-31": {
        "Diluted EPS": 0.05,
        "Total Revenue": NaN,
        "Gross Profit": NaN,
        "Operating Income": 249,
        "EBIT": 714,
        "Net Income": 21
    },
    "2012-09-30": {
        "Diluted EPS": 1.0,
        "Total Revenue": NaN,
        "Gross Profit": NaN,
        "Operating Income": 912,
        "EBIT": NaN,
        "Net Income": 487
    },
    "2012-06-30": {
        "Diluted EPS": 0.75,
        "Total Revenue": NaN,
        "Gross Profit": NaN,
        "Operating Income": 741,
        "EBIT": NaN,
        "Net Income": 362
    },
    "2012-03-31": {
        "Diluted EPS": 0.8,
        "Total Revenue": NaN,
        "Gross Profit": NaN,
        "Operating Income": 754,
        "EBIT": NaN,
        "Net Income": 389
    },
    "2011-12-31": {
        "Diluted EPS": 0.64,
        "Total Revenue": NaN,
        "Gross Profit": NaN,
        "Operating Income": 343,
        "EBIT": 769,
        "Net Income": 308
    },
    "2011-09-30": {
        "Diluted EPS": 1.92,
        "Total Revenue": NaN,
        "Gross Profit": NaN,
        "Operating Income": 890,
        "EBIT": NaN,
        "Net Income": 928
    },
    "2011-06-30": {
        "Diluted EPS": 0.73,
        "Total Revenue": NaN,
        "Gross Profit": NaN,
        "Operating Income": 717,
        "EBIT": NaN,
        "Net Income": 352
    },
    "2011-03-31": {
        "Diluted EPS": 0.73,
        "Total Revenue": NaN,
        "Gross Profit": NaN,
        "Operating Income": 832,
        "EBIT": NaN,
        "Net Income": 353
    },
    "2010-12-31": {
        "Diluted EPS": 0.37,
        "Total Revenue": NaN,
        "Gross Profit": NaN,
        "Operating Income": 486,
        "EBIT": 916,
        "Net Income": 176
    },
    "2010-09-30": {
        "Diluted EPS": 1.16,
        "Total Revenue": NaN,
        "Gross Profit": NaN,
        "Operating Income": NaN,
        "EBIT": NaN,
        "Net Income": 555
    },
    "2010-06-30": {
        "Diluted EPS": 0.28,
        "Total Revenue": NaN,
        "Gross Profit": NaN,
        "Operating Income": 394,
        "EBIT": 838,
        "Net Income": 136
    },
    "2010-03-31": {
        "Diluted EPS": 0.72,
        "Total Revenue": NaN,
        "Gross Profit": NaN,
        "Operating Income": 758,
        "EBIT": NaN,
        "Net Income": 344
    },
    "2009-12-31": {
        "Diluted EPS": 0.47,
        "Total Revenue": NaN,
        "Gross Profit": NaN,
        "Operating Income": 481,
        "EBIT": 900,
        "Net Income": 238
    },
    "2009-09-30": {
        "Diluted EPS": 0.93,
        "Total Revenue": NaN,
        "Gross Profit": NaN,
        "Operating Income": 858,
        "EBIT": NaN,
        "Net Income": 443
    },
    "2009-06-30": {
        "Diluted EPS": 0.67,
        "Total Revenue": NaN,
        "Gross Profit": NaN,
        "Operating Income": 682,
        "EBIT": NaN,
        "Net Income": 316
    },
    "2009-03-31": {
        "Diluted EPS": 0.89,
        "Total Revenue": NaN,
        "Gross Profit": NaN,
        "Operating Income": 750,
        "EBIT": NaN,
        "Net Income": 360
    },
    "2023-09-30": {
        "Tax Effect Of Unusual Items": 3276687.974431,
        "Tax Rate For Calcs": 0.064123,
        "Normalized EBITDA": 2212700000.0,
        "Total Unusual Items": 51100000.0,
        "Total Unusual Items Excluding Goodwill": 51100000.0,
        "Net Income From Continuing Operation Net Minority Interest": 953700000.0,
        "Reconciled Depreciation": 792300000.0,
        "Reconciled Cost Of Revenue": 2082300000.0,
        "EBITDA": 2263800000.0,
        "EBIT": 1471500000.0,
        "Net Interest Income": -470300000.0,
        "Interest Expense": 470300000.0,
        "Normalized Income": 905876687.974431,
        "Net Income From Continuing And Discontinued Operation": 953700000.0,
        "Total Expenses": 3988400000.0,
        "Total Operating Income As Reported": 1353300000.0,
        "Diluted Average Shares": 521444125.0,
        "Basic Average Shares": 520459880.0,
        "Diluted EPS": 1.83,
        "Basic EPS": 1.83,
        "Diluted NI Availto Com Stockholders": 953700000.0,
        "Net Income Common Stockholders": 953700000.0,
        "Net Income": 953700000.0,
        "Minority Interests": -4600000.0,
        "Net Income Including Noncontrolling Interests": 958300000.0,
        "Net Income Continuous Operations": 958300000.0,
        "Earnings From Equity Interest Net Of Tax": 21300000.0,
        "Tax Provision": 64200000.0,
        "Pretax Income": 1001200000.0,
        "Other Income Expense": 118200000.0,
        "Other Non Operating Income Expenses": 67100000.0,
        "Special Income Charges": 51100000.0,
        "Gain On Sale Of Ppe": 0.0,
        "Gain On Sale Of Business": 0.0,
        "Other Special Charges": -51100000.0,
        "Write Off": 0.0,
        "Gain On Sale Of Security": NaN,
        "Net Non Operating Interest Income Expense": -470300000.0,
        "Interest Expense Non Operating": 470300000.0,
        "Operating Income": 1353300000.0,
        "Operating Expense": 1906100000.0,
        "Other Operating Expenses": 719900000.0,
        "Other Taxes": 393900000.0,
        "Depreciation Amortization Depletion Income Statement": 792300000.0,
        "Depreciation And Amortization In Income Statement": 792300000.0,
        "Gross Profit": 3259400000.0,
        "Cost Of Revenue": 2082300000.0,
        "Total Revenue": 5341700000.0,
        "Operating Revenue": 5220800000.0
    },
    "2023-12-31": {
        "Tax Effect Of Unusual Items": -3108000.0,
        "Tax Rate For Calcs": 0.21,
        "Normalized EBITDA": 1644900000.0,
        "Total Unusual Items": -14800000.0,
        "Total Unusual Items Excluding Goodwill": -14800000.0,
        "Net Income From Continuing Operation Net Minority Interest": 336200000.0,
        "Reconciled Depreciation": 877600000.0,
        "Reconciled Cost Of Revenue": 1887400000.0,
        "EBITDA": 1630100000.0,
        "EBIT": 752500000.0,
        "Net Interest Income": -460900000.0,
        "Interest Expense": 460900000.0,
        "Normalized Income": 347892000.0,
        "Net Income From Continuing And Discontinued Operation": 336200000.0,
        "Total Expenses": 3887500000.0,
        "Total Operating Income As Reported": 623400000.0,
        "Diluted Average Shares": NaN,
        "Basic Average Shares": NaN,
        "Diluted EPS": NaN,
        "Basic EPS": NaN,
        "Diluted NI Availto Com Stockholders": 336200000.0,
        "Net Income Common Stockholders": 336200000.0,
        "Net Income": 336200000.0,
        "Minority Interests": -1600000.0,
        "Net Income Including Noncontrolling Interests": 337800000.0,
        "Net Income Continuous Operations": 337800000.0,
        "Earnings From Equity Interest Net Of Tax": -2400000.0,
        "Tax Provision": -48600000.0,
        "Pretax Income": 291600000.0,
        "Other Income Expense": 62800000.0,
        "Other Non Operating Income Expenses": 77600000.0,
        "Special Income Charges": -34100000.0,
        "Gain On Sale Of Ppe": 0.0,
        "Gain On Sale Of Business": 0.0,
        "Other Special Charges": -51500000.0,
        "Write Off": 85600000.0,
        "Gain On Sale Of Security": 19300000.0,
        "Net Non Operating Interest Income Expense": -460900000.0,
        "Interest Expense Non Operating": 460900000.0,
        "Operating Income": 689700000.0,
        "Operating Expense": 1903500000.0,
        "Other Operating Expenses": 779400000.0,
        "Other Taxes": 343100000.0,
        "Depreciation Amortization Depletion Income Statement": 781000000.0,
        "Depreciation And Amortization In Income Statement": 781000000.0,
        "Gross Profit": 2593200000.0,
        "Cost Of Revenue": 1984000000.0,
        "Total Revenue": 4577200000.0,
        "Operating Revenue": 4426900000.0
    },
    "2024-03-31": {
        "Tax Effect Of Unusual Items": 9156000.0,
        "Tax Rate For Calcs": 0.21,
        "Normalized EBITDA": 2018400000.0,
        "Total Unusual Items": 43600000.0,
        "Total Unusual Items Excluding Goodwill": 43600000.0,
        "Net Income From Continuing Operation Net Minority Interest": 1003100000.0,
        "Reconciled Depreciation": 787100000.0,
        "Reconciled Cost Of Revenue": 1893300000.0,
        "EBITDA": 2062000000.0,
        "EBIT": 1274900000.0,
        "Net Interest Income": -435600000.0,
        "Interest Expense": 435600000.0,
        "Normalized Income": 968656000.0,
        "Net Income From Continuing And Discontinued Operation": 1003100000.0,
        "Total Expenses": 3853100000.0,
        "Total Operating Income As Reported": 1172600000.0,
        "Diluted Average Shares": 527596395.0,
        "Basic Average Shares": 526552036.0,
        "Diluted EPS": 1.9,
        "Basic EPS": 1.91,
        "Diluted NI Availto Com Stockholders": 1003100000.0,
        "Net Income Common Stockholders": 1003100000.0,
        "Net Income": 1003100000.0,
        "Minority Interests": -2600000.0,
        "Net Income Including Noncontrolling Interests": 1005700000.0,
        "Net Income Continuous Operations": 1005700000.0,
        "Earnings From Equity Interest Net Of Tax": 24500000.0,
        "Tax Provision": -141900000.0,
        "Pretax Income": 839300000.0,
        "Other Income Expense": 102300000.0,
        "Other Non Operating Income Expenses": 58700000.0,
        "Special Income Charges": 43600000.0,
        "Gain On Sale Of Ppe": NaN,
        "Gain On Sale Of Business": NaN,
        "Other Special Charges": -43600000.0,
        "Write Off": NaN,
        "Gain On Sale Of Security": NaN,
        "Net Non Operating Interest Income Expense": -435600000.0,
        "Interest Expense Non Operating": 435600000.0,
        "Operating Income": 1172600000.0,
        "Operating Expense": 1959800000.0,
        "Other Operating Expenses": 762300000.0,
        "Other Taxes": 410400000.0,
        "Depreciation Amortization Depletion Income Statement": 787100000.0,
        "Depreciation And Amortization In Income Statement": 787100000.0,
        "Gross Profit": 3132400000.0,
        "Cost Of Revenue": 1893300000.0,
        "Total Revenue": 5025700000.0,
        "Operating Revenue": 4900300000.0
    },
    "2024-06-30": {
        "Tax Effect Of Unusual Items": -1805277.777778,
        "Tax Rate For Calcs": 0.020679,
        "Normalized EBITDA": 1698800000.0,
        "Total Unusual Items": -87300000.0,
        "Total Unusual Items Excluding Goodwill": -87300000.0,
        "Net Income From Continuing Operation Net Minority Interest": 340300000.0,
        "Reconciled Depreciation": 821900000.0,
        "Reconciled Cost Of Revenue": 1720000000.0,
        "EBITDA": 1611500000.0,
        "EBIT": 789600000.0,
        "Net Interest Income": -465600000.0,
        "Interest Expense": 465600000.0,
        "Normalized Income": 425794722.222222,
        "Net Income From Continuing And Discontinued Operation": 340300000.0,
        "Total Expenses": 3752800000.0,
        "Total Operating Income As Reported": 683900000.0,
        "Diluted Average Shares": 530140990.0,
        "Basic Average Shares": 528898816.0,
        "Diluted EPS": 0.64,
        "Basic EPS": 0.64,
        "Diluted NI Availto Com Stockholders": 340300000.0,
        "Net Income Common Stockholders": 340300000.0,
        "Net Income": 340300000.0,
        "Minority Interests": -2200000.0,
        "Net Income Including Noncontrolling Interests": 342500000.0,
        "Net Income Continuous Operations": 342500000.0,
        "Earnings From Equity Interest Net Of Tax": 25200000.0,
        "Tax Provision": 6700000.0,
        "Pretax Income": 324000000.0,
        "Other Income Expense": -36800000.0,
        "Other Non Operating Income Expenses": 50500000.0,
        "Special Income Charges": -87300000.0,
        "Gain On Sale Of Ppe": NaN,
        "Gain On Sale Of Business": NaN,
        "Other Special Charges": -55200000.0,
        "Write Off": 142500000.0,
        "Gain On Sale Of Security": NaN,
        "Net Non Operating Interest Income Expense": -465600000.0,
        "Interest Expense Non Operating": 465600000.0,
        "Operating Income": 826400000.0,
        "Operating Expense": 2032800000.0,
        "Other Operating Expenses": 817300000.0,
        "Other Taxes": 393600000.0,
        "Depreciation Amortization Depletion Income Statement": 821900000.0,
        "Depreciation And Amortization In Income Statement": 821900000.0,
        "Gross Profit": 2859200000.0,
        "Cost Of Revenue": 1720000000.0,
        "Total Revenue": 4579200000.0,
        "Operating Revenue": 4443300000.0
    }
}