{
    "2023-03-31": {
        "Tax Effect Of Unusual Items": NaN,
        "Tax Rate For Calcs": NaN,
        "Normalized EBITDA": NaN,
        "Total Unusual Items": NaN,
        "Total Unusual Items Excluding Goodwill": NaN,
        "Net Income From Continuing Operation Net Minority Interest": NaN,
        "Reconciled Depreciation": NaN,
        "Reconciled Cost Of Revenue": NaN,
        "EBITDA": NaN,
        "EBIT": NaN,
        "Net Interest Income": NaN,
        "Interest Expense": NaN,
        "Interest Income": NaN,
        "Normalized Income": NaN,
        "Net Income From Continuing And Discontinued Operation": NaN,
        "Total Expenses": NaN,
        "Diluted Average Shares": 712000000.0,
        "Basic Average Shares": 669000000.0,
        "Diluted EPS": 0.21,
        "Basic EPS": 0.22,
        "Diluted NI Availto Com Stockholders": NaN,
        "Net Income Common Stockholders": NaN,
        "Otherunder Preferred Stock Dividend": NaN,
        "Net Income": NaN,
        "Minority Interests": NaN,
        "Net Income Including Noncontrolling Interests": NaN,
        "Net Income Discontinuous Operations": NaN,
        "Net Income Continuous Operations": NaN,
        "Earnings From Equity Interest Net Of Tax": NaN,
        "Tax Provision": NaN,
        "Pretax Income": NaN,
        "Other Income Expense": NaN,
        "Other Non Operating Income Expenses": -3000000.0,
        "Special Income Charges": NaN,
        "Gain On Sale Of Ppe": NaN,
        "Gain On Sale Of Business": NaN,
        "Other Special Charges": NaN,
        "Impairment Of Capital Assets": NaN,
        "Restructuring And Mergern Acquisition": NaN,
        "Gain On Sale Of Security": NaN,
        "Net Non Operating Interest Income Expense": NaN,
        "Interest Expense Non Operating": NaN,
        "Interest Income Non Operating": NaN,
        "Operating Income": NaN,
        "Operating Expense": NaN,
        "Other Operating Expenses": NaN,
        "Provision For Doubtful Accounts": NaN,
        "Selling General And Administration": NaN,
        "General And Administrative Expense": NaN,
        "Other Gand A": NaN,
        "Salaries And Wages": NaN,
        "Gross Profit": NaN,
        "Cost Of Revenue": NaN,
        "Total Revenue": NaN,
        "Operating Revenue": NaN
    },
    "2022-12-31": {
        "Tax Effect Of Unusual Items": NaN,
        "Tax Rate For Calcs": NaN,
        "Normalized EBITDA": NaN,
        "Total Unusual Items": NaN,
        "Total Unusual Items Excluding Goodwill": NaN,
        "Net Income From Continuing Operation Net Minority Interest": NaN,
        "Reconciled Depreciation": NaN,
        "Reconciled Cost Of Revenue": NaN,
        "EBITDA": NaN,
        "EBIT": NaN,
        "Net Interest Income": NaN,
        "Interest Expense": NaN,
        "Interest Income": NaN,
        "Normalized Income": NaN,
        "Net Income From Continuing And Discontinued Operation": NaN,
        "Total Expenses": NaN,
        "Diluted Average Shares": NaN,
        "Basic Average Shares": NaN,
        "Diluted EPS": NaN,
        "Basic EPS": NaN,
        "Diluted NI Availto Com Stockholders": NaN,
        "Net Income Common Stockholders": NaN,
        "Otherunder Preferred Stock Dividend": NaN,
        "Net Income": NaN,
        "Minority Interests": NaN,
        "Net Income Including Noncontrolling Interests": NaN,
        "Net Income Discontinuous Operations": 0.0,
        "Net Income Continuous Operations": NaN,
        "Earnings From Equity Interest Net Of Tax": NaN,
        "Tax Provision": NaN,
        "Pretax Income": NaN,
        "Other Income Expense": NaN,
        "Other Non Operating Income Expenses": -169000000.0,
        "Special Income Charges": NaN,
        "Gain On Sale Of Ppe": NaN,
        "Gain On Sale Of Business": NaN,
        "Other Special Charges": NaN,
        "Impairment Of Capital Assets": NaN,
        "Restructuring And Mergern Acquisition": NaN,
        "Gain On Sale Of Security": NaN,
        "Net Non Operating Interest Income Expense": NaN,
        "Interest Expense Non Operating": NaN,
        "Interest Income Non Operating": NaN,
        "Operating Income": NaN,
        "Operating Expense": NaN,
        "Other Operating Expenses": NaN,
        "Provision For Doubtful Accounts": NaN,
        "Selling General And Administration": NaN,
        "General And Administrative Expense": NaN,
        "Other Gand A": NaN,
        "Salaries And Wages": NaN,
        "Gross Profit": NaN,
        "Cost Of Revenue": NaN,
        "Total Revenue": NaN,
        "Operating Revenue": NaN
    },
    "2022-09-30": {
        "Tax Effect Of Unusual Items": NaN,
        "Tax Rate For Calcs": NaN,
        "Normalized EBITDA": NaN,
        "Total Unusual Items": NaN,
        "Total Unusual Items Excluding Goodwill": NaN,
        "Net Income From Continuing Operation Net Minority Interest": NaN,
        "Reconciled Depreciation": NaN,
        "Reconciled Cost Of Revenue": NaN,
        "EBITDA": NaN,
        "EBIT": NaN,
        "Net Interest Income": NaN,
        "Interest Expense": NaN,
        "Interest Income": NaN,
        "Normalized Income": NaN,
        "Net Income From Continuing And Discontinued Operation": NaN,
        "Total Expenses": NaN,
        "Diluted Average Shares": NaN,
        "Basic Average Shares": NaN,
        "Diluted EPS": NaN,
        "Basic EPS": NaN,
        "Diluted NI Availto Com Stockholders": NaN,
        "Net Income Common Stockholders": NaN,
        "Net Income": NaN,
        "Minority Interests": NaN,
        "Net Income Including Noncontrolling Interests": NaN,
        "Net Income Discontinuous Operations": 0.0,
        "Net Income Continuous Operations": NaN,
        "Earnings From Equity Interest Net Of Tax": NaN,
        "Tax Provision": NaN,
        "Pretax Income": NaN,
        "Other Income Expense": NaN,
        "Other Non Operating Income Expenses": -2000000.0,
        "Special Income Charges": NaN,
        "Gain On Sale Of Ppe": NaN,
        "Gain On Sale Of Business": NaN,
        "Other Special Charges": NaN,
        "Impairment Of Capital Assets": NaN,
        "Restructuring And Mergern Acquisition": NaN,
        "Gain On Sale Of Security": NaN,
        "Net Non Operating Interest Income Expense": NaN,
        "Interest Expense Non Operating": NaN,
        "Interest Income Non Operating": NaN,
        "Operating Income": NaN,
        "Operating Expense": NaN,
        "Other Operating Expenses": NaN,
        "Provision For Doubtful Accounts": 0.0,
        "Selling General And Administration": NaN,
        "General And Administrative Expense": NaN,
        "Other Gand A": NaN,
        "Salaries And Wages": 0.0,
        "Gross Profit": NaN,
        "Cost Of Revenue": NaN,
        "Total Revenue": NaN,
        "Operating Revenue": NaN
    },
    "2022-06-30": {
        "Tax Effect Of Unusual Items": -58320000.0,
        "Tax Rate For Calcs": 0.12,
        "Normalized EBITDA": 869000000.0,
        "Total Unusual Items": -486000000.0,
        "Total Unusual Items Excluding Goodwill": -486000000.0,
        "Net Income From Continuing Operation Net Minority Interest": -179000000.0,
        "Reconciled Depreciation": 264000000.0,
        "Reconciled Cost Of Revenue": 2515000000.0,
        "EBITDA": 383000000.0,
        "EBIT": 119000000.0,
        "Net Interest Income": -184000000.0,
        "Interest Expense": 279000000.0,
        "Interest Income": 95000000.0,
        "Normalized Income": 248680000.0,
        "Net Income From Continuing And Discontinued Operation": -179000000.0,
        "Total Expenses": 2581000000.0,
        "Diluted Average Shares": 668000000.0,
        "Basic Average Shares": 662962963.0,
        "Diluted EPS": -0.27,
        "Basic EPS": -0.27,
        "Diluted NI Availto Com Stockholders": -179000000.0,
        "Net Income Common Stockholders": -179000000.0,
        "Net Income": -179000000.0,
        "Minority Interests": -43000000.0,
        "Net Income Including Noncontrolling Interests": -136000000.0,
        "Net Income Discontinuous Operations": 0.0,
        "Net Income Continuous Operations": -136000000.0,
        "Earnings From Equity Interest Net Of Tax": 5000000.0,
        "Tax Provision": -19000000.0,
        "Pretax Income": -160000000.0,
        "Other Income Expense": -473000000.0,
        "Other Non Operating Income Expenses": 13000000.0,
        "Special Income Charges": -463000000.0,
        "Gain On Sale Of Ppe": -5000000.0,
        "Gain On Sale Of Business": -2000000.0,
        "Other Special Charges": -23000000.0,
        "Impairment Of Capital Assets": 482000000.0,
        "Restructuring And Mergern Acquisition": -3000000.0,
        "Gain On Sale Of Security": -23000000.0,
        "Net Non Operating Interest Income Expense": -184000000.0,
        "Interest Expense Non Operating": 279000000.0,
        "Interest Income Non Operating": 95000000.0,
        "Operating Income": 497000000.0,
        "Operating Expense": 66000000.0,
        "Provision For Doubtful Accounts": 20000000.0,
        "Selling General And Administration": 46000000.0,
        "General And Administrative Expense": 46000000.0,
        "Other Gand A": 46000000.0,
        "Salaries And Wages": NaN,
        "Gross Profit": 563000000.0,
        "Cost Of Revenue": 2515000000.0,
        "Total Revenue": 3078000000.0,
        "Operating Revenue": 3078000000.0
    },
    "2023-06-30": {
        "Tax Effect Of Unusual Items": -52500000.0,
        "Tax Rate For Calcs": 0.21,
        "Normalized EBITDA": 841000000.0,
        "Total Unusual Items": -250000000.0,
        "Total Unusual Items Excluding Goodwill": -250000000.0,
        "Net Income From Continuing Operation Net Minority Interest": -39000000.0,
        "Reconciled Depreciation": 277000000.0,
        "Reconciled Cost Of Revenue": 2529000000.0,
        "EBITDA": 591000000.0,
        "EBIT": 314000000.0,
        "Net Interest Income": -179000000.0,
        "Interest Expense": 310000000.0,
        "Interest Income": 131000000.0,
        "Normalized Income": 158500000.0,
        "Net Income From Continuing And Discontinued Operation": -39000000.0,
        "Total Expenses": 2604000000.0,
        "Diluted Average Shares": 669000000.0,
        "Basic Average Shares": 650000000.0,
        "Diluted EPS": -0.06,
        "Basic EPS": -0.06,
        "Diluted NI Availto Com Stockholders": -39000000.0,
        "Net Income Common Stockholders": -39000000.0,
        "Otherunder Preferred Stock Dividend": NaN,
        "Net Income": -39000000.0,
        "Minority Interests": -20000000.0,
        "Net Income Including Noncontrolling Interests": -19000000.0,
        "Net Income Discontinuous Operations": NaN,
        "Net Income Continuous Operations": -19000000.0,
        "Earnings From Equity Interest Net Of Tax": -25000000.0,
        "Tax Provision": -2000000.0,
        "Pretax Income": 4000000.0,
        "Other Income Expense": -240000000.0,
        "Other Non Operating Income Expenses": 10000000.0,
        "Special Income Charges": -183000000.0,
        "Gain On Sale Of Ppe": -7000000.0,
        "Gain On Sale Of Business": -4000000.0,
        "Other Special Charges": -3000000.0,
        "Impairment Of Capital Assets": 174000000.0,
        "Restructuring And Mergern Acquisition": 1000000.0,
        "Gain On Sale Of Security": -67000000.0,
        "Net Non Operating Interest Income Expense": -179000000.0,
        "Interest Expense Non Operating": 310000000.0,
        "Interest Income Non Operating": 131000000.0,
        "Operating Income": 423000000.0,
        "Operating Expense": 75000000.0,
        "Other Operating Expenses": NaN,
        "Provision For Doubtful Accounts": 0.0,
        "Selling General And Administration": 75000000.0,
        "General And Administrative Expense": 75000000.0,
        "Other Gand A": 72000000.0,
        "Salaries And Wages": 3000000.0,
        "Gross Profit": 498000000.0,
        "Cost Of Revenue": 2529000000.0,
        "Total Revenue": 3027000000.0,
        "Operating Revenue": 3027000000.0
    },
    "2022-03-31": {
        "Diluted EPS": 0.16,
        "Total Revenue": NaN,
        "Gross Profit": 530,
        "Operating Income": 264,
        "EBIT": 534,
        "Net Income": 115
    },
    "2021-12-31": {
        "Diluted EPS": -0.91,
        "Total Revenue": NaN,
        "Gross Profit": 559,
        "Operating Income": NaN,
        "EBIT": NaN,
        "Net Income": -632
    },
    "2021-09-30": {
        "Diluted EPS": 0.48,
        "Total Revenue": NaN,
        "Gross Profit": 760,
        "Operating Income": 586,
        "EBIT": 843,
        "Net Income": 343
    },
    "2021-06-30": {
        "Diluted EPS": 0.04,
        "Total Revenue": NaN,
        "Gross Profit": 728,
        "Operating Income": -130,
        "EBIT": 133,
        "Net Income": 28
    },
    "2021-03-31": {
        "Diluted EPS": -0.22,
        "Total Revenue": NaN,
        "Gross Profit": 664,
        "Operating Income": 9,
        "EBIT": 284,
        "Net Income": -148
    },
    "2020-12-31": {
        "Diluted EPS": 0.47,
        "Total Revenue": NaN,
        "Gross Profit": 906,
        "Operating Income": 579,
        "EBIT": 844,
        "Net Income": 318
    },
    "2020-09-30": {
        "Diluted EPS": -0.5,
        "Total Revenue": NaN,
        "Gross Profit": 756,
        "Operating Income": -516,
        "EBIT": -252,
        "Net Income": -333
    },
    "2020-06-30": {
        "Diluted EPS": -0.12,
        "Total Revenue": NaN,
        "Gross Profit": 524,
        "Operating Income": 263,
        "EBIT": 534,
        "Net Income": -83
    },
    "2020-03-31": {
        "Diluted EPS": 0.22,
        "Total Revenue": NaN,
        "Gross Profit": 507,
        "Operating Income": 364,
        "EBIT": 632,
        "Net Income": 144
    },
    "2019-12-31": {
        "Diluted EPS": -0.12,
        "Total Revenue": NaN,
        "Gross Profit": 560,
        "Operating Income": 197,
        "EBIT": 468,
        "Net Income": -78
    },
    "2019-09-30": {
        "Diluted EPS": 0.32,
        "Total Revenue": NaN,
        "Gross Profit": 701,
        "Operating Income": 424,
        "EBIT": 686,
        "Net Income": 210
    },
    "2019-06-30": {
        "Diluted EPS": 0.02,
        "Total Revenue": NaN,
        "Gross Profit": 502,
        "Operating Income": 118,
        "EBIT": 384,
        "Net Income": 17
    },
    "2019-03-31": {
        "Diluted EPS": 0.23,
        "Total Revenue": NaN,
        "Gross Profit": 586,
        "Operating Income": 354,
        "EBIT": 600,
        "Net Income": 154
    },
    "2018-12-31": {
        "Diluted EPS": 0.19,
        "Total Revenue": NaN,
        "Gross Profit": 646,
        "Operating Income": 493,
        "EBIT": 726,
        "Net Income": 128
    },
    "2018-09-30": {
        "Diluted EPS": 0.15,
        "Total Revenue": NaN,
        "Gross Profit": 671,
        "Operating Income": 332,
        "EBIT": 590,
        "Net Income": 101
    },
    "2018-06-30": {
        "Diluted EPS": 0.44,
        "Total Revenue": NaN,
        "Gross Profit": 600,
        "Operating Income": 342,
        "EBIT": 600,
        "Net Income": 290
    },
    "2018-03-31": {
        "Diluted EPS": 1.03,
        "Total Revenue": NaN,
        "Gross Profit": 656,
        "Operating Income": 998,
        "EBIT": NaN,
        "Net Income": 684
    },
    "2017-12-31": {
        "Diluted EPS": -2.03,
        "Total Revenue": NaN,
        "Gross Profit": 645,
        "Operating Income": 84,
        "EBIT": 369,
        "Net Income": NaN
    },
    "2017-09-30": {
        "Diluted EPS": 0.23,
        "Total Revenue": NaN,
        "Gross Profit": 640,
        "Operating Income": 304,
        "EBIT": 607,
        "Net Income": 152
    },
    "2017-06-30": {
        "Diluted EPS": 0.08,
        "Total Revenue": NaN,
        "Gross Profit": 623,
        "Operating Income": 226,
        "EBIT": 516,
        "Net Income": 53
    },
    "2017-03-31": {
        "Diluted EPS": -0.04,
        "Total Revenue": NaN,
        "Gross Profit": 557,
        "Operating Income": 157,
        "EBIT": 448,
        "Net Income": -24
    },
    "2016-12-31": {
        "Diluted EPS": -1.44,
        "Total Revenue": 239,
        "Gross Profit": 612,
        "Operating Income": -256,
        "EBIT": 43,
        "Net Income": -949
    },
    "2016-09-30": {
        "Diluted EPS": 0.26,
        "Total Revenue": NaN,
        "Gross Profit": 688,
        "Operating Income": 294,
        "EBIT": 585,
        "Net Income": 175
    },
    "2016-06-30": {
        "Diluted EPS": -0.73,
        "Total Revenue": NaN,
        "Gross Profit": 574,
        "Operating Income": -22,
        "EBIT": 274,
        "Net Income": -482
    },
    "2016-03-31": {
        "Diluted EPS": 0.19,
        "Total Revenue": NaN,
        "Gross Profit": 509,
        "Operating Income": 173,
        "EBIT": 463,
        "Net Income": 126
    },
    "2015-12-31": {
        "Diluted EPS": -0.12,
        "Total Revenue": 98,
        "Gross Profit": 522,
        "Operating Income": 98,
        "EBIT": 362,
        "Net Income": -85
    },
    "2015-09-30": {
        "Diluted EPS": 0.26,
        "Total Revenue": NaN,
        "Gross Profit": 665,
        "Operating Income": 160,
        "EBIT": 443,
        "Net Income": 180
    },
    "2015-06-30": {
        "Diluted EPS": 0.1,
        "Total Revenue": NaN,
        "Gross Profit": 755,
        "Operating Income": 396,
        "EBIT": 695,
        "Net Income": 69
    },
    "2015-03-31": {
        "Diluted EPS": 0.2,
        "Total Revenue": NaN,
        "Gross Profit": 721,
        "Operating Income": 335,
        "EBIT": 633,
        "Net Income": 142
    },
    "2014-12-31": {
        "Diluted EPS": 0.29,
        "Total Revenue": NaN,
        "Gross Profit": 600,
        "Operating Income": 369,
        "EBIT": 677,
        "Net Income": 206
    },
    "2014-09-30": {
        "Diluted EPS": 0.67,
        "Total Revenue": NaN,
        "Gross Profit": 767,
        "Operating Income": 622,
        "EBIT": 934,
        "Net Income": 488
    },
    "2014-06-30": {
        "Diluted EPS": 0.18,
        "Total Revenue": NaN,
        "Gross Profit": 819,
        "Operating Income": 462,
        "EBIT": 781,
        "Net Income": 133
    },
    "2014-03-31": {
        "Diluted EPS": -0.08,
        "Total Revenue": NaN,
        "Gross Profit": 794,
        "Operating Income": 118,
        "EBIT": 424,
        "Net Income": -58
    },
    "2013-12-31": {
        "Diluted EPS": -0.27,
        "Total Revenue": NaN,
        "Gross Profit": 670,
        "Operating Income": -112,
        "EBIT": 200,
        "Net Income": -206
    },
    "2013-09-30": {
        "Diluted EPS": 0.09,
        "Total Revenue": NaN,
        "Gross Profit": 927,
        "Operating Income": 572,
        "EBIT": 893,
        "Net Income": 71
    },
    "2013-06-30": {
        "Diluted EPS": 0.22,
        "Total Revenue": NaN,
        "Gross Profit": 901,
        "Operating Income": 407,
        "EBIT": 739,
        "Net Income": 167
    },
    "2013-03-31": {
        "Diluted EPS": 0.11,
        "Total Revenue": NaN,
        "Gross Profit": 749,
        "Operating Income": 310,
        "EBIT": 639,
        "Net Income": 82
    },
    "2012-12-31": {
        "Diluted EPS": 0.27,
        "Total Revenue": NaN,
        "Gross Profit": 851,
        "Operating Income": 543,
        "EBIT": 899,
        "Net Income": 175
    },
    "2012-09-30": {
        "Diluted EPS": -2.1,
        "Total Revenue": NaN,
        "Gross Profit": 967,
        "Operating Income": NaN,
        "EBIT": -951,
        "Net Income": NaN
    },
    "2012-06-30": {
        "Diluted EPS": 0.18,
        "Total Revenue": NaN,
        "Gross Profit": 693,
        "Operating Income": 202,
        "EBIT": 548,
        "Net Income": 140
    },
    "2012-03-31": {
        "Diluted EPS": 0.44,
        "Total Revenue": NaN,
        "Gross Profit": NaN,
        "Operating Income": 818,
        "EBIT": NaN,
        "Net Income": 341
    },
    "2011-12-31": {
        "Diluted EPS": -0.26,
        "Total Revenue": NaN,
        "Gross Profit": NaN,
        "Operating Income": 685,
        "EBIT": NaN,
        "Net Income": -209
    },
    "2011-09-30": {
        "Diluted EPS": -0.17,
        "Total Revenue": NaN,
        "Gross Profit": NaN,
        "Operating Income": 348,
        "EBIT": 673,
        "Net Income": -131
    },
    "2011-06-30": {
        "Diluted EPS": 0.22,
        "Total Revenue": NaN,
        "Gross Profit": 992,
        "Operating Income": 614,
        "EBIT": 931,
        "Net Income": 174
    },
    "2011-03-31": {
        "Diluted EPS": 0.28,
        "Total Revenue": NaN,
        "Gross Profit": 993,
        "Operating Income": 695,
        "EBIT": NaN,
        "Net Income": 224
    },
    "2010-12-31": {
        "Diluted EPS": -0.58,
        "Total Revenue": NaN,
        "Gross Profit": 890,
        "Operating Income": 415,
        "EBIT": 717,
        "Net Income": -436
    },
    "2010-09-30": {
        "Diluted EPS": 0.14,
        "Total Revenue": NaN,
        "Gross Profit": 967,
        "Operating Income": 367,
        "EBIT": 659,
        "Net Income": 114
    },
    "2010-06-30": {
        "Diluted EPS": 0.18,
        "Total Revenue": NaN,
        "Gross Profit": NaN,
        "Operating Income": 561,
        "EBIT": 852,
        "Net Income": 144
    },
    "2010-03-31": {
        "Diluted EPS": 0.27,
        "Total Revenue": NaN,
        "Gross Profit": 961,
        "Operating Income": 554,
        "EBIT": 847,
        "Net Income": 187
    },
    "2009-12-31": {
        "Diluted EPS": -0.08,
        "Total Revenue": NaN,
        "Gross Profit": 731,
        "Operating Income": 462,
        "EBIT": 744,
        "Net Income": -48
    },
    "2009-09-30": {
        "Diluted EPS": 0.28,
        "Total Revenue": NaN,
        "Gross Profit": 967,
        "Operating Income": 601,
        "EBIT": 870,
        "Net Income": 185
    },
    "2009-06-30": {
        "Diluted EPS": 0.45,
        "Total Revenue": NaN,
        "Gross Profit": 803,
        "Operating Income": 558,
        "EBIT": 811,
        "Net Income": 303
    },
    "2009-03-31": {
        "Diluted EPS": 0.33,
        "Total Revenue": NaN,
        "Gross Profit": 856,
        "Operating Income": 659,
        "EBIT": 904,
        "Net Income": 218
    },
    "2023-09-30": {
        "Tax Effect Of Unusual Items": -66560000.0,
        "Tax Rate For Calcs": 0.26,
        "Normalized EBITDA": 1282000000.0,
        "Total Unusual Items": -256000000.0,
        "Total Unusual Items Excluding Goodwill": -256000000.0,
        "Net Income From Continuing Operation Net Minority Interest": 231000000.0,
        "Reconciled Depreciation": 286000000.0,
        "Reconciled Cost Of Revenue": 2516000000.0,
        "EBITDA": 1026000000.0,
        "EBIT": 740000000.0,
        "Net Interest Income": -182000000.0,
        "Interest Expense": 326000000.0,
        "Interest Income": 144000000.0,
        "Normalized Income": 420440000.0,
        "Net Income From Continuing And Discontinued Operation": 231000000.0,
        "Total Expenses": 2582000000.0,
        "Diluted Average Shares": 712000000.0,
        "Basic Average Shares": 679411765.0,
        "Diluted EPS": 0.32,
        "Basic EPS": 0.34,
        "Diluted NI Availto Com Stockholders": 231000000.0,
        "Net Income Common Stockholders": 231000000.0,
        "Otherunder Preferred Stock Dividend": NaN,
        "Net Income": 231000000.0,
        "Minority Interests": -60000000.0,
        "Net Income Including Noncontrolling Interests": 291000000.0,
        "Net Income Discontinuous Operations": NaN,
        "Net Income Continuous Operations": 291000000.0,
        "Earnings From Equity Interest Net Of Tax": -14000000.0,
        "Tax Provision": 109000000.0,
        "Pretax Income": 414000000.0,
        "Other Income Expense": -256000000.0,
        "Other Non Operating Income Expenses": NaN,
        "Special Income Charges": -156000000.0,
        "Gain On Sale Of Ppe": -2000000.0,
        "Gain On Sale Of Business": 0.0,
        "Other Special Charges": -5000000.0,
        "Impairment Of Capital Assets": 158000000.0,
        "Restructuring And Mergern Acquisition": 1000000.0,
        "Gain On Sale Of Security": -100000000.0,
        "Net Non Operating Interest Income Expense": -182000000.0,
        "Interest Expense Non Operating": 326000000.0,
        "Interest Income Non Operating": 144000000.0,
        "Operating Income": 852000000.0,
        "Operating Expense": 66000000.0,
        "Other Operating Expenses": NaN,
        "Provision For Doubtful Accounts": 0.0,
        "Selling General And Administration": 66000000.0,
        "General And Administrative Expense": 66000000.0,
        "Other Gand A": 64000000.0,
        "Salaries And Wages": 2000000.0,
        "Gross Profit": 918000000.0,
        "Cost Of Revenue": 2516000000.0,
        "Total Revenue": 3434000000.0,
        "Operating Revenue": 3449000000.0
    },
    "2023-12-31": {
        "Tax Effect Of Unusual Items": -164220000.0,
        "Tax Rate For Calcs": 0.21,
        "Normalized EBITDA": 848000000.0,
        "Total Unusual Items": -782000000.0,
        "Total Unusual Items Excluding Goodwill": -782000000.0,
        "Net Income From Continuing Operation Net Minority Interest": -101000000.0,
        "Reconciled Depreciation": 292000000.0,
        "Reconciled Cost Of Revenue": 2474000000.0,
        "EBITDA": 66000000.0,
        "EBIT": -226000000.0,
        "Net Interest Income": -200000000.0,
        "Interest Expense": 353000000.0,
        "Interest Income": 153000000.0,
        "Normalized Income": 516780000.0,
        "Net Income From Continuing And Discontinued Operation": -94000000.0,
        "Total Expenses": 2541000000.0,
        "Diluted Average Shares": NaN,
        "Basic Average Shares": NaN,
        "Diluted EPS": NaN,
        "Basic EPS": NaN,
        "Diluted NI Availto Com Stockholders": -94000000.0,
        "Net Income Common Stockholders": -94000000.0,
        "Otherunder Preferred Stock Dividend": NaN,
        "Net Income": -94000000.0,
        "Minority Interests": 549000000.0,
        "Net Income Including Noncontrolling Interests": -643000000.0,
        "Net Income Discontinuous Operations": NaN,
        "Net Income Continuous Operations": -650000000.0,
        "Earnings From Equity Interest Net Of Tax": 11000000.0,
        "Tax Provision": 82000000.0,
        "Pretax Income": -579000000.0,
        "Other Income Expense": -806000000.0,
        "Other Non Operating Income Expenses": -24000000.0,
        "Special Income Charges": -638000000.0,
        "Gain On Sale Of Ppe": -21000000.0,
        "Gain On Sale Of Business": 138000000.0,
        "Other Special Charges": 53000000.0,
        "Impairment Of Capital Assets": 727000000.0,
        "Restructuring And Mergern Acquisition": -25000000.0,
        "Gain On Sale Of Security": -144000000.0,
        "Net Non Operating Interest Income Expense": -200000000.0,
        "Interest Expense Non Operating": 353000000.0,
        "Interest Income Non Operating": 153000000.0,
        "Operating Income": 427000000.0,
        "Operating Expense": 67000000.0,
        "Other Operating Expenses": NaN,
        "Provision For Doubtful Accounts": NaN,
        "Selling General And Administration": 67000000.0,
        "General And Administrative Expense": 67000000.0,
        "Other Gand A": 64000000.0,
        "Salaries And Wages": 3000000.0,
        "Gross Profit": 494000000.0,
        "Cost Of Revenue": 2474000000.0,
        "Total Revenue": 2968000000.0,
        "Operating Revenue": 2907000000.0
    },
    "2024-03-31": {
        "Tax Effect Of Unusual Items": -1890000.0,
        "Tax Rate For Calcs": 0.21,
        "Normalized EBITDA": 955000000.0,
        "Total Unusual Items": -9000000.0,
        "Total Unusual Items Excluding Goodwill": -9000000.0,
        "Net Income From Continuing Operation Net Minority Interest": 432000000.0,
        "Reconciled Depreciation": 312000000.0,
        "Reconciled Cost Of Revenue": 2466000000.0,
        "EBITDA": 946000000.0,
        "EBIT": 634000000.0,
        "Net Interest Income": -252000000.0,
        "Interest Expense": 357000000.0,
        "Interest Income": 105000000.0,
        "Normalized Income": 439110000.0,
        "Net Income From Continuing And Discontinued Operation": 432000000.0,
        "Total Expenses": 2547000000.0,
        "Diluted Average Shares": 712000000.0,
        "Basic Average Shares": 690000000.0,
        "Diluted EPS": 0.6,
        "Basic EPS": 0.62,
        "Diluted NI Availto Com Stockholders": 432000000.0,
        "Net Income Common Stockholders": 432000000.0,
        "Otherunder Preferred Stock Dividend": NaN,
        "Net Income": 432000000.0,
        "Minority Interests": 154000000.0,
        "Net Income Including Noncontrolling Interests": 278000000.0,
        "Net Income Discontinuous Operations": NaN,
        "Net Income Continuous Operations": 278000000.0,
        "Earnings From Equity Interest Net Of Tax": -15000000.0,
        "Tax Provision": -16000000.0,
        "Pretax Income": 277000000.0,
        "Other Income Expense": -9000000.0,
        "Other Non Operating Income Expenses": NaN,
        "Special Income Charges": -1000000.0,
        "Gain On Sale Of Ppe": 3000000.0,
        "Gain On Sale Of Business": 43000000.0,
        "Other Special Charges": 7000000.0,
        "Impairment Of Capital Assets": 46000000.0,
        "Restructuring And Mergern Acquisition": -6000000.0,
        "Gain On Sale Of Security": -8000000.0,
        "Net Non Operating Interest Income Expense": -252000000.0,
        "Interest Expense Non Operating": 357000000.0,
        "Interest Income Non Operating": 105000000.0,
        "Operating Income": 538000000.0,
        "Operating Expense": 81000000.0,
        "Other Operating Expenses": 6000000.0,
        "Provision For Doubtful Accounts": NaN,
        "Selling General And Administration": 75000000.0,
        "General And Administrative Expense": 75000000.0,
        "Other Gand A": 75000000.0,
        "Salaries And Wages": NaN,
        "Gross Profit": 619000000.0,
        "Cost Of Revenue": 2466000000.0,
        "Total Revenue": 3085000000.0,
        "Operating Revenue": 3139000000.0
    },
    "2024-06-30": {
        "Tax Effect Of Unusual Items": -42210000.0,
        "Tax Rate For Calcs": 0.21,
        "Normalized EBITDA": 821000000.0,
        "Total Unusual Items": -201000000.0,
        "Total Unusual Items Excluding Goodwill": -201000000.0,
        "Net Income From Continuing Operation Net Minority Interest": 185000000.0,
        "Reconciled Depreciation": 308000000.0,
        "Reconciled Cost Of Revenue": 2389000000.0,
        "EBITDA": 620000000.0,
        "EBIT": 312000000.0,
        "Net Interest Income": -301000000.0,
        "Interest Expense": 389000000.0,
        "Interest Income": 88000000.0,
        "Normalized Income": 343790000.0,
        "Net Income From Continuing And Discontinued Operation": 185000000.0,
        "Total Expenses": 2459000000.0,
        "Diluted Average Shares": 713000000.0,
        "Basic Average Shares": 707407407.0,
        "Diluted EPS": 0.27,
        "Basic EPS": 0.27,
        "Diluted NI Availto Com Stockholders": 191000000.0,
        "Net Income Common Stockholders": 191000000.0,
        "Otherunder Preferred Stock Dividend": -6000000.0,
        "Net Income": 185000000.0,
        "Minority Interests": 224000000.0,
        "Net Income Including Noncontrolling Interests": -39000000.0,
        "Net Income Discontinuous Operations": NaN,
        "Net Income Continuous Operations": -39000000.0,
        "Earnings From Equity Interest Net Of Tax": 3000000.0,
        "Tax Provision": -35000000.0,
        "Pretax Income": -77000000.0,
        "Other Income Expense": -259000000.0,
        "Other Non Operating Income Expenses": -58000000.0,
        "Special Income Charges": -239000000.0,
        "Gain On Sale Of Ppe": -3000000.0,
        "Gain On Sale Of Business": 1000000.0,
        "Other Special Charges": 6000000.0,
        "Impairment Of Capital Assets": 230000000.0,
        "Restructuring And Mergern Acquisition": 1000000.0,
        "Gain On Sale Of Security": 38000000.0,
        "Net Non Operating Interest Income Expense": -301000000.0,
        "Interest Expense Non Operating": 389000000.0,
        "Interest Income Non Operating": 88000000.0,
        "Operating Income": 483000000.0,
        "Operating Expense": 70000000.0,
        "Other Operating Expenses": NaN,
        "Provision For Doubtful Accounts": 1000000.0,
        "Selling General And Administration": 69000000.0,
        "General And Administrative Expense": 69000000.0,
        "Other Gand A": 66000000.0,
        "Salaries And Wages": 3000000.0,
        "Gross Profit": 553000000.0,
        "Cost Of Revenue": 2389000000.0,
        "Total Revenue": 2942000000.0,
        "Operating Revenue": 2942000000.0
    }
}