{
    "2024-03-31": {
        "Tax Effect Of Unusual Items": 0.0,
        "Tax Rate For Calcs": 0.228529,
        "Normalized EBITDA": 58768000.0,
        "Total Unusual Items": NaN,
        "Total Unusual Items Excluding Goodwill": NaN,
        "Net Income From Continuing Operation Net Minority Interest": 26787000.0,
        "Reconciled Depreciation": 19068000.0,
        "Reconciled Cost Of Revenue": 123921000.0,
        "EBITDA": 58768000.0,
        "EBIT": 39700000.0,
        "Net Interest Income": -4978000.0,
        "Interest Expense": 4978000.0,
        "Normalized Income": 26787000.0,
        "Net Income From Continuing And Discontinued Operation": 26787000.0,
        "Total Expenses": 152990000.0,
        "Total Operating Income As Reported": 39677000.0,
        "Diluted Average Shares": 103822000.0,
        "Basic Average Shares": 102931000.0,
        "Diluted EPS": 0.26,
        "Basic EPS": 0.26,
        "Diluted NI Availto Com Stockholders": 26787000.0,
        "Net Income Common Stockholders": 26787000.0,
        "Otherunder Preferred Stock Dividend": NaN,
        "Net Income": 26787000.0,
        "Minority Interests": NaN,
        "Net Income Including Noncontrolling Interests": 26787000.0,
        "Net Income Continuous Operations": 26787000.0,
        "Tax Provision": 7935000.0,
        "Pretax Income": 34722000.0,
        "Other Income Expense": 23000.0,
        "Other Non Operating Income Expenses": 23000.0,
        "Special Income Charges": NaN,
        "Gain On Sale Of Ppe": NaN,
        "Other Special Charges": NaN,
        "Net Non Operating Interest Income Expense": -4978000.0,
        "Interest Expense Non Operating": 4978000.0,
        "Operating Income": 39677000.0,
        "Operating Expense": 29069000.0,
        "Depreciation Amortization Depletion Income Statement": NaN,
        "Depreciation And Amortization In Income Statement": NaN,
        "Amortization": NaN,
        "Amortization Of Intangibles Income Statement": NaN,
        "Selling General And Administration": 29069000.0,
        "Gross Profit": 68746000.0,
        "Cost Of Revenue": 123921000.0,
        "Total Revenue": 192667000.0,
        "Operating Revenue": 192667000.0
    },
    "2023-12-31": {
        "Tax Effect Of Unusual Items": 0.0,
        "Tax Rate For Calcs": 0.233957,
        "Normalized EBITDA": 61556000.0,
        "Total Unusual Items": NaN,
        "Total Unusual Items Excluding Goodwill": NaN,
        "Net Income From Continuing Operation Net Minority Interest": 35737000.0,
        "Reconciled Depreciation": 12266000.0,
        "Reconciled Cost Of Revenue": 78192000.0,
        "EBITDA": 61556000.0,
        "EBIT": 49290000.0,
        "Net Interest Income": -2230000.0,
        "Interest Expense": 2230000.0,
        "Normalized Income": 35737000.0,
        "Net Income From Continuing And Discontinued Operation": 35737000.0,
        "Total Expenses": 91840000.0,
        "Total Operating Income As Reported": 49298000.0,
        "Diluted Average Shares": NaN,
        "Basic Average Shares": NaN,
        "Diluted EPS": NaN,
        "Basic EPS": NaN,
        "Diluted NI Availto Com Stockholders": 35737000.0,
        "Net Income Common Stockholders": 35737000.0,
        "Otherunder Preferred Stock Dividend": 0.0,
        "Net Income": 35737000.0,
        "Minority Interests": -313000.0,
        "Net Income Including Noncontrolling Interests": 36050000.0,
        "Net Income Continuous Operations": 36050000.0,
        "Tax Provision": 11010000.0,
        "Pretax Income": 47060000.0,
        "Other Income Expense": -8000.0,
        "Other Non Operating Income Expenses": -8000.0,
        "Special Income Charges": NaN,
        "Gain On Sale Of Ppe": NaN,
        "Other Special Charges": NaN,
        "Net Non Operating Interest Income Expense": -2230000.0,
        "Interest Expense Non Operating": 2230000.0,
        "Operating Income": 49298000.0,
        "Operating Expense": 13648000.0,
        "Depreciation Amortization Depletion Income Statement": NaN,
        "Depreciation And Amortization In Income Statement": NaN,
        "Amortization": NaN,
        "Amortization Of Intangibles Income Statement": NaN,
        "Selling General And Administration": 13648000.0,
        "Gross Profit": 62946000.0,
        "Cost Of Revenue": 78192000.0,
        "Total Revenue": 141138000.0,
        "Operating Revenue": 141138000.0
    },
    "2023-09-30": {
        "Tax Effect Of Unusual Items": 0.0,
        "Tax Rate For Calcs": 0.119395,
        "Normalized EBITDA": 76206000.0,
        "Total Unusual Items": 0.0,
        "Total Unusual Items Excluding Goodwill": 0.0,
        "Net Income From Continuing Operation Net Minority Interest": 29440000.0,
        "Reconciled Depreciation": 10746000.0,
        "Reconciled Cost Of Revenue": 67245000.0,
        "EBITDA": 76206000.0,
        "EBIT": 65460000.0,
        "Net Interest Income": -1496000.0,
        "Interest Expense": 1496000.0,
        "Normalized Income": 29440000.0,
        "Net Income From Continuing And Discontinued Operation": 29440000.0,
        "Total Expenses": 92292000.0,
        "Total Operating Income As Reported": 65324000.0,
        "Diluted Average Shares": 57928000.0,
        "Basic Average Shares": 57237000.0,
        "Diluted EPS": 0.51,
        "Basic EPS": 0.51,
        "Diluted NI Availto Com Stockholders": 29440000.0,
        "Net Income Common Stockholders": 29440000.0,
        "Otherunder Preferred Stock Dividend": 0.0,
        "Net Income": 29440000.0,
        "Minority Interests": -26887000.0,
        "Net Income Including Noncontrolling Interests": 56327000.0,
        "Net Income Continuous Operations": 56327000.0,
        "Tax Provision": 7637000.0,
        "Pretax Income": 63964000.0,
        "Other Income Expense": 136000.0,
        "Other Non Operating Income Expenses": 136000.0,
        "Special Income Charges": 0.0,
        "Gain On Sale Of Ppe": 0.0,
        "Other Special Charges": NaN,
        "Net Non Operating Interest Income Expense": -1496000.0,
        "Interest Expense Non Operating": 1496000.0,
        "Operating Income": 65324000.0,
        "Operating Expense": 14301000.0,
        "Depreciation Amortization Depletion Income Statement": 0.0,
        "Depreciation And Amortization In Income Statement": 0.0,
        "Amortization": 0.0,
        "Amortization Of Intangibles Income Statement": 0.0,
        "Selling General And Administration": 14301000.0,
        "Gross Profit": 79625000.0,
        "Cost Of Revenue": 77991000.0,
        "Total Revenue": 157616000.0,
        "Operating Revenue": 157616000.0
    },
    "2023-06-30": {
        "Tax Effect Of Unusual Items": NaN,
        "Tax Rate For Calcs": NaN,
        "Normalized EBITDA": NaN,
        "Total Unusual Items": 0.0,
        "Total Unusual Items Excluding Goodwill": 0.0,
        "Net Income From Continuing Operation Net Minority Interest": NaN,
        "Reconciled Depreciation": NaN,
        "Reconciled Cost Of Revenue": NaN,
        "EBITDA": NaN,
        "EBIT": NaN,
        "Net Interest Income": NaN,
        "Interest Expense": NaN,
        "Normalized Income": NaN,
        "Net Income From Continuing And Discontinued Operation": NaN,
        "Total Expenses": NaN,
        "Total Operating Income As Reported": NaN,
        "Diluted Average Shares": 57420000.0,
        "Basic Average Shares": 57148000.0,
        "Diluted EPS": 0.67,
        "Basic EPS": 0.67,
        "Diluted NI Availto Com Stockholders": NaN,
        "Net Income Common Stockholders": NaN,
        "Otherunder Preferred Stock Dividend": 0.0,
        "Net Income": NaN,
        "Minority Interests": -32693000.0,
        "Net Income Including Noncontrolling Interests": NaN,
        "Net Income Continuous Operations": NaN,
        "Tax Provision": NaN,
        "Pretax Income": NaN,
        "Other Income Expense": NaN,
        "Other Non Operating Income Expenses": NaN,
        "Special Income Charges": 0.0,
        "Gain On Sale Of Ppe": 0.0,
        "Other Special Charges": NaN,
        "Net Non Operating Interest Income Expense": NaN,
        "Interest Expense Non Operating": NaN,
        "Operating Income": NaN,
        "Operating Expense": NaN,
        "Depreciation Amortization Depletion Income Statement": 0.0,
        "Depreciation And Amortization In Income Statement": 0.0,
        "Amortization": 0.0,
        "Amortization Of Intangibles Income Statement": 0.0,
        "Selling General And Administration": NaN,
        "Gross Profit": NaN,
        "Cost Of Revenue": NaN,
        "Total Revenue": NaN,
        "Operating Revenue": NaN
    },
    "2023-03-31": {
        "Tax Effect Of Unusual Items": NaN,
        "Tax Rate For Calcs": NaN,
        "Normalized EBITDA": NaN,
        "Total Unusual Items": NaN,
        "Total Unusual Items Excluding Goodwill": NaN,
        "Net Income From Continuing Operation Net Minority Interest": NaN,
        "Reconciled Depreciation": NaN,
        "Reconciled Cost Of Revenue": NaN,
        "EBITDA": NaN,
        "EBIT": NaN,
        "Net Interest Income": NaN,
        "Interest Expense": NaN,
        "Normalized Income": NaN,
        "Net Income From Continuing And Discontinued Operation": NaN,
        "Total Expenses": NaN,
        "Total Operating Income As Reported": NaN,
        "Diluted Average Shares": NaN,
        "Basic Average Shares": NaN,
        "Diluted EPS": NaN,
        "Basic EPS": NaN,
        "Diluted NI Availto Com Stockholders": NaN,
        "Net Income Common Stockholders": NaN,
        "Otherunder Preferred Stock Dividend": 54561000.0,
        "Net Income": NaN,
        "Minority Interests": -6610000.0,
        "Net Income Including Noncontrolling Interests": NaN,
        "Net Income Continuous Operations": NaN,
        "Tax Provision": NaN,
        "Pretax Income": NaN,
        "Other Income Expense": NaN,
        "Other Non Operating Income Expenses": NaN,
        "Special Income Charges": NaN,
        "Gain On Sale Of Ppe": NaN,
        "Other Special Charges": NaN,
        "Net Non Operating Interest Income Expense": NaN,
        "Interest Expense Non Operating": NaN,
        "Operating Income": NaN,
        "Operating Expense": NaN,
        "Depreciation Amortization Depletion Income Statement": NaN,
        "Depreciation And Amortization In Income Statement": NaN,
        "Amortization": NaN,
        "Amortization Of Intangibles Income Statement": NaN,
        "Selling General And Administration": NaN,
        "General And Administrative Expense": 8504000.0,
        "Other Gand A": 8504000.0,
        "Gross Profit": NaN,
        "Cost Of Revenue": NaN,
        "Total Revenue": NaN,
        "Operating Revenue": NaN
    },
    "2022-12-31": {
        "Tax Effect Of Unusual Items": NaN,
        "Tax Rate For Calcs": NaN,
        "Normalized EBITDA": NaN,
        "Total Unusual Items": NaN,
        "Total Unusual Items Excluding Goodwill": NaN,
        "Net Income From Continuing Operation Net Minority Interest": NaN,
        "Reconciled Depreciation": NaN,
        "Reconciled Cost Of Revenue": NaN,
        "EBITDA": NaN,
        "EBIT": NaN,
        "Net Interest Income": NaN,
        "Interest Expense": NaN,
        "Normalized Income": NaN,
        "Net Income From Continuing And Discontinued Operation": NaN,
        "Total Expenses": NaN,
        "Total Operating Income As Reported": NaN,
        "Diluted Average Shares": NaN,
        "Basic Average Shares": NaN,
        "Diluted EPS": NaN,
        "Basic EPS": NaN,
        "Diluted NI Availto Com Stockholders": NaN,
        "Net Income Common Stockholders": NaN,
        "Otherunder Preferred Stock Dividend": NaN,
        "Net Income": NaN,
        "Minority Interests": NaN,
        "Net Income Including Noncontrolling Interests": NaN,
        "Net Income Continuous Operations": NaN,
        "Tax Provision": NaN,
        "Pretax Income": NaN,
        "Other Income Expense": NaN,
        "Other Non Operating Income Expenses": NaN,
        "Special Income Charges": NaN,
        "Gain On Sale Of Ppe": NaN,
        "Other Special Charges": NaN,
        "Net Non Operating Interest Income Expense": NaN,
        "Interest Expense Non Operating": NaN,
        "Operating Income": NaN,
        "Operating Expense": NaN,
        "Depreciation Amortization Depletion Income Statement": NaN,
        "Depreciation And Amortization In Income Statement": NaN,
        "Amortization": NaN,
        "Amortization Of Intangibles Income Statement": NaN,
        "Selling General And Administration": NaN,
        "General And Administrative Expense": 7903000.0,
        "Other Gand A": 7903000.0,
        "Gross Profit": NaN,
        "Cost Of Revenue": NaN,
        "Total Revenue": NaN,
        "Operating Revenue": NaN
    },
    "2024-06-30": {
        "Tax Effect Of Unusual Items": -187758.0,
        "Tax Rate For Calcs": 0.171,
        "Normalized EBITDA": 59113000.0,
        "Total Unusual Items": -1098000.0,
        "Total Unusual Items Excluding Goodwill": -1098000.0,
        "Net Income From Continuing Operation Net Minority Interest": 14837000.0,
        "Reconciled Depreciation": 29654000.0,
        "Reconciled Cost Of Revenue": 201277000.0,
        "EBITDA": 58015000.0,
        "EBIT": 28361000.0,
        "Net Interest Income": -10458000.0,
        "Interest Expense": 10458000.0,
        "Normalized Income": 15747242.0,
        "Net Income From Continuing And Discontinued Operation": 14837000.0,
        "Total Expenses": 258197000.0,
        "Total Operating Income As Reported": 28223000.0,
        "Diluted Average Shares": 112023000.0,
        "Basic Average Shares": 111064000.0,
        "Diluted EPS": 0.13,
        "Basic EPS": 0.13,
        "Diluted NI Availto Com Stockholders": 14837000.0,
        "Net Income Common Stockholders": 14837000.0,
        "Otherunder Preferred Stock Dividend": NaN,
        "Net Income": 14837000.0,
        "Minority Interests": NaN,
        "Net Income Including Noncontrolling Interests": 14837000.0,
        "Net Income Continuous Operations": 14837000.0,
        "Tax Provision": 3066000.0,
        "Pretax Income": 17903000.0,
        "Other Income Expense": -960000.0,
        "Other Non Operating Income Expenses": 138000.0,
        "Special Income Charges": -1098000.0,
        "Gain On Sale Of Ppe": -11098000.0,
        "Other Special Charges": -10000000.0,
        "Net Non Operating Interest Income Expense": -10458000.0,
        "Interest Expense Non Operating": 10458000.0,
        "Operating Income": 29321000.0,
        "Operating Expense": 31034000.0,
        "Depreciation Amortization Depletion Income Statement": 3768000.0,
        "Depreciation And Amortization In Income Statement": 3768000.0,
        "Amortization": 3768000.0,
        "Amortization Of Intangibles Income Statement": 3768000.0,
        "Selling General And Administration": 27266000.0,
        "Gross Profit": 60355000.0,
        "Cost Of Revenue": 227163000.0,
        "Total Revenue": 287518000.0,
        "Operating Revenue": 287518000.0
    },
    "2024-09-30": {
        "Tax Effect Of Unusual Items": -821188.552966,
        "Tax Rate For Calcs": 0.095777,
        "Normalized EBITDA": 54816000.0,
        "Total Unusual Items": -8574000.0,
        "Total Unusual Items Excluding Goodwill": -8574000.0,
        "Net Income From Continuing Operation Net Minority Interest": 3918000.0,
        "Reconciled Depreciation": 30716000.0,
        "Reconciled Cost Of Revenue": 224444000.0,
        "EBITDA": 46242000.0,
        "EBIT": 15526000.0,
        "Net Interest Income": -11193000.0,
        "Interest Expense": 11193000.0,
        "Normalized Income": 11670811.447034,
        "Net Income From Continuing And Discontinued Operation": 3918000.0,
        "Total Expenses": 280623000.0,
        "Total Operating Income As Reported": 15237000.0,
        "Diluted Average Shares": 111078000.0,
        "Basic Average Shares": 109883000.0,
        "Diluted EPS": 0.04,
        "Basic EPS": 0.04,
        "Diluted NI Availto Com Stockholders": 3918000.0,
        "Net Income Common Stockholders": 3918000.0,
        "Otherunder Preferred Stock Dividend": NaN,
        "Net Income": 3918000.0,
        "Minority Interests": NaN,
        "Net Income Including Noncontrolling Interests": 3918000.0,
        "Net Income Continuous Operations": 3918000.0,
        "Tax Provision": 415000.0,
        "Pretax Income": 4333000.0,
        "Other Income Expense": -8285000.0,
        "Other Non Operating Income Expenses": 289000.0,
        "Special Income Charges": -8574000.0,
        "Gain On Sale Of Ppe": -8574000.0,
        "Other Special Charges": NaN,
        "Net Non Operating Interest Income Expense": -11193000.0,
        "Interest Expense Non Operating": 11193000.0,
        "Operating Income": 23811000.0,
        "Operating Expense": 29207000.0,
        "Depreciation Amortization Depletion Income Statement": 3744000.0,
        "Depreciation And Amortization In Income Statement": 3744000.0,
        "Amortization": 3744000.0,
        "Amortization Of Intangibles Income Statement": 3744000.0,
        "Selling General And Administration": 25463000.0,
        "Gross Profit": 53018000.0,
        "Cost Of Revenue": 251416000.0,
        "Total Revenue": 304434000.0,
        "Operating Revenue": 304434000.0
    }
}