{
    "2023-03-31": {
        "Tax Effect Of Unusual Items": 0.0,
        "Tax Rate For Calcs": 0.0,
        "Normalized EBITDA": -35567000.0,
        "Net Income From Continuing Operation Net Minority Interest": -35174000.0,
        "Reconciled Depreciation": 1699000.0,
        "Reconciled Cost Of Revenue": 2529000.0,
        "EBITDA": -35567000.0,
        "EBIT": -37266000.0,
        "Net Interest Income": 2064000.0,
        "Interest Income": 2064000.0,
        "Normalized Income": -35174000.0,
        "Net Income From Continuing And Discontinued Operation": -35174000.0,
        "Total Expenses": 38414000.0,
        "Total Operating Income As Reported": -37266000.0,
        "Diluted Average Shares": 219627827.0,
        "Basic Average Shares": 219627827.0,
        "Diluted EPS": -0.16,
        "Basic EPS": -0.16,
        "Diluted NI Availto Com Stockholders": -35174000.0,
        "Net Income Common Stockholders": -35174000.0,
        "Net Income": -35174000.0,
        "Net Income Including Noncontrolling Interests": -35174000.0,
        "Net Income Continuous Operations": -35174000.0,
        "Tax Provision": 0.0,
        "Pretax Income": -35174000.0,
        "Other Income Expense": 28000.0,
        "Other Non Operating Income Expenses": 28000.0,
        "Net Non Operating Interest Income Expense": 2064000.0,
        "Interest Income Non Operating": 2064000.0,
        "Operating Income": -37266000.0,
        "Operating Expense": 35885000.0,
        "Research And Development": 25454000.0,
        "Selling General And Administration": 10431000.0,
        "Selling And Marketing Expense": 2598000.0,
        "General And Administrative Expense": 7833000.0,
        "Other Gand A": 7833000.0,
        "Salaries And Wages": NaN,
        "Gross Profit": -1381000.0,
        "Cost Of Revenue": 2529000.0,
        "Total Revenue": 1148000.0,
        "Operating Revenue": 1148000.0
    },
    "2022-12-31": {
        "Tax Effect Of Unusual Items": 0.0,
        "Tax Rate For Calcs": 0.0,
        "Normalized EBITDA": -42700000.0,
        "Net Income From Continuing Operation Net Minority Interest": -42674000.0,
        "Reconciled Depreciation": 1695000.0,
        "Reconciled Cost Of Revenue": 3316000.0,
        "EBITDA": -42700000.0,
        "EBIT": -44395000.0,
        "Net Interest Income": 1674000.0,
        "Interest Income": 1674000.0,
        "Normalized Income": -42674000.0,
        "Net Income From Continuing And Discontinued Operation": -42674000.0,
        "Total Expenses": 44583000.0,
        "Total Operating Income As Reported": -44395000.0,
        "Diluted Average Shares": 218407208.0,
        "Basic Average Shares": 218407208.0,
        "Diluted EPS": -0.2,
        "Basic EPS": -0.2,
        "Diluted NI Availto Com Stockholders": -42674000.0,
        "Net Income Common Stockholders": -42674000.0,
        "Net Income": -42674000.0,
        "Net Income Including Noncontrolling Interests": -42674000.0,
        "Net Income Continuous Operations": -42674000.0,
        "Tax Provision": 0.0,
        "Pretax Income": -42674000.0,
        "Other Income Expense": 47000.0,
        "Other Non Operating Income Expenses": 47000.0,
        "Net Non Operating Interest Income Expense": 1674000.0,
        "Interest Income Non Operating": 1674000.0,
        "Operating Income": -44395000.0,
        "Operating Expense": 41267000.0,
        "Research And Development": 32211000.0,
        "Selling General And Administration": 9056000.0,
        "Selling And Marketing Expense": 1628000.0,
        "General And Administrative Expense": 7428000.0,
        "Other Gand A": 7428000.0,
        "Salaries And Wages": 1421000.0,
        "Gross Profit": -3128000.0,
        "Cost Of Revenue": 3316000.0,
        "Total Revenue": 188000.0,
        "Operating Revenue": 188000.0
    },
    "2022-09-30": {
        "Tax Effect Of Unusual Items": 0.0,
        "Tax Rate For Calcs": 0.0,
        "Normalized EBITDA": -36201000.0,
        "Net Income From Continuing Operation Net Minority Interest": -36503000.0,
        "Reconciled Depreciation": 1601000.0,
        "Reconciled Cost Of Revenue": 2765000.0,
        "EBITDA": -36201000.0,
        "EBIT": -37802000.0,
        "Net Interest Income": 1164000.0,
        "Interest Income": 1164000.0,
        "Normalized Income": -36503000.0,
        "Net Income From Continuing And Discontinued Operation": -36503000.0,
        "Total Expenses": 39176000.0,
        "Total Operating Income As Reported": -37802000.0,
        "Diluted Average Shares": 217888470.0,
        "Basic Average Shares": 217888470.0,
        "Diluted EPS": -0.17,
        "Basic EPS": -0.17,
        "Diluted NI Availto Com Stockholders": -36503000.0,
        "Net Income Common Stockholders": -36503000.0,
        "Net Income": -36503000.0,
        "Net Income Including Noncontrolling Interests": -36503000.0,
        "Net Income Continuous Operations": -36503000.0,
        "Tax Provision": 0.0,
        "Pretax Income": -36503000.0,
        "Other Income Expense": 135000.0,
        "Other Non Operating Income Expenses": 135000.0,
        "Net Non Operating Interest Income Expense": 1164000.0,
        "Interest Income Non Operating": 1164000.0,
        "Operating Income": -37802000.0,
        "Operating Expense": 36411000.0,
        "Research And Development": 26123000.0,
        "Selling General And Administration": 10288000.0,
        "Selling And Marketing Expense": 2195000.0,
        "General And Administrative Expense": 8093000.0,
        "Other Gand A": 8093000.0,
        "Salaries And Wages": NaN,
        "Gross Profit": -1391000.0,
        "Cost Of Revenue": 2765000.0,
        "Total Revenue": 1374000.0,
        "Operating Revenue": 1374000.0
    },
    "2022-06-30": {
        "Tax Effect Of Unusual Items": 0.0,
        "Tax Rate For Calcs": 0.0,
        "Normalized EBITDA": -34171000.0,
        "Net Income From Continuing Operation Net Minority Interest": -34971000.0,
        "Reconciled Depreciation": 1514000.0,
        "Reconciled Cost Of Revenue": 991000.0,
        "EBITDA": -34171000.0,
        "EBIT": -35685000.0,
        "Net Interest Income": 586000.0,
        "Interest Income": 586000.0,
        "Normalized Income": -34971000.0,
        "Net Income From Continuing And Discontinued Operation": -34971000.0,
        "Total Expenses": 37178000.0,
        "Total Operating Income As Reported": -35685000.0,
        "Diluted Average Shares": 216886078.0,
        "Basic Average Shares": 216886078.0,
        "Diluted EPS": -0.16,
        "Basic EPS": -0.16,
        "Diluted NI Availto Com Stockholders": -34971000.0,
        "Net Income Common Stockholders": -34971000.0,
        "Net Income": -34971000.0,
        "Net Income Including Noncontrolling Interests": -34971000.0,
        "Net Income Continuous Operations": -34971000.0,
        "Tax Provision": 0.0,
        "Pretax Income": -34971000.0,
        "Other Income Expense": 128000.0,
        "Other Non Operating Income Expenses": 128000.0,
        "Net Non Operating Interest Income Expense": 586000.0,
        "Interest Income Non Operating": 586000.0,
        "Operating Income": -35685000.0,
        "Operating Expense": 36187000.0,
        "Research And Development": 25938000.0,
        "Selling General And Administration": 10249000.0,
        "Selling And Marketing Expense": 1271000.0,
        "General And Administrative Expense": 8978000.0,
        "Other Gand A": 7402000.0,
        "Salaries And Wages": 1576000.0,
        "Gross Profit": 502000.0,
        "Cost Of Revenue": 991000.0,
        "Total Revenue": 1493000.0,
        "Operating Revenue": 1493000.0
    },
    "2022-03-31": {
        "Diluted EPS": -0.15,
        "Total Revenue": 1,
        "Gross Profit": 0,
        "Operating Income": -34,
        "EBIT": -32,
        "Net Income": -33
    },
    "2021-12-31": {
        "Diluted EPS": -0.15,
        "Total Revenue": 3,
        "Gross Profit": 1,
        "Operating Income": -32,
        "EBIT": -30,
        "Net Income": -32
    },
    "2021-09-30": {
        "Diluted EPS": -0.13,
        "Total Revenue": 3,
        "Gross Profit": 1,
        "Operating Income": -27,
        "EBIT": -26,
        "Net Income": -27
    },
    "2021-06-30": {
        "Diluted EPS": -0.11,
        "Total Revenue": 3,
        "Gross Profit": 1,
        "Operating Income": -25,
        "EBIT": -24,
        "Net Income": -24
    },
    "2021-03-31": {
        "Diluted EPS": -0.12,
        "Total Revenue": 0,
        "Gross Profit": 0,
        "Operating Income": -20,
        "EBIT": -20,
        "Net Income": -19
    },
    "2020-12-31": {
        "Diluted EPS": -0.06,
        "Total Revenue": 1,
        "Gross Profit": 0,
        "Operating Income": -9,
        "EBIT": -9,
        "Net Income": -9
    },
    "2020-09-30": {
        "Diluted EPS": -0.03,
        "Total Revenue": 2,
        "Gross Profit": 1,
        "Operating Income": -5,
        "EBIT": -5,
        "Net Income": -5
    },
    "2020-06-30": {
        "Diluted EPS": -0.04,
        "Total Revenue": 2,
        "Gross Profit": 1,
        "Operating Income": -5,
        "EBIT": -5,
        "Net Income": -5
    },
    "2020-03-31": {
        "Diluted EPS": -0.05,
        "Total Revenue": 1,
        "Gross Profit": 0,
        "Operating Income": -7,
        "EBIT": -7,
        "Net Income": -7
    },
    "2019-09-30": {
        "Diluted EPS": 0.0,
        "Total Revenue": NaN,
        "Gross Profit": NaN,
        "Operating Income": 0,
        "EBIT": 0,
        "Net Income": 0
    },
    "2023-06-30": {
        "Tax Effect Of Unusual Items": 0.0,
        "Tax Rate For Calcs": 0.0,
        "Normalized EBITDA": -36279000.0,
        "Net Income From Continuing Operation Net Minority Interest": -35955000.0,
        "Reconciled Depreciation": 1902000.0,
        "Reconciled Cost Of Revenue": 2661000.0,
        "EBITDA": -36279000.0,
        "EBIT": -38181000.0,
        "Net Interest Income": 2225000.0,
        "Interest Income": 2225000.0,
        "Normalized Income": -35955000.0,
        "Net Income From Continuing And Discontinued Operation": -35955000.0,
        "Total Expenses": 38924000.0,
        "Total Operating Income As Reported": -38181000.0,
        "Diluted Average Shares": 220521255.0,
        "Basic Average Shares": 220521255.0,
        "Diluted EPS": -0.16,
        "Basic EPS": -0.16,
        "Diluted NI Availto Com Stockholders": -35955000.0,
        "Net Income Common Stockholders": -35955000.0,
        "Net Income": -35955000.0,
        "Net Income Including Noncontrolling Interests": -35955000.0,
        "Net Income Continuous Operations": -35955000.0,
        "Tax Provision": 0.0,
        "Pretax Income": -35955000.0,
        "Other Income Expense": 1000.0,
        "Other Non Operating Income Expenses": 1000.0,
        "Net Non Operating Interest Income Expense": 2225000.0,
        "Interest Income Non Operating": 2225000.0,
        "Operating Income": -38181000.0,
        "Operating Expense": 36263000.0,
        "Research And Development": 27065000.0,
        "Selling General And Administration": 9198000.0,
        "Selling And Marketing Expense": 1485000.0,
        "General And Administrative Expense": 7713000.0,
        "Other Gand A": 7713000.0,
        "Salaries And Wages": NaN,
        "Gross Profit": -1918000.0,
        "Cost Of Revenue": 2661000.0,
        "Total Revenue": 743000.0,
        "Operating Revenue": 743000.0
    },
    "2023-09-30": {
        "Tax Effect Of Unusual Items": 0.0,
        "Tax Rate For Calcs": 0.0,
        "Normalized EBITDA": -33674000.0,
        "Net Income From Continuing Operation Net Minority Interest": -33238000.0,
        "Reconciled Depreciation": 1822000.0,
        "Reconciled Cost Of Revenue": 2525000.0,
        "EBITDA": -33674000.0,
        "EBIT": -35496000.0,
        "Net Interest Income": 2219000.0,
        "Interest Income": 2219000.0,
        "Normalized Income": -33238000.0,
        "Net Income From Continuing And Discontinued Operation": -33238000.0,
        "Total Expenses": 36306000.0,
        "Total Operating Income As Reported": -35496000.0,
        "Diluted Average Shares": 222825819.0,
        "Basic Average Shares": 222825819.0,
        "Diluted EPS": -0.15,
        "Basic EPS": -0.15,
        "Diluted NI Availto Com Stockholders": -33238000.0,
        "Net Income Common Stockholders": -33238000.0,
        "Net Income": -33238000.0,
        "Net Income Including Noncontrolling Interests": -33238000.0,
        "Net Income Continuous Operations": -33238000.0,
        "Tax Provision": 0.0,
        "Pretax Income": -33238000.0,
        "Other Income Expense": 39000.0,
        "Other Non Operating Income Expenses": 39000.0,
        "Net Non Operating Interest Income Expense": 2219000.0,
        "Interest Income Non Operating": 2219000.0,
        "Operating Income": -35496000.0,
        "Operating Expense": 33781000.0,
        "Research And Development": 23787000.0,
        "Selling General And Administration": 9994000.0,
        "Selling And Marketing Expense": 1520000.0,
        "General And Administrative Expense": 8474000.0,
        "Other Gand A": 8474000.0,
        "Salaries And Wages": NaN,
        "Gross Profit": -1715000.0,
        "Cost Of Revenue": 2525000.0,
        "Total Revenue": 810000.0,
        "Operating Revenue": 810000.0
    }
}