{
    "2023-03-31": {
        "Tax Effect Of Unusual Items": NaN,
        "Tax Rate For Calcs": NaN,
        "Normalized EBITDA": NaN,
        "Net Income From Continuing Operation Net Minority Interest": NaN,
        "Reconciled Depreciation": NaN,
        "Reconciled Cost Of Revenue": NaN,
        "EBITDA": NaN,
        "EBIT": NaN,
        "Net Interest Income": NaN,
        "Normalized Income": NaN,
        "Net Income From Continuing And Discontinued Operation": NaN,
        "Total Expenses": NaN,
        "Total Operating Income As Reported": NaN,
        "Diluted Average Shares": 11637000.0,
        "Basic Average Shares": 11637000.0,
        "Diluted EPS": -0.17,
        "Basic EPS": -0.17,
        "Diluted NI Availto Com Stockholders": NaN,
        "Net Income Common Stockholders": NaN,
        "Net Income": NaN,
        "Net Income Including Noncontrolling Interests": NaN,
        "Net Income Continuous Operations": NaN,
        "Pretax Income": NaN,
        "Net Non Operating Interest Income Expense": NaN,
        "Total Other Finance Cost": NaN,
        "Operating Income": NaN,
        "Operating Expense": NaN,
        "Research And Development": NaN,
        "Selling General And Administration": NaN,
        "Selling And Marketing Expense": NaN,
        "General And Administrative Expense": NaN,
        "Other Gand A": NaN,
        "Gross Profit": NaN,
        "Cost Of Revenue": NaN,
        "Total Revenue": NaN,
        "Operating Revenue": NaN
    },
    "2022-12-31": {
        "Tax Effect Of Unusual Items": NaN,
        "Tax Rate For Calcs": NaN,
        "Normalized EBITDA": NaN,
        "Total Unusual Items": 0.0,
        "Total Unusual Items Excluding Goodwill": 0.0,
        "Net Income From Continuing Operation Net Minority Interest": NaN,
        "Reconciled Depreciation": NaN,
        "Reconciled Cost Of Revenue": NaN,
        "EBITDA": NaN,
        "EBIT": NaN,
        "Net Interest Income": NaN,
        "Interest Expense": 0.0,
        "Normalized Income": NaN,
        "Net Income From Continuing And Discontinued Operation": NaN,
        "Total Expenses": NaN,
        "Total Operating Income As Reported": NaN,
        "Diluted Average Shares": NaN,
        "Basic Average Shares": NaN,
        "Diluted EPS": NaN,
        "Basic EPS": NaN,
        "Diluted NI Availto Com Stockholders": NaN,
        "Net Income Common Stockholders": NaN,
        "Net Income": NaN,
        "Net Income Including Noncontrolling Interests": NaN,
        "Net Income Continuous Operations": NaN,
        "Pretax Income": NaN,
        "Special Income Charges": 0.0,
        "Net Non Operating Interest Income Expense": NaN,
        "Total Other Finance Cost": NaN,
        "Interest Expense Non Operating": 0.0,
        "Operating Income": NaN,
        "Operating Expense": NaN,
        "Research And Development": NaN,
        "Selling General And Administration": NaN,
        "Selling And Marketing Expense": NaN,
        "General And Administrative Expense": NaN,
        "Other Gand A": NaN,
        "Gross Profit": NaN,
        "Cost Of Revenue": NaN,
        "Total Revenue": NaN,
        "Operating Revenue": NaN
    },
    "2022-09-30": {
        "Tax Effect Of Unusual Items": NaN,
        "Tax Rate For Calcs": NaN,
        "Normalized EBITDA": NaN,
        "Total Unusual Items": 0.0,
        "Total Unusual Items Excluding Goodwill": 0.0,
        "Net Income From Continuing Operation Net Minority Interest": NaN,
        "Reconciled Depreciation": NaN,
        "Reconciled Cost Of Revenue": NaN,
        "EBITDA": NaN,
        "EBIT": NaN,
        "Net Interest Income": NaN,
        "Interest Expense": 1000.0,
        "Normalized Income": NaN,
        "Net Income From Continuing And Discontinued Operation": NaN,
        "Total Expenses": NaN,
        "Total Operating Income As Reported": NaN,
        "Diluted Average Shares": 11458000.0,
        "Basic Average Shares": 11458000.0,
        "Diluted EPS": -0.2,
        "Basic EPS": -0.2,
        "Diluted NI Availto Com Stockholders": NaN,
        "Net Income Common Stockholders": NaN,
        "Net Income": NaN,
        "Net Income Including Noncontrolling Interests": NaN,
        "Net Income Continuous Operations": NaN,
        "Pretax Income": NaN,
        "Special Income Charges": 0.0,
        "Net Non Operating Interest Income Expense": NaN,
        "Total Other Finance Cost": NaN,
        "Interest Expense Non Operating": 1000.0,
        "Operating Income": NaN,
        "Operating Expense": NaN,
        "Research And Development": NaN,
        "Selling General And Administration": NaN,
        "Selling And Marketing Expense": NaN,
        "General And Administrative Expense": NaN,
        "Other Gand A": NaN,
        "Gross Profit": NaN,
        "Cost Of Revenue": NaN,
        "Total Revenue": NaN,
        "Operating Revenue": NaN
    },
    "2022-06-30": {
        "Tax Effect Of Unusual Items": 0.0,
        "Tax Rate For Calcs": 0.0,
        "Normalized EBITDA": -1844000.0,
        "Total Unusual Items": 0.0,
        "Total Unusual Items Excluding Goodwill": 0.0,
        "Net Income From Continuing Operation Net Minority Interest": -2610000.0,
        "Reconciled Depreciation": 764000.0,
        "Reconciled Cost Of Revenue": 1841000.0,
        "EBITDA": -1844000.0,
        "EBIT": -2608000.0,
        "Net Interest Income": -2000.0,
        "Interest Expense": 2000.0,
        "Normalized Income": -2610000.0,
        "Net Income From Continuing And Discontinued Operation": -2610000.0,
        "Total Expenses": 10177000.0,
        "Total Operating Income As Reported": -2608000.0,
        "Diluted Average Shares": 11489000.0,
        "Basic Average Shares": 11489000.0,
        "Diluted EPS": -0.23,
        "Basic EPS": -0.23,
        "Diluted NI Availto Com Stockholders": -2610000.0,
        "Net Income Common Stockholders": -2610000.0,
        "Net Income": -2610000.0,
        "Net Income Including Noncontrolling Interests": -2610000.0,
        "Net Income Continuous Operations": -2610000.0,
        "Pretax Income": -2610000.0,
        "Special Income Charges": 0.0,
        "Net Non Operating Interest Income Expense": -2000.0,
        "Total Other Finance Cost": NaN,
        "Interest Expense Non Operating": 2000.0,
        "Operating Income": -2608000.0,
        "Operating Expense": 8336000.0,
        "Research And Development": 1406000.0,
        "Selling General And Administration": 6930000.0,
        "Selling And Marketing Expense": 3425000.0,
        "General And Administrative Expense": 3505000.0,
        "Other Gand A": 3505000.0,
        "Gross Profit": 5728000.0,
        "Cost Of Revenue": 1841000.0,
        "Total Revenue": 7569000.0,
        "Operating Revenue": 7569000.0
    },
    "2022-03-31": {
        "Diluted EPS": -0.16,
        "Total Revenue": 1,
        "Gross Profit": 0,
        "Operating Income": -25,
        "EBIT": -24,
        "Net Income": -25
    },
    "2021-12-31": {
        "Diluted EPS": -0.23,
        "Total Revenue": 2,
        "Gross Profit": 0,
        "Operating Income": -24,
        "EBIT": -23,
        "Net Income": -25
    },
    "2021-09-30": {
        "Diluted EPS": -0.15,
        "Total Revenue": 0,
        "Gross Profit": 0,
        "Operating Income": -17,
        "EBIT": -16,
        "Net Income": -17
    },
    "2021-06-30": {
        "Diluted EPS": -0.11,
        "Total Revenue": 1,
        "Gross Profit": 0,
        "Operating Income": -12,
        "EBIT": -11,
        "Net Income": -11
    },
    "2021-03-31": {
        "Diluted EPS": -0.11,
        "Total Revenue": 0,
        "Gross Profit": 0,
        "Operating Income": -11,
        "EBIT": -10,
        "Net Income": -12
    },
    "2020-12-31": {
        "Diluted EPS": -0.22,
        "Total Revenue": 0,
        "Gross Profit": 0,
        "Operating Income": -5,
        "EBIT": -4,
        "Net Income": -23
    },
    "2020-09-30": {
        "Diluted EPS": -0.04,
        "Total Revenue": 1,
        "Gross Profit": 1,
        "Operating Income": -5,
        "EBIT": -5,
        "Net Income": -4
    },
    "2020-06-30": {
        "Diluted EPS": 0.0,
        "Total Revenue": NaN,
        "Gross Profit": NaN,
        "Operating Income": NaN,
        "EBIT": NaN,
        "Net Income": NaN
    },
    "2020-03-31": {
        "Diluted EPS": 0.0,
        "Total Revenue": NaN,
        "Gross Profit": NaN,
        "Operating Income": NaN,
        "EBIT": NaN,
        "Net Income": NaN
    },
    "2019-12-31": {
        "Diluted EPS": 0.0,
        "Total Revenue": NaN,
        "Gross Profit": NaN,
        "Operating Income": NaN,
        "EBIT": NaN,
        "Net Income": NaN
    },
    "2023-06-30": {
        "Tax Effect Of Unusual Items": NaN,
        "Tax Rate For Calcs": NaN,
        "Normalized EBITDA": NaN,
        "Net Income From Continuing Operation Net Minority Interest": NaN,
        "Reconciled Depreciation": NaN,
        "Reconciled Cost Of Revenue": NaN,
        "EBITDA": NaN,
        "EBIT": NaN,
        "Net Interest Income": NaN,
        "Normalized Income": NaN,
        "Net Income From Continuing And Discontinued Operation": NaN,
        "Total Expenses": NaN,
        "Total Operating Income As Reported": NaN,
        "Diluted Average Shares": 11738000.0,
        "Basic Average Shares": 11738000.0,
        "Diluted EPS": -0.17,
        "Basic EPS": -0.17,
        "Diluted NI Availto Com Stockholders": NaN,
        "Net Income Common Stockholders": NaN,
        "Net Income": NaN,
        "Net Income Including Noncontrolling Interests": NaN,
        "Net Income Continuous Operations": NaN,
        "Pretax Income": NaN,
        "Net Non Operating Interest Income Expense": NaN,
        "Total Other Finance Cost": NaN,
        "Operating Income": NaN,
        "Operating Expense": NaN,
        "Research And Development": NaN,
        "Selling General And Administration": NaN,
        "Selling And Marketing Expense": NaN,
        "General And Administrative Expense": NaN,
        "Other Gand A": NaN,
        "Gross Profit": NaN,
        "Cost Of Revenue": NaN,
        "Total Revenue": NaN,
        "Operating Revenue": NaN
    },
    "2023-09-30": {
        "Tax Effect Of Unusual Items": 0.0,
        "Tax Rate For Calcs": 0.0,
        "Normalized EBITDA": -744000.0,
        "Net Income From Continuing Operation Net Minority Interest": -1355000.0,
        "Reconciled Depreciation": 646000.0,
        "Reconciled Cost Of Revenue": 1788000.0,
        "EBITDA": -744000.0,
        "EBIT": -1390000.0,
        "Net Interest Income": 35000.0,
        "Normalized Income": -1355000.0,
        "Net Income From Continuing And Discontinued Operation": -1355000.0,
        "Total Expenses": 9228000.0,
        "Total Operating Income As Reported": -1390000.0,
        "Diluted Average Shares": 11822000.0,
        "Basic Average Shares": 11822000.0,
        "Diluted EPS": -0.11,
        "Basic EPS": -0.11,
        "Diluted NI Availto Com Stockholders": -1355000.0,
        "Net Income Common Stockholders": -1355000.0,
        "Net Income": -1355000.0,
        "Net Income Including Noncontrolling Interests": -1355000.0,
        "Net Income Continuous Operations": -1355000.0,
        "Pretax Income": -1355000.0,
        "Net Non Operating Interest Income Expense": 35000.0,
        "Total Other Finance Cost": -35000.0,
        "Operating Income": -1390000.0,
        "Operating Expense": 7440000.0,
        "Research And Development": 1955000.0,
        "Selling General And Administration": 5485000.0,
        "Selling And Marketing Expense": 2891000.0,
        "General And Administrative Expense": 2594000.0,
        "Other Gand A": 2594000.0,
        "Gross Profit": 6050000.0,
        "Cost Of Revenue": 1788000.0,
        "Total Revenue": 7838000.0,
        "Operating Revenue": 7838000.0
    },
    "2023-12-31": {
        "Tax Effect Of Unusual Items": 0.0,
        "Tax Rate For Calcs": 0.0,
        "Normalized EBITDA": 185000.0,
        "Net Income From Continuing Operation Net Minority Interest": -533000.0,
        "Reconciled Depreciation": 678000.0,
        "Reconciled Cost Of Revenue": 1697000.0,
        "EBITDA": 185000.0,
        "EBIT": -493000.0,
        "Net Interest Income": -40000.0,
        "Normalized Income": -533000.0,
        "Net Income From Continuing And Discontinued Operation": -533000.0,
        "Total Expenses": 8363000.0,
        "Total Operating Income As Reported": -493000.0,
        "Diluted Average Shares": NaN,
        "Basic Average Shares": NaN,
        "Diluted EPS": NaN,
        "Basic EPS": NaN,
        "Diluted NI Availto Com Stockholders": -533000.0,
        "Net Income Common Stockholders": -533000.0,
        "Net Income": -533000.0,
        "Net Income Including Noncontrolling Interests": -533000.0,
        "Net Income Continuous Operations": -533000.0,
        "Pretax Income": -533000.0,
        "Net Non Operating Interest Income Expense": -40000.0,
        "Total Other Finance Cost": 40000.0,
        "Operating Income": -493000.0,
        "Operating Expense": 6666000.0,
        "Research And Development": 1255000.0,
        "Selling General And Administration": 5411000.0,
        "Selling And Marketing Expense": 2394000.0,
        "General And Administrative Expense": 3017000.0,
        "Other Gand A": 3017000.0,
        "Gross Profit": 6173000.0,
        "Cost Of Revenue": 1697000.0,
        "Total Revenue": 7870000.0,
        "Operating Revenue": 7870000.0
    },
    "2024-03-31": {
        "Tax Effect Of Unusual Items": 0.0,
        "Tax Rate For Calcs": 0.0,
        "Normalized EBITDA": 22000.0,
        "Net Income From Continuing Operation Net Minority Interest": -829000.0,
        "Reconciled Depreciation": 653000.0,
        "Reconciled Cost Of Revenue": 1761000.0,
        "EBITDA": 22000.0,
        "EBIT": -631000.0,
        "Net Interest Income": -198000.0,
        "Normalized Income": -829000.0,
        "Net Income From Continuing And Discontinued Operation": -829000.0,
        "Total Expenses": 8714000.0,
        "Total Operating Income As Reported": -631000.0,
        "Diluted Average Shares": 11709000.0,
        "Basic Average Shares": 11709000.0,
        "Diluted EPS": -0.07,
        "Basic EPS": -0.07,
        "Diluted NI Availto Com Stockholders": -829000.0,
        "Net Income Common Stockholders": -829000.0,
        "Net Income": -829000.0,
        "Net Income Including Noncontrolling Interests": -829000.0,
        "Net Income Continuous Operations": -829000.0,
        "Pretax Income": -829000.0,
        "Net Non Operating Interest Income Expense": -198000.0,
        "Total Other Finance Cost": 198000.0,
        "Operating Income": -631000.0,
        "Operating Expense": 6953000.0,
        "Research And Development": 1322000.0,
        "Selling General And Administration": 5631000.0,
        "Selling And Marketing Expense": 3003000.0,
        "General And Administrative Expense": 2628000.0,
        "Other Gand A": 2628000.0,
        "Gross Profit": 6322000.0,
        "Cost Of Revenue": 1761000.0,
        "Total Revenue": 8083000.0,
        "Operating Revenue": 8083000.0
    },
    "2024-06-30": {
        "Tax Effect Of Unusual Items": 0.0,
        "Tax Rate For Calcs": 0.0,
        "Normalized EBITDA": 155000.0,
        "Net Income From Continuing Operation Net Minority Interest": -735000.0,
        "Reconciled Depreciation": 652000.0,
        "Reconciled Cost Of Revenue": 1764000.0,
        "EBITDA": 155000.0,
        "EBIT": -497000.0,
        "Net Interest Income": -238000.0,
        "Normalized Income": -735000.0,
        "Net Income From Continuing And Discontinued Operation": -735000.0,
        "Total Expenses": 8967000.0,
        "Total Operating Income As Reported": -497000.0,
        "Diluted Average Shares": 11703000.0,
        "Basic Average Shares": 11703000.0,
        "Diluted EPS": -0.06,
        "Basic EPS": -0.06,
        "Diluted NI Availto Com Stockholders": -735000.0,
        "Net Income Common Stockholders": -735000.0,
        "Net Income": -735000.0,
        "Net Income Including Noncontrolling Interests": -735000.0,
        "Net Income Continuous Operations": -735000.0,
        "Pretax Income": -735000.0,
        "Net Non Operating Interest Income Expense": -238000.0,
        "Total Other Finance Cost": 238000.0,
        "Operating Income": -497000.0,
        "Operating Expense": 7203000.0,
        "Research And Development": 1221000.0,
        "Selling General And Administration": 5982000.0,
        "Selling And Marketing Expense": 2971000.0,
        "General And Administrative Expense": 3011000.0,
        "Other Gand A": 3011000.0,
        "Gross Profit": 6706000.0,
        "Cost Of Revenue": 1764000.0,
        "Total Revenue": 8470000.0,
        "Operating Revenue": 8470000.0
    },
    "2024-09-30": {
        "Tax Effect Of Unusual Items": 0.0,
        "Tax Rate For Calcs": 0.0,
        "Normalized EBITDA": -351000.0,
        "Net Income From Continuing Operation Net Minority Interest": -1202000.0,
        "Reconciled Depreciation": 640000.0,
        "Reconciled Cost Of Revenue": 1823000.0,
        "EBITDA": -351000.0,
        "EBIT": -991000.0,
        "Net Interest Income": -211000.0,
        "Normalized Income": -1202000.0,
        "Net Income From Continuing And Discontinued Operation": -1202000.0,
        "Total Expenses": 9916000.0,
        "Total Operating Income As Reported": -991000.0,
        "Diluted Average Shares": 11960000.0,
        "Basic Average Shares": 11960000.0,
        "Diluted EPS": -0.1,
        "Basic EPS": -0.1,
        "Diluted NI Availto Com Stockholders": -1202000.0,
        "Net Income Common Stockholders": -1202000.0,
        "Net Income": -1202000.0,
        "Net Income Including Noncontrolling Interests": -1202000.0,
        "Net Income Continuous Operations": -1202000.0,
        "Pretax Income": -1202000.0,
        "Net Non Operating Interest Income Expense": -211000.0,
        "Total Other Finance Cost": 211000.0,
        "Operating Income": -991000.0,
        "Operating Expense": 8093000.0,
        "Research And Development": 1151000.0,
        "Selling General And Administration": 6942000.0,
        "Selling And Marketing Expense": 3148000.0,
        "General And Administrative Expense": 3794000.0,
        "Other Gand A": 3794000.0,
        "Gross Profit": 7102000.0,
        "Cost Of Revenue": 1823000.0,
        "Total Revenue": 8925000.0,
        "Operating Revenue": 8925000.0
    }
}