{
    "2023-03-31": {
        "Tax Effect Of Unusual Items": -5452.812377,
        "Tax Rate For Calcs": 0.214821,
        "Normalized EBITDA": 54038.0,
        "Total Unusual Items": -25383.0,
        "Total Unusual Items Excluding Goodwill": -25383.0,
        "Net Income From Continuing Operation Net Minority Interest": -385050.0,
        "Reconciled Depreciation": 485253.0,
        "Reconciled Cost Of Revenue": 1888973.0,
        "EBITDA": 28655.0,
        "EBIT": -456598.0,
        "Net Interest Income": -88800.0,
        "Interest Expense": 33800.0,
        "Normalized Income": -365119.812377,
        "Net Income From Continuing And Discontinued Operation": -385050.0,
        "Total Expenses": 3992284.0,
        "Total Operating Income As Reported": -586273.0,
        "Diluted Average Shares": 78251844.0,
        "Basic Average Shares": 78251844.0,
        "Diluted EPS": -0.004921,
        "Basic EPS": -0.004921,
        "Diluted NI Availto Com Stockholders": -385050.0,
        "Net Income Common Stockholders": -385050.0,
        "Net Income": -385050.0,
        "Net Income Including Noncontrolling Interests": -385050.0,
        "Net Income Continuous Operations": -385050.0,
        "Tax Provision": -105348.0,
        "Pretax Income": -490398.0,
        "Other Income Expense": 95875.0,
        "Other Non Operating Income Expenses": 121258.0,
        "Special Income Charges": NaN,
        "Gain On Sale Of Ppe": NaN,
        "Gain On Sale Of Security": -25383.0,
        "Net Non Operating Interest Income Expense": -88800.0,
        "Total Other Finance Cost": 55000.0,
        "Interest Expense Non Operating": 33800.0,
        "Operating Income": -497473.0,
        "Operating Expense": 2103311.0,
        "Research And Development": 573687.0,
        "Selling General And Administration": 1529624.0,
        "Selling And Marketing Expense": 8179.0,
        "General And Administrative Expense": 1521445.0,
        "Other Gand A": 1521445.0,
        "Gross Profit": 1605838.0,
        "Cost Of Revenue": 1888973.0,
        "Total Revenue": 3494811.0,
        "Operating Revenue": 3494811.0
    },
    "2022-12-31": {
        "Tax Effect Of Unusual Items": NaN,
        "Tax Rate For Calcs": NaN,
        "Normalized EBITDA": NaN,
        "Total Unusual Items": NaN,
        "Total Unusual Items Excluding Goodwill": NaN,
        "Net Income From Continuing Operation Net Minority Interest": NaN,
        "Reconciled Depreciation": NaN,
        "Reconciled Cost Of Revenue": NaN,
        "EBITDA": NaN,
        "EBIT": NaN,
        "Net Interest Income": NaN,
        "Interest Expense": NaN,
        "Normalized Income": NaN,
        "Net Income From Continuing And Discontinued Operation": NaN,
        "Total Expenses": NaN,
        "Total Operating Income As Reported": NaN,
        "Diluted Average Shares": NaN,
        "Basic Average Shares": NaN,
        "Diluted EPS": NaN,
        "Basic EPS": NaN,
        "Diluted NI Availto Com Stockholders": NaN,
        "Net Income Common Stockholders": NaN,
        "Net Income": NaN,
        "Net Income Including Noncontrolling Interests": NaN,
        "Net Income Continuous Operations": NaN,
        "Tax Provision": NaN,
        "Pretax Income": NaN,
        "Other Income Expense": NaN,
        "Other Non Operating Income Expenses": NaN,
        "Special Income Charges": 0.0,
        "Gain On Sale Of Ppe": 0.0,
        "Gain On Sale Of Security": NaN,
        "Net Non Operating Interest Income Expense": NaN,
        "Total Other Finance Cost": 0.0,
        "Interest Expense Non Operating": NaN,
        "Operating Income": NaN,
        "Operating Expense": NaN,
        "Research And Development": NaN,
        "Selling General And Administration": NaN,
        "Selling And Marketing Expense": NaN,
        "General And Administrative Expense": NaN,
        "Other Gand A": NaN,
        "Gross Profit": NaN,
        "Cost Of Revenue": NaN,
        "Total Revenue": NaN,
        "Operating Revenue": NaN
    },
    "2022-09-30": {
        "Tax Effect Of Unusual Items": NaN,
        "Tax Rate For Calcs": NaN,
        "Normalized EBITDA": NaN,
        "Total Unusual Items": NaN,
        "Total Unusual Items Excluding Goodwill": NaN,
        "Net Income From Continuing Operation Net Minority Interest": NaN,
        "Reconciled Depreciation": NaN,
        "Reconciled Cost Of Revenue": NaN,
        "EBITDA": NaN,
        "EBIT": NaN,
        "Net Interest Income": NaN,
        "Interest Expense": NaN,
        "Normalized Income": NaN,
        "Net Income From Continuing And Discontinued Operation": NaN,
        "Total Expenses": NaN,
        "Total Operating Income As Reported": NaN,
        "Diluted Average Shares": 78817665.0,
        "Basic Average Shares": 78192923.0,
        "Diluted EPS": 0.01,
        "Basic EPS": 0.01,
        "Diluted NI Availto Com Stockholders": NaN,
        "Net Income Common Stockholders": NaN,
        "Net Income": NaN,
        "Net Income Including Noncontrolling Interests": NaN,
        "Net Income Continuous Operations": NaN,
        "Tax Provision": NaN,
        "Pretax Income": NaN,
        "Other Income Expense": NaN,
        "Other Non Operating Income Expenses": NaN,
        "Special Income Charges": 0.0,
        "Gain On Sale Of Ppe": 0.0,
        "Gain On Sale Of Security": NaN,
        "Net Non Operating Interest Income Expense": NaN,
        "Total Other Finance Cost": NaN,
        "Interest Expense Non Operating": NaN,
        "Operating Income": NaN,
        "Operating Expense": NaN,
        "Research And Development": NaN,
        "Selling General And Administration": NaN,
        "Selling And Marketing Expense": NaN,
        "General And Administrative Expense": NaN,
        "Other Gand A": NaN,
        "Gross Profit": NaN,
        "Cost Of Revenue": NaN,
        "Total Revenue": NaN,
        "Operating Revenue": NaN
    },
    "2022-06-30": {
        "Tax Effect Of Unusual Items": 0.0,
        "Tax Rate For Calcs": 0.0,
        "Normalized EBITDA": -5183000.0,
        "Total Unusual Items": 502000.0,
        "Total Unusual Items Excluding Goodwill": 502000.0,
        "Net Income From Continuing Operation Net Minority Interest": -4216000.0,
        "Reconciled Depreciation": 35000.0,
        "Reconciled Cost Of Revenue": 13000.0,
        "EBITDA": -4681000.0,
        "EBIT": -4716000.0,
        "Net Interest Income": -2000.0,
        "Interest Expense": NaN,
        "Interest Income": NaN,
        "Normalized Income": -4718000.0,
        "Net Income From Continuing And Discontinued Operation": -4216000.0,
        "Total Expenses": 4494000.0,
        "Total Operating Income As Reported": -4716000.0,
        "Diluted Average Shares": 4855876.0,
        "Basic Average Shares": 4855876.0,
        "Diluted EPS": -0.87,
        "Basic EPS": -0.87,
        "Diluted NI Availto Com Stockholders": -4216000.0,
        "Net Income Common Stockholders": -4216000.0,
        "Net Income": -4216000.0,
        "Net Income Including Noncontrolling Interests": -4216000.0,
        "Net Income Continuous Operations": -4216000.0,
        "Tax Provision": 0.0,
        "Pretax Income": -4216000.0,
        "Other Income Expense": 502000.0,
        "Special Income Charges": NaN,
        "Write Off": NaN,
        "Impairment Of Capital Assets": NaN,
        "Gain On Sale Of Security": 502000.0,
        "Net Non Operating Interest Income Expense": -2000.0,
        "Total Other Finance Cost": 2000.0,
        "Interest Expense Non Operating": NaN,
        "Interest Income Non Operating": NaN,
        "Operating Income": -4716000.0,
        "Operating Expense": 4481000.0,
        "Research And Development": 2398000.0,
        "Selling General And Administration": 2083000.0,
        "Selling And Marketing Expense": 302000.0,
        "General And Administrative Expense": 1781000.0,
        "Other Gand A": 1781000.0,
        "Gross Profit": -235000.0,
        "Cost Of Revenue": 13000.0,
        "Total Revenue": -222000.0,
        "Operating Revenue": -222000.0
    },
    "2022-03-31": {
        "Diluted EPS": -0.54,
        "Total Revenue": 2,
        "Gross Profit": 1,
        "Operating Income": -3,
        "EBIT": -4,
        "Net Income": -3
    },
    "2021-12-31": {
        "Diluted EPS": -0.49,
        "Total Revenue": 1,
        "Gross Profit": 1,
        "Operating Income": -3,
        "EBIT": -3,
        "Net Income": -3
    },
    "2021-09-30": {
        "Diluted EPS": -0.4,
        "Total Revenue": 1,
        "Gross Profit": 1,
        "Operating Income": -2,
        "EBIT": -3,
        "Net Income": -2
    },
    "2021-06-30": {
        "Diluted EPS": -0.43,
        "Total Revenue": 2,
        "Gross Profit": 2,
        "Operating Income": -2,
        "EBIT": -3,
        "Net Income": -2
    },
    "2021-03-31": {
        "Diluted EPS": -0.5,
        "Total Revenue": 2,
        "Gross Profit": 2,
        "Operating Income": -1,
        "EBIT": -2,
        "Net Income": -1
    },
    "2020-12-31": {
        "Diluted EPS": 0.25,
        "Total Revenue": 2,
        "Gross Profit": 1,
        "Operating Income": -1,
        "EBIT": 0,
        "Net Income": -1
    },
    "2020-09-30": {
        "Diluted EPS": -0.5,
        "Total Revenue": 0,
        "Gross Profit": 0,
        "Operating Income": -2,
        "EBIT": -2,
        "Net Income": -1
    },
    "2020-06-30": {
        "Diluted EPS": -3.75,
        "Total Revenue": 0,
        "Gross Profit": 0,
        "Operating Income": -1,
        "EBIT": -1,
        "Net Income": -3
    },
    "2020-03-31": {
        "Diluted EPS": 1.0,
        "Total Revenue": 1,
        "Gross Profit": 0,
        "Operating Income": -1,
        "EBIT": -1,
        "Net Income": 1
    },
    "2019-12-31": {
        "Diluted EPS": -1.0,
        "Total Revenue": 0,
        "Gross Profit": 0,
        "Operating Income": -2,
        "EBIT": -2,
        "Net Income": -1
    },
    "2019-09-30": {
        "Diluted EPS": -0.5,
        "Total Revenue": 0,
        "Gross Profit": 0,
        "Operating Income": -2,
        "EBIT": -2,
        "Net Income": 0
    },
    "2019-06-30": {
        "Diluted EPS": 0.25,
        "Total Revenue": 0,
        "Gross Profit": 0,
        "Operating Income": -4,
        "EBIT": -4,
        "Net Income": 0
    },
    "2019-03-31": {
        "Diluted EPS": -7.5,
        "Total Revenue": 0,
        "Gross Profit": 0,
        "Operating Income": -3,
        "EBIT": -3,
        "Net Income": -5
    },
    "2018-12-31": {
        "Diluted EPS": -8.0,
        "Total Revenue": 1,
        "Gross Profit": 0,
        "Operating Income": -3,
        "Net Income": -5
    },
    "2018-09-30": {
        "Diluted EPS": -3.75,
        "Total Revenue": 1,
        "Gross Profit": 0,
        "Operating Income": -3,
        "Net Income": -3
    },
    "2018-06-30": {
        "Diluted EPS": -4.0,
        "Total Revenue": 0,
        "Gross Profit": 0,
        "Operating Income": -4,
        "EBIT": -3,
        "Net Income": -3
    },
    "2018-03-31": {
        "Diluted EPS": 21.75,
        "Total Revenue": 25,
        "Gross Profit": 25,
        "Operating Income": 19,
        "EBIT": 19,
        "Net Income": 14
    },
    "2017-12-31": {
        "Diluted EPS": -0.5,
        "Total Revenue": 0,
        "Gross Profit": 0,
        "Operating Income": -4,
        "EBIT": -4,
        "Net Income": 0
    },
    "2017-09-30": {
        "Diluted EPS": -15.25,
        "Total Revenue": 0,
        "Gross Profit": 0,
        "Operating Income": -7,
        "EBIT": -7,
        "Net Income": -10
    },
    "2017-06-30": {
        "Diluted EPS": -4.5,
        "Total Revenue": 0,
        "Gross Profit": 0,
        "Operating Income": -7,
        "EBIT": -7,
        "Net Income": -3
    },
    "2017-03-31": {
        "Diluted EPS": -7.75,
        "Total Revenue": 0,
        "Gross Profit": 0,
        "Operating Income": -6,
        "EBIT": -6,
        "Net Income": -4
    },
    "2016-12-31": {
        "Diluted EPS": -18.0,
        "Total Revenue": 0,
        "Gross Profit": 0,
        "Operating Income": -8,
        "EBIT": -8,
        "Net Income": -8
    },
    "2016-09-30": {
        "Diluted EPS": -15.25,
        "Total Revenue": 0,
        "Gross Profit": 0,
        "Operating Income": -8,
        "EBIT": -8,
        "Net Income": -6
    },
    "2016-06-30": {
        "Diluted EPS": -17.75,
        "Total Revenue": 0,
        "Gross Profit": 0,
        "Operating Income": -7,
        "EBIT": -7,
        "Net Income": -7
    },
    "2016-03-31": {
        "Diluted EPS": -9.25,
        "Total Revenue": 0,
        "Gross Profit": 0,
        "Operating Income": -7,
        "EBIT": -7,
        "Net Income": -4
    },
    "2015-12-31": {
        "Diluted EPS": -36.5,
        "Total Revenue": 0,
        "Gross Profit": 0,
        "Operating Income": -10,
        "EBIT": -10,
        "Net Income": -10
    },
    "2015-09-30": {
        "Diluted EPS": -166.5,
        "Total Revenue": 0,
        "Gross Profit": 0,
        "Operating Income": -8,
        "EBIT": -8,
        "Net Income": -15
    },
    "2015-06-30": {
        "Diluted EPS": -341.25,
        "Total Revenue": 0,
        "Gross Profit": 0,
        "Operating Income": -8,
        "EBIT": -8,
        "Net Income": -15
    },
    "2015-03-31": {
        "Diluted EPS": -339.75,
        "Total Revenue": 0,
        "Gross Profit": 0,
        "Operating Income": -10,
        "EBIT": -10,
        "Net Income": -10
    },
    "2014-12-31": {
        "Diluted EPS": 150.0,
        "Total Revenue": 0,
        "Gross Profit": 0,
        "Operating Income": -11,
        "EBIT": -13,
        "Net Income": 4
    },
    "2014-09-30": {
        "Diluted EPS": -500.0,
        "Total Revenue": NaN,
        "Gross Profit": NaN,
        "Operating Income": -10,
        "EBIT": -8,
        "Net Income": -11
    },
    "2014-06-30": {
        "Diluted EPS": -225.0,
        "Total Revenue": NaN,
        "Gross Profit": NaN,
        "Operating Income": -8,
        "EBIT": -8,
        "Net Income": -5
    },
    "2014-03-31": {
        "Diluted EPS": -200.0,
        "Total Revenue": NaN,
        "Gross Profit": NaN,
        "Operating Income": -8,
        "EBIT": -8,
        "Net Income": -4
    },
    "2013-12-31": {
        "Diluted EPS": -550.0,
        "Total Revenue": NaN,
        "Gross Profit": 27,
        "Operating Income": 22,
        "EBIT": 61,
        "Net Income": -8
    },
    "2013-09-30": {
        "Diluted EPS": 325.0,
        "Total Revenue": 21,
        "Gross Profit": 12,
        "Operating Income": 3,
        "EBIT": -12,
        "Net Income": 4
    },
    "2013-06-30": {
        "Diluted EPS": 925.0,
        "Total Revenue": 30,
        "Gross Profit": 21,
        "Operating Income": 10,
        "EBIT": -15,
        "Net Income": 9
    },
    "2013-03-31": {
        "Diluted EPS": 175.0,
        "Total Revenue": 17,
        "Gross Profit": 8,
        "Operating Income": 0,
        "EBIT": 0,
        "Net Income": 2
    },
    "2012-12-31": {
        "Diluted EPS": -725.0,
        "Total Revenue": 10,
        "Gross Profit": 2,
        "Operating Income": -7,
        "EBIT": -7,
        "Net Income": -7
    },
    "2012-09-30": {
        "Diluted EPS": -875.0,
        "Total Revenue": 7,
        "Gross Profit": 2,
        "Operating Income": -6,
        "EBIT": -6,
        "Net Income": -7
    },
    "2012-06-30": {
        "Diluted EPS": 599.88,
        "Total Revenue": 7,
        "Gross Profit": 1,
        "Operating Income": -8,
        "EBIT": -9,
        "Net Income": 5
    },
    "2012-03-31": {
        "Diluted EPS": NaN,
        "Total Revenue": 10,
        "Gross Profit": 2,
        "Operating Income": -7,
        "EBIT": -5,
        "Net Income": -11
    },
    "2011-12-31": {
        "Diluted EPS": NaN,
        "Total Revenue": 13,
        "Gross Profit": 4,
        "Operating Income": -9,
        "EBIT": -6,
        "Net Income": -8
    },
    "2011-09-30": {
        "Diluted EPS": 149.97,
        "Total Revenue": 10,
        "Gross Profit": 2,
        "Operating Income": -8,
        "EBIT": -9,
        "Net Income": 1
    },
    "2011-06-30": {
        "Diluted EPS": NaN,
        "Total Revenue": 7,
        "Gross Profit": 1,
        "Operating Income": -8,
        "EBIT": -8,
        "Net Income": -11
    },
    "2011-03-31": {
        "Diluted EPS": NaN,
        "Total Revenue": 7,
        "Gross Profit": 1,
        "Operating Income": -7,
        "EBIT": -7,
        "Net Income": -10
    },
    "2010-12-31": {
        "Diluted EPS": -449.91,
        "Total Revenue": 10,
        "Gross Profit": 5,
        "Operating Income": -4,
        "EBIT": -8,
        "Net Income": -3
    },
    "2010-09-30": {
        "Diluted EPS": NaN,
        "Total Revenue": 6,
        "Gross Profit": 1,
        "Operating Income": -6,
        "EBIT": -5,
        "Net Income": -10
    },
    "2010-06-30": {
        "Diluted EPS": -899.82,
        "Total Revenue": 6,
        "Gross Profit": 1,
        "Operating Income": -8,
        "EBIT": -5,
        "Net Income": -4
    },
    "2010-03-31": {
        "Diluted EPS": NaN,
        "Total Revenue": 6,
        "Gross Profit": 2,
        "Operating Income": -7,
        "EBIT": -5,
        "Net Income": -6
    },
    "2009-12-31": {
        "Diluted EPS": NaN,
        "Total Revenue": 40,
        "Gross Profit": 36,
        "Operating Income": 11,
        "EBIT": 23,
        "Net Income": 12
    },
    "2009-09-30": {
        "Diluted EPS": NaN,
        "Total Revenue": 9,
        "Gross Profit": 4,
        "Operating Income": -10,
        "EBIT": -2,
        "Net Income": -11
    },
    "2009-06-30": {
        "Diluted EPS": NaN,
        "Total Revenue": 8,
        "Gross Profit": 4,
        "Operating Income": -12,
        "EBIT": -5,
        "Net Income": -13
    },
    "2009-03-31": {
        "Diluted EPS": NaN,
        "Total Revenue": 6,
        "Gross Profit": 2,
        "Operating Income": -13,
        "EBIT": -13,
        "Net Income": -12
    },
    "2023-06-30": {
        "Tax Effect Of Unusual Items": -11468.223472,
        "Tax Rate For Calcs": 0.214821,
        "Normalized EBITDA": -898325.0,
        "Total Unusual Items": -53385.0,
        "Total Unusual Items Excluding Goodwill": -53385.0,
        "Net Income From Continuing Operation Net Minority Interest": -1154436.0,
        "Reconciled Depreciation": 485930.0,
        "Reconciled Cost Of Revenue": 798488.0,
        "EBITDA": -951710.0,
        "EBIT": -1437640.0,
        "Net Interest Income": -32644.0,
        "Interest Expense": 32644.0,
        "Normalized Income": -1112519.223472,
        "Net Income From Continuing And Discontinued Operation": -1154436.0,
        "Total Expenses": 3363787.0,
        "Total Operating Income As Reported": -1527673.0,
        "Diluted Average Shares": 78253177.0,
        "Basic Average Shares": 78253177.0,
        "Diluted EPS": -0.01,
        "Basic EPS": -0.01,
        "Diluted NI Availto Com Stockholders": -1154436.0,
        "Net Income Common Stockholders": -1154436.0,
        "Net Income": -1154436.0,
        "Net Income Including Noncontrolling Interests": -1154436.0,
        "Net Income Continuous Operations": -1154436.0,
        "Tax Provision": -315848.0,
        "Pretax Income": -1470284.0,
        "Other Income Expense": 57389.0,
        "Other Non Operating Income Expenses": 110774.0,
        "Special Income Charges": NaN,
        "Gain On Sale Of Ppe": NaN,
        "Gain On Sale Of Security": -53385.0,
        "Net Non Operating Interest Income Expense": -32644.0,
        "Total Other Finance Cost": NaN,
        "Interest Expense Non Operating": 32644.0,
        "Operating Income": -1495029.0,
        "Operating Expense": 2565299.0,
        "Research And Development": 926775.0,
        "Selling General And Administration": 1638524.0,
        "Selling And Marketing Expense": 13458.0,
        "General And Administrative Expense": 1625066.0,
        "Other Gand A": 1625066.0,
        "Gross Profit": 1070270.0,
        "Cost Of Revenue": 798488.0,
        "Total Revenue": 1868758.0,
        "Operating Revenue": 1868758.0
    },
    "2023-09-30": {
        "Tax Effect Of Unusual Items": 17918.826083,
        "Tax Rate For Calcs": 0.214821,
        "Normalized EBITDA": -889837.0,
        "Total Unusual Items": 83413.0,
        "Total Unusual Items Excluding Goodwill": 83413.0,
        "Net Income From Continuing Operation Net Minority Interest": -1040457.0,
        "Reconciled Depreciation": 487246.0,
        "Reconciled Cost Of Revenue": 1538950.0,
        "EBITDA": -806424.0,
        "EBIT": -1293670.0,
        "Net Interest Income": -31450.0,
        "Interest Expense": 31450.0,
        "Normalized Income": -1105951.173917,
        "Net Income From Continuing And Discontinued Operation": -1040457.0,
        "Total Expenses": 4108336.0,
        "Total Operating Income As Reported": -1520813.0,
        "Diluted Average Shares": 78291438.0,
        "Basic Average Shares": 78291438.0,
        "Diluted EPS": -0.01,
        "Basic EPS": -0.01,
        "Diluted NI Availto Com Stockholders": -1040457.0,
        "Net Income Common Stockholders": -1040457.0,
        "Net Income": -1040457.0,
        "Net Income Including Noncontrolling Interests": -1040457.0,
        "Net Income Continuous Operations": -1040457.0,
        "Tax Provision": -284663.0,
        "Pretax Income": -1325120.0,
        "Other Income Expense": 195693.0,
        "Other Non Operating Income Expenses": 112280.0,
        "Special Income Charges": NaN,
        "Gain On Sale Of Ppe": NaN,
        "Gain On Sale Of Security": 83413.0,
        "Net Non Operating Interest Income Expense": -31450.0,
        "Total Other Finance Cost": NaN,
        "Interest Expense Non Operating": 31450.0,
        "Operating Income": -1489363.0,
        "Operating Expense": 2569386.0,
        "Research And Development": 584665.0,
        "Selling General And Administration": 1984721.0,
        "Selling And Marketing Expense": 11837.0,
        "General And Administrative Expense": 1972884.0,
        "Other Gand A": 1972884.0,
        "Gross Profit": 1080023.0,
        "Cost Of Revenue": 1538950.0,
        "Total Revenue": 2618973.0,
        "Operating Revenue": 2618973.0
    },
    "2023-12-31": {
        "Tax Effect Of Unusual Items": -6779.31899,
        "Tax Rate For Calcs": 0.186681,
        "Normalized EBITDA": -2063939.0,
        "Total Unusual Items": -36315.0,
        "Total Unusual Items Excluding Goodwill": -36315.0,
        "Net Income From Continuing Operation Net Minority Interest": -2129950.0,
        "Reconciled Depreciation": 488347.0,
        "Reconciled Cost Of Revenue": 1450800.0,
        "EBITDA": -2100254.0,
        "EBIT": -2588601.0,
        "Net Interest Income": 405981.0,
        "Interest Expense": 30236.0,
        "Normalized Income": -2100414.31899,
        "Net Income From Continuing And Discontinued Operation": -2129950.0,
        "Total Expenses": 4424354.0,
        "Total Operating Income As Reported": -2803732.0,
        "Diluted Average Shares": NaN,
        "Basic Average Shares": NaN,
        "Diluted EPS": NaN,
        "Basic EPS": NaN,
        "Diluted NI Availto Com Stockholders": -2129950.0,
        "Net Income Common Stockholders": -2129950.0,
        "Net Income": -2129950.0,
        "Net Income Including Noncontrolling Interests": -2129950.0,
        "Net Income Continuous Operations": -2129950.0,
        "Tax Provision": -488887.0,
        "Pretax Income": -2618837.0,
        "Other Income Expense": -251322.0,
        "Other Non Operating Income Expenses": -215007.0,
        "Special Income Charges": NaN,
        "Gain On Sale Of Ppe": NaN,
        "Gain On Sale Of Security": -36315.0,
        "Net Non Operating Interest Income Expense": 405981.0,
        "Total Other Finance Cost": 0.0,
        "Interest Expense Non Operating": 30236.0,
        "Operating Income": -2773496.0,
        "Operating Expense": 2973554.0,
        "Research And Development": 666346.0,
        "Selling General And Administration": 2307208.0,
        "Selling And Marketing Expense": 7010.0,
        "General And Administrative Expense": 2300198.0,
        "Other Gand A": 2300198.0,
        "Gross Profit": 200058.0,
        "Cost Of Revenue": 1450800.0,
        "Total Revenue": 1650858.0,
        "Operating Revenue": 1650858.0
    },
    "2024-03-31": {
        "Tax Effect Of Unusual Items": 7557.320036,
        "Tax Rate For Calcs": 0.227315,
        "Normalized EBITDA": -1965736.0,
        "Total Unusual Items": 33246.0,
        "Total Unusual Items Excluding Goodwill": 33246.0,
        "Net Income From Continuing Operation Net Minority Interest": -1890188.0,
        "Reconciled Depreciation": 484351.0,
        "Reconciled Cost Of Revenue": 1555382.0,
        "EBITDA": -1932490.0,
        "EBIT": -2416841.0,
        "Net Interest Income": -84419.0,
        "Interest Expense": 29419.0,
        "Normalized Income": -1915876.679964,
        "Net Income From Continuing And Discontinued Operation": -1890188.0,
        "Total Expenses": 5222293.0,
        "Total Operating Income As Reported": -2532924.0,
        "Diluted Average Shares": 78293177.0,
        "Basic Average Shares": 78293177.0,
        "Diluted EPS": -0.02,
        "Basic EPS": -0.02,
        "Diluted NI Availto Com Stockholders": -1890188.0,
        "Net Income Common Stockholders": -1890188.0,
        "Net Income": -1890188.0,
        "Net Income Including Noncontrolling Interests": -1890188.0,
        "Net Income Continuous Operations": -1890188.0,
        "Tax Provision": -556072.0,
        "Pretax Income": -2446260.0,
        "Other Income Expense": 86664.0,
        "Other Non Operating Income Expenses": 53418.0,
        "Special Income Charges": NaN,
        "Gain On Sale Of Ppe": NaN,
        "Gain On Sale Of Security": 33246.0,
        "Net Non Operating Interest Income Expense": -84419.0,
        "Total Other Finance Cost": 55000.0,
        "Interest Expense Non Operating": 29419.0,
        "Operating Income": -2448505.0,
        "Operating Expense": 3666911.0,
        "Research And Development": 1432824.0,
        "Selling General And Administration": 2234087.0,
        "Selling And Marketing Expense": 4559.0,
        "General And Administrative Expense": 2229528.0,
        "Other Gand A": 2229528.0,
        "Gross Profit": 1218406.0,
        "Cost Of Revenue": 1555382.0,
        "Total Revenue": 2773788.0,
        "Operating Revenue": 2773788.0
    }
}