{
    "2023-03-31": {
        "Tax Effect Of Unusual Items": 0.0,
        "Tax Rate For Calcs": 0.0,
        "Normalized EBITDA": -15938000.0,
        "Total Unusual Items": 2441000.0,
        "Total Unusual Items Excluding Goodwill": 2441000.0,
        "Net Income From Continuing Operation Net Minority Interest": -16315000.0,
        "Reconciled Depreciation": 1511000.0,
        "Reconciled Cost Of Revenue": 6790000.0,
        "EBITDA": -13497000.0,
        "EBIT": -15008000.0,
        "Net Interest Income": -454000.0,
        "Interest Expense": 1307000.0,
        "Interest Income": 853000.0,
        "Normalized Income": -18756000.0,
        "Net Income From Continuing And Discontinued Operation": -16315000.0,
        "Total Expenses": 22472000.0,
        "Total Operating Income As Reported": -17307000.0,
        "Diluted Average Shares": 28764444.0,
        "Basic Average Shares": 28764444.0,
        "Diluted EPS": -0.57,
        "Basic EPS": -0.57,
        "Diluted NI Availto Com Stockholders": -16315000.0,
        "Net Income Common Stockholders": -16315000.0,
        "Net Income": -16315000.0,
        "Net Income Including Noncontrolling Interests": -16315000.0,
        "Net Income Continuous Operations": -16315000.0,
        "Tax Provision": 0.0,
        "Pretax Income": -16315000.0,
        "Other Income Expense": 2441000.0,
        "Special Income Charges": 995000.0,
        "Gain On Sale Of Business": 1207000.0,
        "Other Special Charges": NaN,
        "Impairment Of Capital Assets": 0.0,
        "Restructuring And Mergern Acquisition": 212000.0,
        "Gain On Sale Of Security": 1446000.0,
        "Net Non Operating Interest Income Expense": -454000.0,
        "Interest Expense Non Operating": 1307000.0,
        "Interest Income Non Operating": 853000.0,
        "Operating Income": -18302000.0,
        "Operating Expense": 15682000.0,
        "Research And Development": 6117000.0,
        "Selling General And Administration": 9565000.0,
        "Gross Profit": -2620000.0,
        "Cost Of Revenue": 6790000.0,
        "Total Revenue": 4170000.0,
        "Operating Revenue": 4170000.0
    },
    "2022-12-31": {
        "Tax Effect Of Unusual Items": 189091.24424,
        "Tax Rate For Calcs": 0.005398,
        "Normalized EBITDA": -18499000.0,
        "Total Unusual Items": 35028000.0,
        "Total Unusual Items Excluding Goodwill": 35028000.0,
        "Net Income From Continuing Operation Net Minority Interest": 15108000.0,
        "Reconciled Depreciation": 1626000.0,
        "Reconciled Cost Of Revenue": 8321000.0,
        "EBITDA": 16529000.0,
        "EBIT": 16529000.0,
        "Net Interest Income": -763000.0,
        "Interest Expense": 1339000.0,
        "Interest Income": 576000.0,
        "Normalized Income": -19730908.75576,
        "Net Income From Continuing And Discontinued Operation": 15108000.0,
        "Total Expenses": 24037000.0,
        "Total Operating Income As Reported": 16824000.0,
        "Diluted Average Shares": 28471391.0,
        "Basic Average Shares": 28471391.0,
        "Diluted EPS": 0.41,
        "Basic EPS": 0.53,
        "Diluted NI Availto Com Stockholders": 15108000.0,
        "Net Income Common Stockholders": 15108000.0,
        "Net Income": 15108000.0,
        "Net Income Including Noncontrolling Interests": 15108000.0,
        "Net Income Continuous Operations": 15108000.0,
        "Tax Provision": 82000.0,
        "Pretax Income": 15190000.0,
        "Other Income Expense": 35028000.0,
        "Special Income Charges": 35899000.0,
        "Gain On Sale Of Business": 35890000.0,
        "Other Special Charges": 0.0,
        "Impairment Of Capital Assets": 0.0,
        "Restructuring And Mergern Acquisition": -9000.0,
        "Gain On Sale Of Security": -871000.0,
        "Net Non Operating Interest Income Expense": -763000.0,
        "Interest Expense Non Operating": 1339000.0,
        "Interest Income Non Operating": 576000.0,
        "Operating Income": -19075000.0,
        "Operating Expense": 15716000.0,
        "Research And Development": 6269000.0,
        "Selling General And Administration": 9447000.0,
        "Gross Profit": -3359000.0,
        "Cost Of Revenue": 8321000.0,
        "Total Revenue": 4962000.0,
        "Operating Revenue": 4962000.0
    },
    "2022-09-30": {
        "Tax Effect Of Unusual Items": 0.0,
        "Tax Rate For Calcs": 0.0,
        "Normalized EBITDA": -16974000.0,
        "Total Unusual Items": -625000.0,
        "Total Unusual Items Excluding Goodwill": -625000.0,
        "Net Income From Continuing Operation Net Minority Interest": -20425000.0,
        "Reconciled Depreciation": 1717000.0,
        "Reconciled Cost Of Revenue": 6951000.0,
        "EBITDA": -17599000.0,
        "EBIT": -19316000.0,
        "Net Interest Income": -868000.0,
        "Interest Expense": 1109000.0,
        "Interest Income": 241000.0,
        "Normalized Income": -19800000.0,
        "Net Income From Continuing And Discontinued Operation": -20425000.0,
        "Total Expenses": 22576000.0,
        "Total Operating Income As Reported": -20461000.0,
        "Diluted Average Shares": 28359516.0,
        "Basic Average Shares": 28359516.0,
        "Diluted EPS": -0.72,
        "Basic EPS": -0.72,
        "Diluted NI Availto Com Stockholders": -20425000.0,
        "Net Income Common Stockholders": -20425000.0,
        "Net Income": -20425000.0,
        "Net Income Including Noncontrolling Interests": -20425000.0,
        "Net Income Continuous Operations": -20425000.0,
        "Tax Provision": 0.0,
        "Pretax Income": -20425000.0,
        "Other Income Expense": -625000.0,
        "Special Income Charges": -1529000.0,
        "Gain On Sale Of Business": 0.0,
        "Other Special Charges": NaN,
        "Impairment Of Capital Assets": 0.0,
        "Restructuring And Mergern Acquisition": 1529000.0,
        "Gain On Sale Of Security": 904000.0,
        "Net Non Operating Interest Income Expense": -868000.0,
        "Interest Expense Non Operating": 1109000.0,
        "Interest Income Non Operating": 241000.0,
        "Operating Income": -18932000.0,
        "Operating Expense": 15625000.0,
        "Research And Development": 5946000.0,
        "Selling General And Administration": 9679000.0,
        "Gross Profit": -3307000.0,
        "Cost Of Revenue": 6951000.0,
        "Total Revenue": 3644000.0,
        "Operating Revenue": 3644000.0
    },
    "2022-06-30": {
        "Tax Effect Of Unusual Items": 0.0,
        "Tax Rate For Calcs": 0.0,
        "Normalized EBITDA": -25773000.0,
        "Total Unusual Items": 34680000.0,
        "Total Unusual Items Excluding Goodwill": 34680000.0,
        "Net Income From Continuing Operation Net Minority Interest": 5718000.0,
        "Reconciled Depreciation": 1899000.0,
        "Reconciled Cost Of Revenue": 9697000.0,
        "EBITDA": 8907000.0,
        "EBIT": 7008000.0,
        "Net Interest Income": -1263000.0,
        "Interest Expense": 1290000.0,
        "Interest Income": 27000.0,
        "Normalized Income": -28962000.0,
        "Net Income From Continuing And Discontinued Operation": 5718000.0,
        "Total Expenses": 31775000.0,
        "Total Operating Income As Reported": 14928000.0,
        "Diluted Average Shares": 28349429.0,
        "Basic Average Shares": 28339362.0,
        "Diluted EPS": 0.16,
        "Basic EPS": 0.16,
        "Diluted NI Availto Com Stockholders": 5718000.0,
        "Net Income Common Stockholders": 5718000.0,
        "Net Income": 5718000.0,
        "Net Income Including Noncontrolling Interests": 5718000.0,
        "Net Income Continuous Operations": 5718000.0,
        "Tax Provision": 0.0,
        "Pretax Income": 5718000.0,
        "Other Income Expense": 34680000.0,
        "Special Income Charges": 34680000.0,
        "Gain On Sale Of Business": 43575000.0,
        "Other Special Charges": 7947000.0,
        "Impairment Of Capital Assets": 0.0,
        "Restructuring And Mergern Acquisition": 948000.0,
        "Gain On Sale Of Security": NaN,
        "Net Non Operating Interest Income Expense": -1263000.0,
        "Interest Expense Non Operating": 1290000.0,
        "Interest Income Non Operating": 27000.0,
        "Operating Income": -27699000.0,
        "Operating Expense": 22078000.0,
        "Research And Development": 7935000.0,
        "Selling General And Administration": 14143000.0,
        "Gross Profit": -5621000.0,
        "Cost Of Revenue": 9697000.0,
        "Total Revenue": 4076000.0,
        "Operating Revenue": 4076000.0
    },
    "2022-03-31": {
        "Diluted EPS": -1.42,
        "Total Revenue": 4,
        "Gross Profit": -3,
        "Operating Income": -39,
        "EBIT": -24,
        "Net Income": -40
    },
    "2021-12-31": {
        "Diluted EPS": -1.11,
        "Total Revenue": 4,
        "Gross Profit": -6,
        "Operating Income": -30,
        "EBIT": -28,
        "Net Income": -31
    },
    "2021-09-30": {
        "Diluted EPS": -0.94,
        "Total Revenue": 5,
        "Gross Profit": -4,
        "Operating Income": -27,
        "EBIT": -25,
        "Net Income": -29
    },
    "2021-06-30": {
        "Diluted EPS": -1.02,
        "Total Revenue": 5,
        "Gross Profit": -3,
        "Operating Income": -27,
        "EBIT": -25,
        "Net Income": -29
    },
    "2021-03-31": {
        "Diluted EPS": -1.04,
        "Total Revenue": 4,
        "Gross Profit": -3,
        "Operating Income": -28,
        "EBIT": -26,
        "Net Income": -29
    },
    "2020-12-31": {
        "Diluted EPS": 51.09,
        "Total Revenue": 3,
        "Gross Profit": -2,
        "Operating Income": -28,
        "EBIT": -26,
        "Net Income": -29
    },
    "2020-09-30": {
        "Diluted EPS": -1.95,
        "Total Revenue": 3,
        "Gross Profit": -2,
        "Operating Income": -26,
        "EBIT": -25,
        "Net Income": -31
    },
    "2020-06-30": {
        "Diluted EPS": -32.24,
        "Total Revenue": 1,
        "Gross Profit": -2,
        "Operating Income": -19,
        "EBIT": -18,
        "Net Income": -23
    },
    "2020-03-31": {
        "Diluted EPS": -25.84,
        "Total Revenue": 2,
        "Gross Profit": -2,
        "Operating Income": -18,
        "EBIT": -17,
        "Net Income": -18
    },
    "2019-12-31": {
        "Diluted EPS": -29.12,
        "Total Revenue": 1,
        "Gross Profit": -2,
        "Operating Income": -18,
        "EBIT": -17,
        "Net Income": -20
    },
    "2019-09-30": {
        "Diluted EPS": -47.21,
        "Total Revenue": 1,
        "Gross Profit": -2,
        "Operating Income": -31,
        "EBIT": -30,
        "Net Income": -32
    },
    "2019-06-30": {
        "Diluted EPS": -45.7,
        "Total Revenue": 1,
        "Gross Profit": -2,
        "Operating Income": -14,
        "EBIT": -1,
        "Net Income": -30
    },
    "2019-03-31": {
        "Diluted EPS": -22.38,
        "Total Revenue": 1,
        "Gross Profit": -1,
        "Operating Income": -10,
        "EBIT": -4,
        "Net Income": -15
    },
    "2018-12-31": {
        "Diluted EPS": 0.0,
        "Total Revenue": NaN,
        "Gross Profit": NaN,
        "Operating Income": NaN,
        "EBIT": NaN,
        "Net Income": NaN
    },
    "2023-06-30": {
        "Tax Effect Of Unusual Items": 0.0,
        "Tax Rate For Calcs": 0.0,
        "Normalized EBITDA": -16632000.0,
        "Total Unusual Items": 1082000.0,
        "Total Unusual Items Excluding Goodwill": 1082000.0,
        "Net Income From Continuing Operation Net Minority Interest": -18346000.0,
        "Reconciled Depreciation": 1401000.0,
        "Reconciled Cost Of Revenue": 8063000.0,
        "EBITDA": -15550000.0,
        "EBIT": -16951000.0,
        "Net Interest Income": -571000.0,
        "Interest Expense": 1395000.0,
        "Interest Income": 824000.0,
        "Normalized Income": -19428000.0,
        "Net Income From Continuing And Discontinued Operation": -18346000.0,
        "Total Expenses": 24146000.0,
        "Total Operating Income As Reported": -17171000.0,
        "Diluted Average Shares": 29039732.0,
        "Basic Average Shares": 29039732.0,
        "Diluted EPS": -0.63,
        "Basic EPS": -0.63,
        "Diluted NI Availto Com Stockholders": -18346000.0,
        "Net Income Common Stockholders": -18346000.0,
        "Net Income": -18346000.0,
        "Net Income Including Noncontrolling Interests": -18346000.0,
        "Net Income Continuous Operations": -18346000.0,
        "Tax Provision": 0.0,
        "Pretax Income": -18346000.0,
        "Other Income Expense": 1082000.0,
        "Special Income Charges": 1686000.0,
        "Gain On Sale Of Business": 2072000.0,
        "Other Special Charges": NaN,
        "Impairment Of Capital Assets": 0.0,
        "Restructuring And Mergern Acquisition": 386000.0,
        "Gain On Sale Of Security": -604000.0,
        "Net Non Operating Interest Income Expense": -571000.0,
        "Interest Expense Non Operating": 1395000.0,
        "Interest Income Non Operating": 824000.0,
        "Operating Income": -18857000.0,
        "Operating Expense": 16083000.0,
        "Research And Development": 6799000.0,
        "Selling General And Administration": 9284000.0,
        "Gross Profit": -2774000.0,
        "Cost Of Revenue": 8063000.0,
        "Total Revenue": 5289000.0,
        "Operating Revenue": 5289000.0
    }
}