{
    "2023-03-31": {
        "Tax Effect Of Unusual Items": NaN,
        "Tax Rate For Calcs": NaN,
        "Net Income From Continuing Operation Net Minority Interest": NaN,
        "EBIT": NaN,
        "Net Interest Income": NaN,
        "Interest Expense": NaN,
        "Normalized Income": NaN,
        "Net Income From Continuing And Discontinued Operation": NaN,
        "Total Expenses": NaN,
        "Diluted Average Shares": NaN,
        "Basic Average Shares": NaN,
        "Diluted EPS": NaN,
        "Basic EPS": NaN,
        "Diluted NI Availto Com Stockholders": NaN,
        "Net Income Common Stockholders": NaN,
        "Net Income": NaN,
        "Net Income Including Noncontrolling Interests": NaN,
        "Net Income Continuous Operations": NaN,
        "Tax Provision": NaN,
        "Pretax Income": NaN,
        "Other Income Expense": NaN,
        "Net Non Operating Interest Income Expense": NaN,
        "Interest Expense Non Operating": NaN,
        "Other Operating Expenses": NaN,
        "Total Revenue": NaN,
        "Operating Revenue": NaN,
        "Loss Adjustment Expense": NaN,
        "Net Policyholder Benefits And Claims": NaN,
        "Policyholder Benefits Gross": 3029000000.0,
        "Policyholder Benefits Ceded": 104000000.0
    },
    "2022-12-31": {
        "Tax Effect Of Unusual Items": NaN,
        "Tax Rate For Calcs": NaN,
        "Net Income From Continuing Operation Net Minority Interest": NaN,
        "EBIT": NaN,
        "Net Interest Income": NaN,
        "Interest Expense": NaN,
        "Normalized Income": NaN,
        "Net Income From Continuing And Discontinued Operation": NaN,
        "Total Expenses": NaN,
        "Diluted Average Shares": NaN,
        "Basic Average Shares": NaN,
        "Diluted EPS": NaN,
        "Basic EPS": NaN,
        "Diluted NI Availto Com Stockholders": NaN,
        "Net Income Common Stockholders": NaN,
        "Net Income": NaN,
        "Net Income Including Noncontrolling Interests": NaN,
        "Net Income Continuous Operations": NaN,
        "Tax Provision": NaN,
        "Pretax Income": NaN,
        "Other Income Expense": NaN,
        "Net Non Operating Interest Income Expense": NaN,
        "Interest Expense Non Operating": NaN,
        "Other Operating Expenses": NaN,
        "Total Revenue": NaN,
        "Operating Revenue": NaN,
        "Loss Adjustment Expense": NaN,
        "Net Policyholder Benefits And Claims": NaN,
        "Policyholder Benefits Gross": 2934000000.0,
        "Policyholder Benefits Ceded": 68000000.0
    },
    "2022-09-30": {
        "Tax Effect Of Unusual Items": 0.0,
        "Tax Rate For Calcs": 0.21,
        "Net Income From Continuing Operation Net Minority Interest": 1596000000.0,
        "EBIT": 1162000000.0,
        "Net Interest Income": -59000000.0,
        "Interest Expense": 59000000.0,
        "Normalized Income": 1596000000.0,
        "Net Income From Continuing And Discontinued Operation": 1596000000.0,
        "Total Expenses": 3717000000.0,
        "Diluted Average Shares": 631946000.0,
        "Basic Average Shares": 629350000.0,
        "Diluted EPS": 2.82,
        "Basic EPS": 2.83,
        "Diluted NI Availto Com Stockholders": 1596000000.0,
        "Net Income Common Stockholders": 1596000000.0,
        "Net Income": 1596000000.0,
        "Net Income Including Noncontrolling Interests": 1596000000.0,
        "Net Income Continuous Operations": 1596000000.0,
        "Tax Provision": -493000000.0,
        "Pretax Income": 1103000000.0,
        "Other Income Expense": 50000000.0,
        "Net Non Operating Interest Income Expense": -59000000.0,
        "Interest Expense Non Operating": 59000000.0,
        "Other Operating Expenses": 7000000.0,
        "Total Revenue": 4820000000.0,
        "Operating Revenue": 4820000000.0
    },
    "2022-06-30": {
        "Tax Effect Of Unusual Items": 0.0,
        "Tax Rate For Calcs": 0.184,
        "Net Income From Continuing Operation Net Minority Interest": 1388000000.0,
        "EBIT": 1756000000.0,
        "Net Interest Income": -55000000.0,
        "Interest Expense": 55000000.0,
        "Normalized Income": 1388000000.0,
        "Net Income From Continuing And Discontinued Operation": 1388000000.0,
        "Total Expenses": 3699000000.0,
        "Diluted Average Shares": 643243000.0,
        "Basic Average Shares": 640707000.0,
        "Diluted EPS": 2.17,
        "Basic EPS": 2.18,
        "Diluted NI Availto Com Stockholders": 1388000000.0,
        "Net Income Common Stockholders": 1388000000.0,
        "Net Income": 1388000000.0,
        "Net Income Including Noncontrolling Interests": 1388000000.0,
        "Net Income Continuous Operations": 1388000000.0,
        "Tax Provision": 313000000.0,
        "Pretax Income": 1701000000.0,
        "Other Income Expense": NaN,
        "Net Non Operating Interest Income Expense": -55000000.0,
        "Interest Expense Non Operating": 55000000.0,
        "Other Operating Expenses": -50000000.0,
        "Total Revenue": 5400000000.0,
        "Operating Revenue": 5400000000.0
    },
    "2023-06-30": {
        "Tax Effect Of Unusual Items": NaN,
        "Tax Rate For Calcs": NaN,
        "Net Income From Continuing Operation Net Minority Interest": NaN,
        "EBIT": NaN,
        "Net Interest Income": NaN,
        "Interest Expense": NaN,
        "Normalized Income": NaN,
        "Net Income From Continuing And Discontinued Operation": NaN,
        "Total Expenses": NaN,
        "Diluted Average Shares": NaN,
        "Basic Average Shares": NaN,
        "Diluted EPS": NaN,
        "Basic EPS": NaN,
        "Diluted NI Availto Com Stockholders": NaN,
        "Net Income Common Stockholders": NaN,
        "Net Income": NaN,
        "Net Income Including Noncontrolling Interests": NaN,
        "Net Income Continuous Operations": NaN,
        "Tax Provision": NaN,
        "Pretax Income": NaN,
        "Other Income Expense": NaN,
        "Net Non Operating Interest Income Expense": NaN,
        "Interest Expense Non Operating": NaN,
        "Other Operating Expenses": NaN,
        "Total Revenue": NaN,
        "Operating Revenue": NaN,
        "Loss Adjustment Expense": NaN,
        "Net Policyholder Benefits And Claims": NaN,
        "Policyholder Benefits Gross": 2894000000.0,
        "Policyholder Benefits Ceded": 68000000.0
    },
    "2022-03-31": {
        "Diluted EPS": 1.6,
        "Total Revenue": NaN,
        "Gross Profit": NaN,
        "Operating Income": NaN,
        "EBIT": NaN,
        "Net Income": NaN
    },
    "2021-12-31": {
        "Diluted EPS": 1.58,
        "Total Revenue": NaN,
        "Gross Profit": NaN,
        "Operating Income": NaN,
        "EBIT": NaN,
        "Net Income": NaN
    },
    "2021-09-30": {
        "Diluted EPS": 1.32,
        "Total Revenue": NaN,
        "Gross Profit": NaN,
        "Operating Income": NaN,
        "EBIT": NaN,
        "Net Income": 888
    },
    "2021-06-30": {
        "Diluted EPS": 1.62,
        "Total Revenue": NaN,
        "Gross Profit": NaN,
        "Operating Income": NaN,
        "EBIT": NaN,
        "Net Income": NaN
    },
    "2021-03-31": {
        "Diluted EPS": 1.87,
        "Total Revenue": NaN,
        "Gross Profit": NaN,
        "Operating Income": NaN,
        "EBIT": NaN,
        "Net Income": NaN
    },
    "2020-12-31": {
        "Diluted EPS": 1.33,
        "Total Revenue": NaN,
        "Gross Profit": NaN,
        "Operating Income": NaN,
        "EBIT": NaN,
        "Net Income": 951
    },
    "2020-09-30": {
        "Diluted EPS": 3.44,
        "Total Revenue": NaN,
        "Gross Profit": NaN,
        "Operating Income": NaN,
        "EBIT": NaN,
        "Net Income": NaN
    },
    "2020-06-30": {
        "Diluted EPS": 1.12,
        "Total Revenue": NaN,
        "Gross Profit": NaN,
        "Operating Income": NaN,
        "EBIT": NaN,
        "Net Income": 805
    },
    "2020-03-31": {
        "Diluted EPS": 0.78,
        "Total Revenue": NaN,
        "Gross Profit": NaN,
        "Operating Income": 720,
        "EBIT": NaN,
        "Net Income": 566
    },
    "2019-12-31": {
        "Diluted EPS": 1.07,
        "Total Revenue": NaN,
        "Gross Profit": NaN,
        "Operating Income": NaN,
        "EBIT": NaN,
        "Net Income": 782
    },
    "2019-09-30": {
        "Diluted EPS": 1.04,
        "Total Revenue": NaN,
        "Gross Profit": NaN,
        "Operating Income": NaN,
        "EBIT": NaN,
        "Net Income": 777
    },
    "2019-06-30": {
        "Diluted EPS": 1.09,
        "Total Revenue": NaN,
        "Gross Profit": NaN,
        "Operating Income": NaN,
        "EBIT": NaN,
        "Net Income": 817
    },
    "2019-03-31": {
        "Diluted EPS": 1.23,
        "Total Revenue": NaN,
        "Gross Profit": NaN,
        "Operating Income": NaN,
        "EBIT": NaN,
        "Net Income": 928
    },
    "2018-12-31": {
        "Diluted EPS": 0.7,
        "Total Revenue": NaN,
        "Gross Profit": NaN,
        "Operating Income": 724,
        "EBIT": NaN,
        "Net Income": 526
    },
    "2018-09-30": {
        "Diluted EPS": 1.09,
        "Total Revenue": NaN,
        "Gross Profit": NaN,
        "Operating Income": NaN,
        "EBIT": NaN,
        "Net Income": 845
    },
    "2018-06-30": {
        "Diluted EPS": 1.07,
        "Total Revenue": NaN,
        "Gross Profit": NaN,
        "Operating Income": NaN,
        "EBIT": NaN,
        "Net Income": 832
    },
    "2018-03-31": {
        "Diluted EPS": 0.91,
        "Total Revenue": NaN,
        "Gross Profit": NaN,
        "Operating Income": 982,
        "EBIT": NaN,
        "Net Income": 717
    },
    "2017-12-31": {
        "Diluted EPS": 3.25,
        "Total Revenue": NaN,
        "Gross Profit": NaN,
        "Operating Income": NaN,
        "EBIT": NaN,
        "Net Income": NaN
    },
    "2017-09-30": {
        "Diluted EPS": 0.9,
        "Total Revenue": NaN,
        "Gross Profit": NaN,
        "Operating Income": NaN,
        "EBIT": NaN,
        "Net Income": 716
    },
    "2017-06-30": {
        "Diluted EPS": 0.89,
        "Total Revenue": NaN,
        "Gross Profit": NaN,
        "Operating Income": NaN,
        "EBIT": NaN,
        "Net Income": 713
    },
    "2017-03-31": {
        "Diluted EPS": 0.73,
        "Total Revenue": NaN,
        "Gross Profit": NaN,
        "Operating Income": 898,
        "EBIT": NaN,
        "Net Income": 592
    },
    "2016-12-31": {
        "Diluted EPS": 0.92,
        "Total Revenue": NaN,
        "Gross Profit": NaN,
        "Operating Income": NaN,
        "EBIT": NaN,
        "Net Income": 751
    },
    "2016-09-30": {
        "Diluted EPS": 0.77,
        "Total Revenue": NaN,
        "Gross Profit": NaN,
        "Operating Income": 963,
        "EBIT": NaN,
        "Net Income": 629
    },
    "2016-06-30": {
        "Diluted EPS": 0.66,
        "Total Revenue": NaN,
        "Gross Profit": NaN,
        "Operating Income": 834,
        "EBIT": 900,
        "Net Income": 548
    },
    "2016-03-31": {
        "Diluted EPS": 0.87,
        "Total Revenue": NaN,
        "Gross Profit": NaN,
        "Operating Income": NaN,
        "EBIT": NaN,
        "Net Income": 731
    },
    "2015-12-31": {
        "Diluted EPS": 0.85,
        "Total Revenue": NaN,
        "Gross Profit": NaN,
        "Operating Income": NaN,
        "EBIT": NaN,
        "Net Income": 730
    },
    "2015-09-30": {
        "Diluted EPS": 0.66,
        "Total Revenue": NaN,
        "Gross Profit": NaN,
        "Operating Income": 864,
        "EBIT": 931,
        "Net Income": 567
    },
    "2015-06-30": {
        "Diluted EPS": 0.66,
        "Total Revenue": NaN,
        "Gross Profit": NaN,
        "Operating Income": 874,
        "EBIT": 948,
        "Net Income": 573
    },
    "2015-03-31": {
        "Diluted EPS": 0.76,
        "Total Revenue": NaN,
        "Gross Profit": NaN,
        "Operating Income": NaN,
        "EBIT": NaN,
        "Net Income": 663
    },
    "2014-12-31": {
        "Diluted EPS": 0.78,
        "Total Revenue": NaN,
        "Gross Profit": NaN,
        "Operating Income": NaN,
        "EBIT": NaN,
        "Net Income": 703
    },
    "2014-09-30": {
        "Diluted EPS": 0.78,
        "Total Revenue": NaN,
        "Gross Profit": NaN,
        "Operating Income": NaN,
        "EBIT": NaN,
        "Net Income": 706
    },
    "2014-06-30": {
        "Diluted EPS": 0.89,
        "Total Revenue": NaN,
        "Gross Profit": NaN,
        "Operating Income": NaN,
        "EBIT": NaN,
        "Net Income": 810
    },
    "2014-03-31": {
        "Diluted EPS": 0.8,
        "Total Revenue": NaN,
        "Gross Profit": NaN,
        "Operating Income": NaN,
        "EBIT": NaN,
        "Net Income": 732
    },
    "2013-12-31": {
        "Diluted EPS": 0.73,
        "Total Revenue": NaN,
        "Gross Profit": NaN,
        "Operating Income": NaN,
        "EBIT": NaN,
        "Net Income": 675
    },
    "2013-09-30": {
        "Diluted EPS": 0.75,
        "Total Revenue": NaN,
        "Gross Profit": NaN,
        "Operating Income": NaN,
        "EBIT": NaN,
        "Net Income": 702
    },
    "2013-06-30": {
        "Diluted EPS": 0.95,
        "Total Revenue": NaN,
        "Gross Profit": NaN,
        "Operating Income": NaN,
        "EBIT": NaN,
        "Net Income": 889
    },
    "2013-03-31": {
        "Diluted EPS": 0.95,
        "Total Revenue": NaN,
        "Gross Profit": NaN,
        "Operating Income": NaN,
        "EBIT": NaN,
        "Net Income": 892
    },
    "2012-12-31": {
        "Diluted EPS": 0.62,
        "Total Revenue": NaN,
        "Gross Profit": NaN,
        "Operating Income": 879,
        "EBIT": 954,
        "Net Income": 581
    },
    "2012-09-30": {
        "Diluted EPS": 1.08,
        "Total Revenue": NaN,
        "Gross Profit": NaN,
        "Operating Income": NaN,
        "EBIT": NaN,
        "Net Income": NaN
    },
    "2012-06-30": {
        "Diluted EPS": 0.52,
        "Total Revenue": NaN,
        "Gross Profit": NaN,
        "Operating Income": 741,
        "EBIT": 803,
        "Net Income": 483
    },
    "2012-03-31": {
        "Diluted EPS": 0.84,
        "Total Revenue": NaN,
        "Gross Profit": NaN,
        "Operating Income": NaN,
        "EBIT": NaN,
        "Net Income": 785
    },
    "2011-12-31": {
        "Diluted EPS": 0.57,
        "Total Revenue": NaN,
        "Gross Profit": NaN,
        "Operating Income": 823,
        "EBIT": 876,
        "Net Income": 538
    },
    "2011-09-30": {
        "Diluted EPS": 0.79,
        "Total Revenue": NaN,
        "Gross Profit": NaN,
        "Operating Income": NaN,
        "EBIT": NaN,
        "Net Income": 736
    },
    "2011-06-30": {
        "Diluted EPS": 0.29,
        "Total Revenue": NaN,
        "Gross Profit": NaN,
        "Operating Income": 444,
        "EBIT": 490,
        "Net Income": 274
    },
    "2011-03-31": {
        "Diluted EPS": 0.42,
        "Total Revenue": NaN,
        "Gross Profit": NaN,
        "Operating Income": 591,
        "EBIT": 636,
        "Net Income": 389
    },
    "2010-12-31": {
        "Diluted EPS": 0.44,
        "Total Revenue": NaN,
        "Gross Profit": NaN,
        "Operating Income": 643,
        "EBIT": 687,
        "Net Income": 421
    },
    "2010-09-30": {
        "Diluted EPS": 0.73,
        "Total Revenue": NaN,
        "Gross Profit": NaN,
        "Operating Income": NaN,
        "EBIT": NaN,
        "Net Income": 690
    },
    "2010-06-30": {
        "Diluted EPS": 0.62,
        "Total Revenue": NaN,
        "Gross Profit": NaN,
        "Operating Income": 889,
        "EBIT": 922,
        "Net Income": 581
    },
    "2010-03-31": {
        "Diluted EPS": 0.68,
        "Total Revenue": NaN,
        "Gross Profit": NaN,
        "Operating Income": 974,
        "EBIT": NaN,
        "Net Income": 636
    },
    "2009-12-31": {
        "Diluted EPS": 0.27,
        "Total Revenue": NaN,
        "Gross Profit": NaN,
        "Operating Income": 342,
        "EBIT": -81,
        "Net Income": 251
    },
    "2009-09-30": {
        "Diluted EPS": 0.39,
        "Total Revenue": NaN,
        "Gross Profit": NaN,
        "Operating Income": 549,
        "EBIT": 574,
        "Net Income": 363
    },
    "2009-06-30": {
        "Diluted EPS": 0.34,
        "Total Revenue": NaN,
        "Gross Profit": NaN,
        "Operating Income": 473,
        "EBIT": 935,
        "Net Income": 314
    },
    "2009-03-31": {
        "Diluted EPS": 0.61,
        "Total Revenue": NaN,
        "Gross Profit": NaN,
        "Operating Income": 871,
        "EBIT": 879,
        "Net Income": 569
    },
    "2023-09-30": {
        "Tax Effect Of Unusual Items": 0.0,
        "Tax Rate For Calcs": 0.131,
        "Net Income From Continuing Operation Net Minority Interest": 1569000000.0,
        "EBIT": 1854000000.0,
        "Net Interest Income": -49000000.0,
        "Interest Expense": 49000000.0,
        "Normalized Income": 1569000000.0,
        "Net Income From Continuing And Discontinued Operation": 1569000000.0,
        "Total Expenses": 3174000000.0,
        "Diluted Average Shares": 593596000.0,
        "Basic Average Shares": 591246000.0,
        "Diluted EPS": 2.64,
        "Basic EPS": 2.65,
        "Diluted NI Availto Com Stockholders": 1569000000.0,
        "Net Income Common Stockholders": 1569000000.0,
        "Net Income": 1569000000.0,
        "Net Income Including Noncontrolling Interests": 1569000000.0,
        "Net Income Continuous Operations": 1569000000.0,
        "Tax Provision": 236000000.0,
        "Pretax Income": 1805000000.0,
        "Other Income Expense": 47000000.0,
        "Net Non Operating Interest Income Expense": -49000000.0,
        "Interest Expense Non Operating": 49000000.0,
        "Other Operating Expenses": 29000000.0,
        "Total Revenue": 4979000000.0,
        "Operating Revenue": 4979000000.0,
        "Loss Adjustment Expense": 2645000000.0,
        "Net Policyholder Benefits And Claims": 2645000000.0,
        "Policyholder Benefits Gross": NaN,
        "Policyholder Benefits Ceded": NaN
    },
    "2023-12-31": {
        "Tax Effect Of Unusual Items": 0.0,
        "Tax Rate For Calcs": 0.075862,
        "Net Income From Continuing Operation Net Minority Interest": 268000000.0,
        "EBIT": 337000000.0,
        "Net Interest Income": -47000000.0,
        "Interest Expense": 47000000.0,
        "Normalized Income": 268000000.0,
        "Net Income From Continuing And Discontinued Operation": 268000000.0,
        "Total Expenses": 3567000000.0,
        "Diluted Average Shares": 584881000.0,
        "Basic Average Shares": 581876000.0,
        "Diluted EPS": 0.46,
        "Basic EPS": 0.46,
        "Diluted NI Availto Com Stockholders": 268000000.0,
        "Net Income Common Stockholders": 268000000.0,
        "Net Income": 268000000.0,
        "Net Income Including Noncontrolling Interests": 268000000.0,
        "Net Income Continuous Operations": 268000000.0,
        "Tax Provision": 22000000.0,
        "Pretax Income": 290000000.0,
        "Other Income Expense": 38000000.0,
        "Net Non Operating Interest Income Expense": -47000000.0,
        "Interest Expense Non Operating": 47000000.0,
        "Other Operating Expenses": 79000000.0,
        "Total Revenue": 3857000000.0,
        "Operating Revenue": 3857000000.0,
        "Loss Adjustment Expense": 2978000000.0,
        "Net Policyholder Benefits And Claims": 2978000000.0,
        "Policyholder Benefits Gross": NaN,
        "Policyholder Benefits Ceded": NaN
    },
    "2024-03-31": {
        "Tax Effect Of Unusual Items": 0.0,
        "Tax Rate For Calcs": 0.134,
        "Net Income From Continuing Operation Net Minority Interest": 1879000000.0,
        "EBIT": 2217000000.0,
        "Net Interest Income": -47000000.0,
        "Interest Expense": 47000000.0,
        "Normalized Income": 1879000000.0,
        "Net Income From Continuing And Discontinued Operation": 1879000000.0,
        "Total Expenses": 3267000000.0,
        "Diluted Average Shares": 577482000.0,
        "Basic Average Shares": 574886000.0,
        "Diluted EPS": 3.25,
        "Basic EPS": 3.27,
        "Diluted NI Availto Com Stockholders": 1879000000.0,
        "Net Income Common Stockholders": 1879000000.0,
        "Net Income": 1879000000.0,
        "Net Income Including Noncontrolling Interests": 1879000000.0,
        "Net Income Continuous Operations": 1879000000.0,
        "Tax Provision": 291000000.0,
        "Pretax Income": 2170000000.0,
        "Other Income Expense": 29000000.0,
        "Net Non Operating Interest Income Expense": -47000000.0,
        "Interest Expense Non Operating": 47000000.0,
        "Other Operating Expenses": 1000000.0,
        "Total Revenue": 5437000000.0,
        "Operating Revenue": 5437000000.0,
        "Loss Adjustment Expense": 2749000000.0,
        "Net Policyholder Benefits And Claims": 2749000000.0,
        "Policyholder Benefits Gross": NaN,
        "Policyholder Benefits Ceded": NaN
    },
    "2024-06-30": {
        "Tax Effect Of Unusual Items": 0.0,
        "Tax Rate For Calcs": 0.131,
        "Net Income From Continuing Operation Net Minority Interest": 1755000000.0,
        "EBIT": 2069000000.0,
        "Net Interest Income": -50000000.0,
        "Interest Expense": 50000000.0,
        "Normalized Income": 1755000000.0,
        "Net Income From Continuing And Discontinued Operation": 1755000000.0,
        "Total Expenses": 3138000000.0,
        "Diluted Average Shares": 566838000.0,
        "Basic Average Shares": 564573000.0,
        "Diluted EPS": 3.1,
        "Basic EPS": 3.11,
        "Diluted NI Availto Com Stockholders": 1755000000.0,
        "Net Income Common Stockholders": 1755000000.0,
        "Net Income": 1755000000.0,
        "Net Income Including Noncontrolling Interests": 1755000000.0,
        "Net Income Continuous Operations": 1755000000.0,
        "Tax Provision": 264000000.0,
        "Pretax Income": 2019000000.0,
        "Other Income Expense": 22000000.0,
        "Net Non Operating Interest Income Expense": -50000000.0,
        "Interest Expense Non Operating": 50000000.0,
        "Other Operating Expenses": 19000000.0,
        "Total Revenue": 5157000000.0,
        "Operating Revenue": 5157000000.0,
        "Loss Adjustment Expense": 2615000000.0,
        "Net Policyholder Benefits And Claims": 2615000000.0,
        "Policyholder Benefits Gross": 2651000000.0,
        "Policyholder Benefits Ceded": 36000000.0
    },
    "2024-09-30": {
        "Tax Effect Of Unusual Items": 0.0,
        "Tax Rate For Calcs": 0.21,
        "Net Income From Continuing Operation Net Minority Interest": -93000000.0,
        "EBIT": 142000000.0,
        "Net Interest Income": -50000000.0,
        "Interest Expense": 50000000.0,
        "Normalized Income": -93000000.0,
        "Net Income From Continuing And Discontinued Operation": -93000000.0,
        "Total Expenses": 2943000000.0,
        "Diluted Average Shares": 560414000.0,
        "Basic Average Shares": 557899000.0,
        "Diluted EPS": -0.17,
        "Basic EPS": -0.17,
        "Diluted NI Availto Com Stockholders": -93000000.0,
        "Net Income Common Stockholders": -93000000.0,
        "Net Income": -93000000.0,
        "Net Income Including Noncontrolling Interests": -93000000.0,
        "Net Income Continuous Operations": -93000000.0,
        "Tax Provision": 185000000.0,
        "Pretax Income": 92000000.0,
        "Other Income Expense": 23000000.0,
        "Net Non Operating Interest Income Expense": -50000000.0,
        "Interest Expense Non Operating": 50000000.0,
        "Other Operating Expenses": 86000000.0,
        "Total Revenue": 3035000000.0,
        "Operating Revenue": 3035000000.0,
        "Loss Adjustment Expense": 2342000000.0,
        "Net Policyholder Benefits And Claims": 2342000000.0,
        "Policyholder Benefits Gross": 2379000000.0,
        "Policyholder Benefits Ceded": 37000000.0
    }
}