{
    "2023-03-31": {
        "Tax Effect Of Unusual Items": NaN,
        "Tax Rate For Calcs": NaN,
        "Normalized EBITDA": NaN,
        "Total Unusual Items": NaN,
        "Total Unusual Items Excluding Goodwill": NaN,
        "Net Income From Continuing Operation Net Minority Interest": NaN,
        "Reconciled Depreciation": NaN,
        "EBITDA": NaN,
        "EBIT": NaN,
        "Net Interest Income": NaN,
        "Interest Expense": NaN,
        "Interest Income": NaN,
        "Normalized Income": NaN,
        "Net Income From Continuing And Discontinued Operation": NaN,
        "Total Expenses": NaN,
        "Total Operating Income As Reported": NaN,
        "Diluted Average Shares": 14933934.0,
        "Basic Average Shares": 14933934.0,
        "Diluted EPS": -2.14,
        "Basic EPS": -2.14,
        "Diluted NI Availto Com Stockholders": NaN,
        "Net Income Common Stockholders": NaN,
        "Net Income": NaN,
        "Net Income Including Noncontrolling Interests": NaN,
        "Net Income Continuous Operations": NaN,
        "Tax Provision": NaN,
        "Pretax Income": NaN,
        "Other Income Expense": NaN,
        "Other Non Operating Income Expenses": NaN,
        "Gain On Sale Of Security": NaN,
        "Net Non Operating Interest Income Expense": NaN,
        "Total Other Finance Cost": NaN,
        "Interest Expense Non Operating": NaN,
        "Interest Income Non Operating": NaN,
        "Operating Income": NaN,
        "Operating Expense": NaN,
        "Research And Development": NaN,
        "Selling General And Administration": NaN,
        "General And Administrative Expense": NaN,
        "Other Gand A": NaN,
        "Total Revenue": NaN,
        "Operating Revenue": NaN
    },
    "2022-12-31": {
        "Tax Effect Of Unusual Items": NaN,
        "Tax Rate For Calcs": NaN,
        "Normalized EBITDA": NaN,
        "Total Unusual Items": NaN,
        "Total Unusual Items Excluding Goodwill": NaN,
        "Net Income From Continuing Operation Net Minority Interest": NaN,
        "Reconciled Depreciation": NaN,
        "EBITDA": NaN,
        "EBIT": NaN,
        "Net Interest Income": NaN,
        "Interest Expense": NaN,
        "Interest Income": NaN,
        "Normalized Income": NaN,
        "Net Income From Continuing And Discontinued Operation": NaN,
        "Total Expenses": NaN,
        "Total Operating Income As Reported": NaN,
        "Diluted Average Shares": NaN,
        "Basic Average Shares": NaN,
        "Diluted EPS": NaN,
        "Basic EPS": NaN,
        "Diluted NI Availto Com Stockholders": NaN,
        "Net Income Common Stockholders": NaN,
        "Net Income": NaN,
        "Net Income Including Noncontrolling Interests": NaN,
        "Net Income Continuous Operations": NaN,
        "Tax Provision": NaN,
        "Pretax Income": NaN,
        "Other Income Expense": NaN,
        "Other Non Operating Income Expenses": NaN,
        "Gain On Sale Of Security": NaN,
        "Net Non Operating Interest Income Expense": NaN,
        "Total Other Finance Cost": NaN,
        "Interest Expense Non Operating": NaN,
        "Interest Income Non Operating": NaN,
        "Operating Income": NaN,
        "Operating Expense": NaN,
        "Other Operating Expenses": 79000.0,
        "Research And Development": NaN,
        "Selling General And Administration": NaN,
        "General And Administrative Expense": NaN,
        "Other Gand A": NaN,
        "Total Revenue": NaN,
        "Operating Revenue": NaN
    },
    "2022-09-30": {
        "Tax Effect Of Unusual Items": NaN,
        "Tax Rate For Calcs": NaN,
        "Normalized EBITDA": NaN,
        "Total Unusual Items": NaN,
        "Total Unusual Items Excluding Goodwill": NaN,
        "Net Income From Continuing Operation Net Minority Interest": NaN,
        "Reconciled Depreciation": NaN,
        "EBITDA": NaN,
        "EBIT": NaN,
        "Net Interest Income": NaN,
        "Interest Expense": NaN,
        "Interest Income": NaN,
        "Normalized Income": NaN,
        "Net Income From Continuing And Discontinued Operation": NaN,
        "Total Expenses": NaN,
        "Total Operating Income As Reported": NaN,
        "Diluted Average Shares": 14933933.0,
        "Basic Average Shares": 14933933.0,
        "Diluted EPS": -1.1,
        "Basic EPS": -1.1,
        "Diluted NI Availto Com Stockholders": NaN,
        "Net Income Common Stockholders": NaN,
        "Net Income": NaN,
        "Net Income Including Noncontrolling Interests": NaN,
        "Net Income Continuous Operations": NaN,
        "Tax Provision": NaN,
        "Pretax Income": NaN,
        "Other Income Expense": NaN,
        "Other Non Operating Income Expenses": NaN,
        "Gain On Sale Of Security": NaN,
        "Net Non Operating Interest Income Expense": NaN,
        "Total Other Finance Cost": NaN,
        "Interest Expense Non Operating": NaN,
        "Interest Income Non Operating": NaN,
        "Operating Income": NaN,
        "Operating Expense": NaN,
        "Other Operating Expenses": -118000.0,
        "Research And Development": NaN,
        "Selling General And Administration": NaN,
        "General And Administrative Expense": NaN,
        "Other Gand A": NaN,
        "Total Revenue": NaN,
        "Operating Revenue": NaN
    },
    "2022-06-30": {
        "Tax Effect Of Unusual Items": 0.0,
        "Tax Rate For Calcs": 0.0,
        "Normalized EBITDA": -21330000.0,
        "Total Unusual Items": 2653000.0,
        "Total Unusual Items Excluding Goodwill": 2653000.0,
        "Net Income From Continuing Operation Net Minority Interest": -19409000.0,
        "Reconciled Depreciation": 351000.0,
        "EBITDA": -18677000.0,
        "EBIT": -19028000.0,
        "Net Interest Income": -400000.0,
        "Interest Expense": 381000.0,
        "Interest Income": NaN,
        "Normalized Income": -22062000.0,
        "Net Income From Continuing And Discontinued Operation": -19409000.0,
        "Total Expenses": 29203000.0,
        "Total Operating Income As Reported": -21662000.0,
        "Diluted Average Shares": 147326291.0,
        "Basic Average Shares": 147326291.0,
        "Diluted EPS": -0.13,
        "Basic EPS": -0.13,
        "Diluted NI Availto Com Stockholders": -19409000.0,
        "Net Income Common Stockholders": -19409000.0,
        "Net Income": -19409000.0,
        "Net Income Including Noncontrolling Interests": -19409000.0,
        "Net Income Continuous Operations": -19409000.0,
        "Tax Provision": 0.0,
        "Pretax Income": -19409000.0,
        "Other Income Expense": 2893000.0,
        "Other Non Operating Income Expenses": 240000.0,
        "Gain On Sale Of Security": 2653000.0,
        "Net Non Operating Interest Income Expense": -400000.0,
        "Total Other Finance Cost": 19000.0,
        "Interest Expense Non Operating": 381000.0,
        "Interest Income Non Operating": NaN,
        "Operating Income": -21902000.0,
        "Operating Expense": 29203000.0,
        "Other Operating Expenses": NaN,
        "Research And Development": 20829000.0,
        "Selling General And Administration": 8374000.0,
        "General And Administrative Expense": 8374000.0,
        "Other Gand A": 8374000.0,
        "Total Revenue": 7301000.0,
        "Operating Revenue": 7301000.0
    },
    "2022-03-31": {
        "Diluted EPS": -0.16,
        "Total Revenue": 9,
        "Gross Profit": 9,
        "Operating Income": -19,
        "EBIT": -19,
        "Net Income": -19
    },
    "2021-12-31": {
        "Diluted EPS": -0.23,
        "Total Revenue": 12,
        "Gross Profit": 12,
        "Operating Income": -28,
        "EBIT": -28,
        "Net Income": -27
    },
    "2021-09-30": {
        "Diluted EPS": -0.17,
        "Total Revenue": 10,
        "Gross Profit": 10,
        "Operating Income": -22,
        "EBIT": -22,
        "Net Income": -20
    },
    "2021-06-30": {
        "Diluted EPS": -0.19,
        "Total Revenue": 12,
        "Gross Profit": 12,
        "Operating Income": -21,
        "EBIT": -20,
        "Net Income": -23
    },
    "2021-03-31": {
        "Diluted EPS": 0.02,
        "Total Revenue": 14,
        "Gross Profit": 14,
        "Operating Income": -5,
        "EBIT": -5,
        "Net Income": 2
    },
    "2020-12-31": {
        "Diluted EPS": -0.19,
        "Total Revenue": 11,
        "Gross Profit": 11,
        "Operating Income": -13,
        "EBIT": -13,
        "Net Income": -18
    },
    "2020-09-30": {
        "Diluted EPS": -0.08,
        "Total Revenue": 12,
        "Gross Profit": 12,
        "Operating Income": -3,
        "EBIT": -3,
        "Net Income": -7
    },
    "2020-06-30": {
        "Diluted EPS": -0.18,
        "Total Revenue": 3,
        "Gross Profit": 3,
        "Operating Income": -12,
        "EBIT": -12,
        "Net Income": -13
    },
    "2020-03-31": {
        "Diluted EPS": -0.12,
        "Total Revenue": 6,
        "Gross Profit": 6,
        "Operating Income": -11,
        "EBIT": -11,
        "Net Income": -9
    },
    "2019-12-31": {
        "Diluted EPS": -0.21,
        "Total Revenue": 4,
        "Gross Profit": 4,
        "Operating Income": -13,
        "EBIT": -12,
        "Net Income": -15
    },
    "2019-09-30": {
        "Diluted EPS": -0.19,
        "Total Revenue": 2,
        "Gross Profit": 2,
        "Operating Income": -14,
        "EBIT": -13,
        "Net Income": -12
    },
    "2019-06-30": {
        "Diluted EPS": -0.19,
        "Total Revenue": 5,
        "Gross Profit": 5,
        "Operating Income": -11,
        "EBIT": -11,
        "Net Income": -12
    },
    "2019-03-31": {
        "Diluted EPS": 0.03,
        "Total Revenue": 13,
        "Gross Profit": 13,
        "Operating Income": 1,
        "EBIT": 1,
        "Net Income": 2
    },
    "2018-12-31": {
        "Diluted EPS": 0.18,
        "Total Revenue": 27,
        "Gross Profit": 27,
        "Operating Income": 12,
        "EBIT": 12,
        "Net Income": 11
    },
    "2018-09-30": {
        "Diluted EPS": -0.22,
        "Total Revenue": 0,
        "Gross Profit": 0,
        "Operating Income": -14,
        "EBIT": -14,
        "Net Income": -14
    },
    "2018-06-30": {
        "Diluted EPS": -0.16,
        "Total Revenue": 0,
        "Gross Profit": 0,
        "Operating Income": -11,
        "EBIT": -11,
        "Net Income": -10
    },
    "2018-03-31": {
        "Diluted EPS": -0.18,
        "Total Revenue": 1,
        "Gross Profit": 1,
        "Operating Income": -10,
        "EBIT": -10,
        "Net Income": -10
    },
    "2017-12-31": {
        "Diluted EPS": -0.17,
        "Total Revenue": 1,
        "Gross Profit": 1,
        "Operating Income": -7,
        "EBIT": -7,
        "Net Income": -8
    },
    "2017-09-30": {
        "Diluted EPS": -0.21,
        "Total Revenue": 1,
        "Gross Profit": 1,
        "Operating Income": -9,
        "EBIT": -8,
        "Net Income": -10
    },
    "2017-06-30": {
        "Diluted EPS": -0.2,
        "Total Revenue": 1,
        "Gross Profit": 1,
        "Operating Income": -7,
        "EBIT": -7,
        "Net Income": -9
    },
    "2017-03-31": {
        "Diluted EPS": -0.2,
        "Total Revenue": 0,
        "Gross Profit": 0,
        "Operating Income": -8,
        "EBIT": -8,
        "Net Income": -8
    },
    "2016-12-31": {
        "Diluted EPS": -0.18,
        "Total Revenue": 1,
        "Gross Profit": 1,
        "Operating Income": -7,
        "EBIT": -7,
        "Net Income": -6
    },
    "2016-09-30": {
        "Diluted EPS": -0.35,
        "Total Revenue": 1,
        "Gross Profit": 1,
        "Operating Income": -11,
        "EBIT": -11,
        "Net Income": -11
    },
    "2016-06-30": {
        "Diluted EPS": -0.27,
        "Total Revenue": 2,
        "Gross Profit": 2,
        "Operating Income": -10,
        "EBIT": -9,
        "Net Income": -9
    },
    "2016-03-31": {
        "Diluted EPS": -0.28,
        "Total Revenue": 2,
        "Gross Profit": 2,
        "Operating Income": -8,
        "EBIT": -8,
        "Net Income": -9
    },
    "2015-12-31": {
        "Diluted EPS": -0.21,
        "Total Revenue": 2,
        "Gross Profit": 2,
        "Operating Income": -8,
        "EBIT": -8,
        "Net Income": -7
    },
    "2015-09-30": {
        "Diluted EPS": -0.27,
        "Total Revenue": 1,
        "Gross Profit": 1,
        "Operating Income": -8,
        "EBIT": -8,
        "Net Income": -8
    },
    "2015-06-30": {
        "Diluted EPS": -0.21,
        "Total Revenue": 2,
        "Gross Profit": 2,
        "Operating Income": -6,
        "EBIT": -6,
        "Net Income": -6
    },
    "2015-03-31": {
        "Diluted EPS": -0.07,
        "Total Revenue": 3,
        "Gross Profit": 3,
        "Operating Income": -3,
        "EBIT": -2,
        "Net Income": -2
    },
    "2014-12-31": {
        "Diluted EPS": -0.24,
        "Total Revenue": 0,
        "Gross Profit": 0,
        "Operating Income": 0,
        "EBIT": 0,
        "Net Income": -6
    },
    "2014-09-30": {
        "Diluted EPS": 2.69,
        "Total Revenue": 2,
        "Gross Profit": 2,
        "Operating Income": -1,
        "EBIT": -1,
        "Net Income": 9
    },
    "2014-06-30": {
        "Diluted EPS": 1.23,
        "Total Revenue": 1,
        "Gross Profit": 1,
        "Operating Income": 1,
        "EBIT": 1,
        "Net Income": 18
    },
    "2014-03-31": {
        "Diluted EPS": -1.45,
        "Total Revenue": 1,
        "Gross Profit": 1,
        "Operating Income": 1,
        "EBIT": 1,
        "Net Income": -21
    },
    "2013-09-30": {
        "Diluted EPS": -53.46,
        "Total Revenue": 0,
        "Gross Profit": 0,
        "Operating Income": 0,
        "EBIT": 0,
        "Net Income": -15
    },
    "2023-06-30": {
        "Tax Effect Of Unusual Items": 0.0,
        "Tax Rate For Calcs": 0.0,
        "Normalized EBITDA": -28758000.0,
        "Total Unusual Items": 121000.0,
        "Total Unusual Items Excluding Goodwill": 121000.0,
        "Net Income From Continuing Operation Net Minority Interest": -29395000.0,
        "Reconciled Depreciation": 288000.0,
        "EBITDA": -28637000.0,
        "EBIT": -28925000.0,
        "Net Interest Income": -74000.0,
        "Interest Expense": 470000.0,
        "Interest Income": 396000.0,
        "Normalized Income": -29516000.0,
        "Net Income From Continuing And Discontinued Operation": -29395000.0,
        "Total Expenses": 31549000.0,
        "Total Operating Income As Reported": -29442000.0,
        "Diluted Average Shares": 14933934.0,
        "Basic Average Shares": 14933934.0,
        "Diluted EPS": -1.97,
        "Basic EPS": -1.97,
        "Diluted NI Availto Com Stockholders": -29395000.0,
        "Net Income Common Stockholders": -29395000.0,
        "Net Income": -29395000.0,
        "Net Income Including Noncontrolling Interests": -29395000.0,
        "Net Income Continuous Operations": -29395000.0,
        "Tax Provision": 0.0,
        "Pretax Income": -29395000.0,
        "Other Income Expense": 838000.0,
        "Other Non Operating Income Expenses": 717000.0,
        "Gain On Sale Of Security": 121000.0,
        "Net Non Operating Interest Income Expense": -74000.0,
        "Total Other Finance Cost": -396000.0,
        "Interest Expense Non Operating": 470000.0,
        "Interest Income Non Operating": 396000.0,
        "Operating Income": -30159000.0,
        "Operating Expense": 31549000.0,
        "Research And Development": 25273000.0,
        "Selling General And Administration": 6276000.0,
        "General And Administrative Expense": 6276000.0,
        "Other Gand A": 6276000.0,
        "Total Revenue": 1390000.0,
        "Operating Revenue": 1390000.0
    },
    "2023-09-30": {
        "Tax Effect Of Unusual Items": 0.0,
        "Tax Rate For Calcs": 0.0,
        "Normalized EBITDA": -23565000.0,
        "Total Unusual Items": 353000.0,
        "Total Unusual Items Excluding Goodwill": 353000.0,
        "Net Income From Continuing Operation Net Minority Interest": -24355000.0,
        "Reconciled Depreciation": 696000.0,
        "EBITDA": -23212000.0,
        "EBIT": -23908000.0,
        "Net Interest Income": 215000.0,
        "Interest Expense": 447000.0,
        "Interest Income": 138000.0,
        "Normalized Income": -24708000.0,
        "Net Income From Continuing And Discontinued Operation": -24355000.0,
        "Total Expenses": 26879000.0,
        "Total Operating Income As Reported": -24923000.0,
        "Diluted Average Shares": 14933933.0,
        "Basic Average Shares": 14933933.0,
        "Diluted EPS": -1.6,
        "Basic EPS": -1.6,
        "Diluted NI Availto Com Stockholders": -24355000.0,
        "Net Income Common Stockholders": -24355000.0,
        "Net Income": -24355000.0,
        "Net Income Including Noncontrolling Interests": -24355000.0,
        "Net Income Continuous Operations": -24355000.0,
        "Tax Provision": 0.0,
        "Pretax Income": -24355000.0,
        "Other Income Expense": 347000.0,
        "Other Non Operating Income Expenses": -6000.0,
        "Gain On Sale Of Security": 353000.0,
        "Net Non Operating Interest Income Expense": 215000.0,
        "Total Other Finance Cost": -524000.0,
        "Interest Expense Non Operating": 447000.0,
        "Interest Income Non Operating": 138000.0,
        "Operating Income": -24917000.0,
        "Operating Expense": 26879000.0,
        "Research And Development": 21498000.0,
        "Selling General And Administration": 5381000.0,
        "General And Administrative Expense": 5381000.0,
        "Other Gand A": 5381000.0,
        "Total Revenue": 1962000.0,
        "Operating Revenue": 1962000.0
    },
    "2023-12-31": {
        "Tax Effect Of Unusual Items": 0.0,
        "Tax Rate For Calcs": 0.0,
        "Normalized EBITDA": -20825000.0,
        "Total Unusual Items": 1508000.0,
        "Total Unusual Items Excluding Goodwill": 1508000.0,
        "Net Income From Continuing Operation Net Minority Interest": -20205000.0,
        "Reconciled Depreciation": 476000.0,
        "EBITDA": -19317000.0,
        "EBIT": -19793000.0,
        "Net Interest Income": 64000.0,
        "Interest Expense": 412000.0,
        "Interest Income": 371000.0,
        "Normalized Income": -21713000.0,
        "Net Income From Continuing And Discontinued Operation": -20205000.0,
        "Total Expenses": 24604000.0,
        "Total Operating Income As Reported": -20835000.0,
        "Diluted Average Shares": NaN,
        "Basic Average Shares": NaN,
        "Diluted EPS": NaN,
        "Basic EPS": NaN,
        "Diluted NI Availto Com Stockholders": -20205000.0,
        "Net Income Common Stockholders": -20205000.0,
        "Net Income": -20205000.0,
        "Net Income Including Noncontrolling Interests": -20205000.0,
        "Net Income Continuous Operations": -20205000.0,
        "Tax Provision": 0.0,
        "Pretax Income": -20205000.0,
        "Other Income Expense": 3922000.0,
        "Other Non Operating Income Expenses": 2414000.0,
        "Gain On Sale Of Security": 1508000.0,
        "Net Non Operating Interest Income Expense": 64000.0,
        "Total Other Finance Cost": -105000.0,
        "Interest Expense Non Operating": 412000.0,
        "Interest Income Non Operating": 371000.0,
        "Operating Income": -24191000.0,
        "Operating Expense": 24604000.0,
        "Research And Development": 18656000.0,
        "Selling General And Administration": 6168000.0,
        "General And Administrative Expense": 6168000.0,
        "Other Gand A": -9687000.0,
        "Total Revenue": 413000.0,
        "Operating Revenue": 413000.0
    },
    "2024-03-31": {
        "Tax Effect Of Unusual Items": 0.0,
        "Tax Rate For Calcs": 0.0,
        "Normalized EBITDA": -17065000.0,
        "Total Unusual Items": 343000.0,
        "Total Unusual Items Excluding Goodwill": 343000.0,
        "Net Income From Continuing Operation Net Minority Interest": -19175000.0,
        "Reconciled Depreciation": 2090000.0,
        "EBITDA": -16722000.0,
        "EBIT": -18812000.0,
        "Net Interest Income": 17000.0,
        "Interest Expense": 363000.0,
        "Interest Income": 367000.0,
        "Normalized Income": -19518000.0,
        "Net Income From Continuing And Discontinued Operation": -19175000.0,
        "Total Expenses": 19867000.0,
        "Total Operating Income As Reported": -19535000.0,
        "Diluted Average Shares": 15129952.0,
        "Basic Average Shares": 15129952.0,
        "Diluted EPS": -1.27,
        "Basic EPS": -1.27,
        "Diluted NI Availto Com Stockholders": -19175000.0,
        "Net Income Common Stockholders": -19175000.0,
        "Net Income": -19175000.0,
        "Net Income Including Noncontrolling Interests": -19175000.0,
        "Net Income Continuous Operations": -19175000.0,
        "Tax Provision": 0.0,
        "Pretax Income": -19175000.0,
        "Other Income Expense": 520000.0,
        "Other Non Operating Income Expenses": 177000.0,
        "Gain On Sale Of Security": 343000.0,
        "Net Non Operating Interest Income Expense": 17000.0,
        "Total Other Finance Cost": -13000.0,
        "Interest Expense Non Operating": 363000.0,
        "Interest Income Non Operating": 367000.0,
        "Operating Income": -19712000.0,
        "Operating Expense": 19867000.0,
        "Research And Development": 15391000.0,
        "Selling General And Administration": 4476000.0,
        "General And Administrative Expense": 4476000.0,
        "Other Gand A": 4476000.0,
        "Total Revenue": 155000.0,
        "Operating Revenue": 155000.0
    },
    "2024-06-30": {
        "Tax Effect Of Unusual Items": 34230.0,
        "Tax Rate For Calcs": 0.21,
        "Normalized EBITDA": -14865000.0,
        "Total Unusual Items": 163000.0,
        "Total Unusual Items Excluding Goodwill": 163000.0,
        "Net Income From Continuing Operation Net Minority Interest": -15451000.0,
        "Reconciled Depreciation": 430000.0,
        "EBITDA": -14702000.0,
        "EBIT": -15132000.0,
        "Net Interest Income": -58000.0,
        "Interest Expense": 316000.0,
        "Interest Income": 306000.0,
        "Normalized Income": -15579770.0,
        "Net Income From Continuing And Discontinued Operation": -15451000.0,
        "Total Expenses": 15763000.0,
        "Total Operating Income As Reported": -15553000.0,
        "Diluted Average Shares": 15300912.0,
        "Basic Average Shares": 15300912.0,
        "Diluted EPS": -1.01,
        "Basic EPS": -1.01,
        "Diluted NI Availto Com Stockholders": -15451000.0,
        "Net Income Common Stockholders": -15451000.0,
        "Net Income": -15451000.0,
        "Net Income Including Noncontrolling Interests": -15451000.0,
        "Net Income Continuous Operations": -15451000.0,
        "Tax Provision": 3000.0,
        "Pretax Income": -15448000.0,
        "Other Income Expense": 219000.0,
        "Other Non Operating Income Expenses": 56000.0,
        "Gain On Sale Of Security": 163000.0,
        "Net Non Operating Interest Income Expense": -58000.0,
        "Total Other Finance Cost": 48000.0,
        "Interest Expense Non Operating": 316000.0,
        "Interest Income Non Operating": 306000.0,
        "Operating Income": -15609000.0,
        "Operating Expense": 15763000.0,
        "Research And Development": 11727000.0,
        "Selling General And Administration": 4036000.0,
        "General And Administrative Expense": 4036000.0,
        "Other Gand A": 4036000.0,
        "Total Revenue": 154000.0,
        "Operating Revenue": 154000.0
    }
}