{
    "2023-03-31": {
        "Tax Effect Of Unusual Items": NaN,
        "Tax Rate For Calcs": NaN,
        "Normalized EBITDA": NaN,
        "Total Unusual Items": NaN,
        "Total Unusual Items Excluding Goodwill": NaN,
        "Net Income From Continuing Operation Net Minority Interest": NaN,
        "Reconciled Depreciation": NaN,
        "Reconciled Cost Of Revenue": NaN,
        "EBITDA": NaN,
        "EBIT": NaN,
        "Net Interest Income": NaN,
        "Interest Expense": NaN,
        "Interest Income": NaN,
        "Normalized Income": NaN,
        "Net Income From Continuing And Discontinued Operation": NaN,
        "Total Expenses": NaN,
        "Total Operating Income As Reported": NaN,
        "Diluted Average Shares": 274220112.0,
        "Basic Average Shares": 274220112.0,
        "Diluted EPS": -0.37,
        "Basic EPS": -0.37,
        "Diluted NI Availto Com Stockholders": NaN,
        "Net Income Common Stockholders": NaN,
        "Net Income": NaN,
        "Net Income Including Noncontrolling Interests": NaN,
        "Net Income Continuous Operations": NaN,
        "Tax Provision": NaN,
        "Pretax Income": NaN,
        "Other Income Expense": NaN,
        "Special Income Charges": NaN,
        "Gain On Sale Of Ppe": NaN,
        "Write Off": 125200000.0,
        "Impairment Of Capital Assets": NaN,
        "Restructuring And Mergern Acquisition": NaN,
        "Gain On Sale Of Security": NaN,
        "Net Non Operating Interest Income Expense": NaN,
        "Total Other Finance Cost": 390000.0,
        "Interest Expense Non Operating": NaN,
        "Interest Income Non Operating": NaN,
        "Operating Income": NaN,
        "Operating Expense": NaN,
        "Other Operating Expenses": NaN,
        "Depreciation Amortization Depletion Income Statement": NaN,
        "Depreciation And Amortization In Income Statement": NaN,
        "Depreciation Income Statement": NaN,
        "Selling General And Administration": NaN,
        "General And Administrative Expense": NaN,
        "Other Gand A": NaN,
        "Salaries And Wages": NaN,
        "Gross Profit": NaN,
        "Cost Of Revenue": NaN,
        "Total Revenue": NaN,
        "Operating Revenue": NaN
    },
    "2022-12-31": {
        "Tax Effect Of Unusual Items": NaN,
        "Tax Rate For Calcs": NaN,
        "Normalized EBITDA": NaN,
        "Total Unusual Items": NaN,
        "Total Unusual Items Excluding Goodwill": NaN,
        "Net Income From Continuing Operation Net Minority Interest": NaN,
        "Reconciled Depreciation": NaN,
        "Reconciled Cost Of Revenue": NaN,
        "EBITDA": NaN,
        "EBIT": NaN,
        "Net Interest Income": NaN,
        "Interest Expense": NaN,
        "Interest Income": NaN,
        "Normalized Income": NaN,
        "Net Income From Continuing And Discontinued Operation": NaN,
        "Total Expenses": NaN,
        "Total Operating Income As Reported": NaN,
        "Diluted Average Shares": NaN,
        "Basic Average Shares": NaN,
        "Diluted EPS": NaN,
        "Basic EPS": NaN,
        "Diluted NI Availto Com Stockholders": NaN,
        "Net Income Common Stockholders": NaN,
        "Net Income": NaN,
        "Net Income Including Noncontrolling Interests": NaN,
        "Net Income Continuous Operations": NaN,
        "Tax Provision": NaN,
        "Pretax Income": NaN,
        "Other Income Expense": NaN,
        "Special Income Charges": NaN,
        "Gain On Sale Of Ppe": NaN,
        "Write Off": NaN,
        "Impairment Of Capital Assets": NaN,
        "Restructuring And Mergern Acquisition": 0.0,
        "Gain On Sale Of Security": NaN,
        "Net Non Operating Interest Income Expense": NaN,
        "Total Other Finance Cost": 404000.0,
        "Interest Expense Non Operating": NaN,
        "Interest Income Non Operating": NaN,
        "Operating Income": NaN,
        "Operating Expense": NaN,
        "Other Operating Expenses": NaN,
        "Depreciation Amortization Depletion Income Statement": NaN,
        "Depreciation And Amortization In Income Statement": NaN,
        "Depreciation Income Statement": NaN,
        "Selling General And Administration": NaN,
        "General And Administrative Expense": NaN,
        "Other Gand A": NaN,
        "Salaries And Wages": NaN,
        "Gross Profit": NaN,
        "Cost Of Revenue": NaN,
        "Total Revenue": NaN,
        "Operating Revenue": NaN
    },
    "2022-09-30": {
        "Tax Effect Of Unusual Items": NaN,
        "Tax Rate For Calcs": NaN,
        "Normalized EBITDA": NaN,
        "Total Unusual Items": NaN,
        "Total Unusual Items Excluding Goodwill": NaN,
        "Net Income From Continuing Operation Net Minority Interest": NaN,
        "Reconciled Depreciation": NaN,
        "Reconciled Cost Of Revenue": NaN,
        "EBITDA": NaN,
        "EBIT": NaN,
        "Net Interest Income": NaN,
        "Interest Expense": NaN,
        "Interest Income": NaN,
        "Normalized Income": NaN,
        "Net Income From Continuing And Discontinued Operation": NaN,
        "Total Expenses": NaN,
        "Total Operating Income As Reported": NaN,
        "Diluted Average Shares": 262865860.0,
        "Basic Average Shares": 262865860.0,
        "Diluted EPS": -0.08,
        "Basic EPS": -0.08,
        "Diluted NI Availto Com Stockholders": NaN,
        "Net Income Common Stockholders": NaN,
        "Net Income": NaN,
        "Net Income Including Noncontrolling Interests": NaN,
        "Net Income Continuous Operations": NaN,
        "Tax Provision": NaN,
        "Pretax Income": NaN,
        "Other Income Expense": NaN,
        "Special Income Charges": NaN,
        "Gain On Sale Of Ppe": NaN,
        "Write Off": NaN,
        "Impairment Of Capital Assets": NaN,
        "Restructuring And Mergern Acquisition": 0.0,
        "Gain On Sale Of Security": NaN,
        "Net Non Operating Interest Income Expense": NaN,
        "Total Other Finance Cost": NaN,
        "Interest Expense Non Operating": NaN,
        "Interest Income Non Operating": NaN,
        "Operating Income": NaN,
        "Operating Expense": NaN,
        "Other Operating Expenses": NaN,
        "Depreciation Amortization Depletion Income Statement": NaN,
        "Depreciation And Amortization In Income Statement": NaN,
        "Depreciation Income Statement": NaN,
        "Selling General And Administration": NaN,
        "General And Administrative Expense": NaN,
        "Other Gand A": NaN,
        "Salaries And Wages": NaN,
        "Gross Profit": NaN,
        "Cost Of Revenue": NaN,
        "Total Revenue": NaN,
        "Operating Revenue": NaN
    },
    "2022-06-30": {
        "Tax Effect Of Unusual Items": 1318400.0,
        "Tax Rate For Calcs": 0.4,
        "Normalized EBITDA": 29617000.0,
        "Total Unusual Items": 3296000.0,
        "Total Unusual Items Excluding Goodwill": 3296000.0,
        "Net Income From Continuing Operation Net Minority Interest": -84050000.0,
        "Reconciled Depreciation": 34623000.0,
        "Reconciled Cost Of Revenue": 114275000.0,
        "EBITDA": 32913000.0,
        "EBIT": -1710000.0,
        "Net Interest Income": -3940000.0,
        "Interest Expense": 3628000.0,
        "Interest Income": NaN,
        "Normalized Income": -86027600.0,
        "Net Income From Continuing And Discontinued Operation": -84050000.0,
        "Total Expenses": 164793000.0,
        "Total Operating Income As Reported": 3415000.0,
        "Diluted Average Shares": 262680950.0,
        "Basic Average Shares": 262680950.0,
        "Diluted EPS": -0.32,
        "Basic EPS": -0.32,
        "Diluted NI Availto Com Stockholders": -84050000.0,
        "Net Income Common Stockholders": -84050000.0,
        "Net Income": -84050000.0,
        "Net Income Including Noncontrolling Interests": -84050000.0,
        "Net Income Continuous Operations": -84050000.0,
        "Tax Provision": 78712000.0,
        "Pretax Income": -5338000.0,
        "Other Income Expense": 3296000.0,
        "Special Income Charges": 7585000.0,
        "Gain On Sale Of Ppe": NaN,
        "Write Off": -7585000.0,
        "Impairment Of Capital Assets": -7585000.0,
        "Restructuring And Mergern Acquisition": 0.0,
        "Gain On Sale Of Security": -4289000.0,
        "Net Non Operating Interest Income Expense": -3940000.0,
        "Total Other Finance Cost": 312000.0,
        "Interest Expense Non Operating": 3628000.0,
        "Interest Income Non Operating": NaN,
        "Operating Income": -4694000.0,
        "Operating Expense": 16306000.0,
        "Other Operating Expenses": 3940000.0,
        "Depreciation Amortization Depletion Income Statement": 411000.0,
        "Depreciation And Amortization In Income Statement": 411000.0,
        "Depreciation Income Statement": 411000.0,
        "Selling General And Administration": 11955000.0,
        "General And Administrative Expense": 11955000.0,
        "Other Gand A": 5238000.0,
        "Salaries And Wages": 6717000.0,
        "Gross Profit": 11612000.0,
        "Cost Of Revenue": 148487000.0,
        "Total Revenue": 160099000.0,
        "Operating Revenue": 160099000.0
    },
    "2023-06-30": {
        "Tax Effect Of Unusual Items": -7985.442926,
        "Tax Rate For Calcs": 0.221818,
        "Normalized EBITDA": 14161000.0,
        "Total Unusual Items": -36000.0,
        "Total Unusual Items Excluding Goodwill": -36000.0,
        "Net Income From Continuing Operation Net Minority Interest": -17534000.0,
        "Reconciled Depreciation": 32976000.0,
        "Reconciled Cost Of Revenue": 113584000.0,
        "EBITDA": 14125000.0,
        "EBIT": -18851000.0,
        "Net Interest Income": -2250000.0,
        "Interest Expense": 3681000.0,
        "Interest Income": 2403000.0,
        "Normalized Income": -17505985.442926,
        "Net Income From Continuing And Discontinued Operation": -17534000.0,
        "Total Expenses": 167555000.0,
        "Total Operating Income As Reported": -18850000.0,
        "Diluted Average Shares": 280993803.0,
        "Basic Average Shares": 280993803.0,
        "Diluted EPS": -0.06,
        "Basic EPS": -0.06,
        "Diluted NI Availto Com Stockholders": -17534000.0,
        "Net Income Common Stockholders": -17534000.0,
        "Net Income": -17534000.0,
        "Net Income Including Noncontrolling Interests": -17534000.0,
        "Net Income Continuous Operations": -17534000.0,
        "Tax Provision": -4998000.0,
        "Pretax Income": -22532000.0,
        "Other Income Expense": -36000.0,
        "Special Income Charges": -7229000.0,
        "Gain On Sale Of Ppe": 0.0,
        "Write Off": 7229000.0,
        "Impairment Of Capital Assets": 0.0,
        "Restructuring And Mergern Acquisition": NaN,
        "Gain On Sale Of Security": 7193000.0,
        "Net Non Operating Interest Income Expense": -2250000.0,
        "Total Other Finance Cost": 972000.0,
        "Interest Expense Non Operating": 3681000.0,
        "Interest Income Non Operating": 2403000.0,
        "Operating Income": -20246000.0,
        "Operating Expense": 21384000.0,
        "Other Operating Expenses": 6391000.0,
        "Depreciation Amortization Depletion Income Statement": 389000.0,
        "Depreciation And Amortization In Income Statement": 389000.0,
        "Depreciation Income Statement": 389000.0,
        "Selling General And Administration": 14604000.0,
        "General And Administrative Expense": 14604000.0,
        "Other Gand A": 5338000.0,
        "Salaries And Wages": 9266000.0,
        "Gross Profit": 1138000.0,
        "Cost Of Revenue": 146171000.0,
        "Total Revenue": 147309000.0,
        "Operating Revenue": 147309000.0
    },
    "2023-09-30": {
        "Tax Effect Of Unusual Items": -4386800.0,
        "Tax Rate For Calcs": 0.4,
        "Normalized EBITDA": 19760000.0,
        "Total Unusual Items": -10967000.0,
        "Total Unusual Items Excluding Goodwill": -10967000.0,
        "Net Income From Continuing Operation Net Minority Interest": -27149000.0,
        "Reconciled Depreciation": 28363000.0,
        "Reconciled Cost Of Revenue": 92774000.0,
        "EBITDA": 8793000.0,
        "EBIT": -19570000.0,
        "Net Interest Income": -3384000.0,
        "Interest Expense": 4028000.0,
        "Interest Income": 1526000.0,
        "Normalized Income": -20568800.0,
        "Net Income From Continuing And Discontinued Operation": -27149000.0,
        "Total Expenses": 143045000.0,
        "Total Operating Income As Reported": -18134000.0,
        "Diluted Average Shares": 286921720.0,
        "Basic Average Shares": 286921720.0,
        "Diluted EPS": -0.09,
        "Basic EPS": -0.09,
        "Diluted NI Availto Com Stockholders": -27149000.0,
        "Net Income Common Stockholders": -27149000.0,
        "Net Income": -27149000.0,
        "Net Income Including Noncontrolling Interests": -27149000.0,
        "Net Income Continuous Operations": -27149000.0,
        "Tax Provision": 3551000.0,
        "Pretax Income": -23598000.0,
        "Other Income Expense": -10967000.0,
        "Special Income Charges": -8074000.0,
        "Gain On Sale Of Ppe": -1646000.0,
        "Write Off": 0.0,
        "Impairment Of Capital Assets": 0.0,
        "Restructuring And Mergern Acquisition": 6428000.0,
        "Gain On Sale Of Security": -2893000.0,
        "Net Non Operating Interest Income Expense": -3384000.0,
        "Total Other Finance Cost": 882000.0,
        "Interest Expense Non Operating": 4028000.0,
        "Interest Income Non Operating": 1526000.0,
        "Operating Income": -9247000.0,
        "Operating Expense": 22273000.0,
        "Other Operating Expenses": 9072000.0,
        "Depreciation Amortization Depletion Income Statement": 365000.0,
        "Depreciation And Amortization In Income Statement": 365000.0,
        "Depreciation Income Statement": 365000.0,
        "Selling General And Administration": 12836000.0,
        "General And Administrative Expense": 12836000.0,
        "Other Gand A": 5053000.0,
        "Salaries And Wages": 7783000.0,
        "Gross Profit": 13026000.0,
        "Cost Of Revenue": 120772000.0,
        "Total Revenue": 133798000.0,
        "Operating Revenue": 133798000.0
    },
    "2023-12-31": {
        "Tax Effect Of Unusual Items": 763600.0,
        "Tax Rate For Calcs": 0.4,
        "Normalized EBITDA": 28989000.0,
        "Total Unusual Items": 1909000.0,
        "Total Unusual Items Excluding Goodwill": 1909000.0,
        "Net Income From Continuing Operation Net Minority Interest": 10231000.0,
        "Reconciled Depreciation": 30012000.0,
        "Reconciled Cost Of Revenue": 90125000.0,
        "EBITDA": 30898000.0,
        "EBIT": 886000.0,
        "Net Interest Income": -2939000.0,
        "Interest Expense": 4049000.0,
        "Interest Income": 1572000.0,
        "Normalized Income": 9085600.0,
        "Net Income From Continuing And Discontinued Operation": 10231000.0,
        "Total Expenses": 139809000.0,
        "Total Operating Income As Reported": 2424000.0,
        "Diluted Average Shares": NaN,
        "Basic Average Shares": NaN,
        "Diluted EPS": NaN,
        "Basic EPS": NaN,
        "Diluted NI Availto Com Stockholders": 10231000.0,
        "Net Income Common Stockholders": 10231000.0,
        "Net Income": 10231000.0,
        "Net Income Including Noncontrolling Interests": 10231000.0,
        "Net Income Continuous Operations": 10231000.0,
        "Tax Provision": -13394000.0,
        "Pretax Income": -3163000.0,
        "Other Income Expense": 1909000.0,
        "Special Income Charges": -455000.0,
        "Gain On Sale Of Ppe": 0.0,
        "Write Off": 0.0,
        "Impairment Of Capital Assets": 0.0,
        "Restructuring And Mergern Acquisition": 455000.0,
        "Gain On Sale Of Security": 2364000.0,
        "Net Non Operating Interest Income Expense": -2939000.0,
        "Total Other Finance Cost": 462000.0,
        "Interest Expense Non Operating": 4049000.0,
        "Interest Income Non Operating": 1572000.0,
        "Operating Income": -2133000.0,
        "Operating Expense": 20034000.0,
        "Other Operating Expenses": 9419000.0,
        "Depreciation Amortization Depletion Income Statement": 362000.0,
        "Depreciation And Amortization In Income Statement": 362000.0,
        "Depreciation Income Statement": 362000.0,
        "Selling General And Administration": 10253000.0,
        "General And Administrative Expense": 10253000.0,
        "Other Gand A": 4650000.0,
        "Salaries And Wages": 5603000.0,
        "Gross Profit": 17901000.0,
        "Cost Of Revenue": 119775000.0,
        "Total Revenue": 137676000.0,
        "Operating Revenue": 137676000.0
    },
    "2024-03-31": {
        "Tax Effect Of Unusual Items": 6450.0,
        "Tax Rate For Calcs": 0.15,
        "Normalized EBITDA": 4167000.0,
        "Total Unusual Items": 43000.0,
        "Total Unusual Items Excluding Goodwill": 43000.0,
        "Net Income From Continuing Operation Net Minority Interest": -13563000.0,
        "Reconciled Depreciation": 26214000.0,
        "Reconciled Cost Of Revenue": 81034000.0,
        "EBITDA": 4210000.0,
        "EBIT": -22004000.0,
        "Net Interest Income": -3925000.0,
        "Interest Expense": 4681000.0,
        "Interest Income": 756000.0,
        "Normalized Income": -13599550.0,
        "Net Income From Continuing And Discontinued Operation": -13563000.0,
        "Total Expenses": 129362000.0,
        "Total Operating Income As Reported": -19243000.0,
        "Diluted Average Shares": 287210710.0,
        "Basic Average Shares": 287210710.0,
        "Diluted EPS": -0.05,
        "Basic EPS": -0.05,
        "Diluted NI Availto Com Stockholders": -13563000.0,
        "Net Income Common Stockholders": -13563000.0,
        "Net Income": -13563000.0,
        "Net Income Including Noncontrolling Interests": -13563000.0,
        "Net Income Continuous Operations": -13563000.0,
        "Tax Provision": -13122000.0,
        "Pretax Income": -26685000.0,
        "Other Income Expense": 43000.0,
        "Special Income Charges": 0.0,
        "Gain On Sale Of Ppe": 0.0,
        "Write Off": NaN,
        "Impairment Of Capital Assets": 0.0,
        "Restructuring And Mergern Acquisition": NaN,
        "Gain On Sale Of Security": 43000.0,
        "Net Non Operating Interest Income Expense": -3925000.0,
        "Total Other Finance Cost": NaN,
        "Interest Expense Non Operating": 4681000.0,
        "Interest Income Non Operating": 756000.0,
        "Operating Income": -22803000.0,
        "Operating Expense": 22482000.0,
        "Other Operating Expenses": 8700000.0,
        "Depreciation Amortization Depletion Income Statement": 368000.0,
        "Depreciation And Amortization In Income Statement": 368000.0,
        "Depreciation Income Statement": 368000.0,
        "Selling General And Administration": 13414000.0,
        "General And Administrative Expense": 13414000.0,
        "Other Gand A": 4251000.0,
        "Salaries And Wages": 9163000.0,
        "Gross Profit": -321000.0,
        "Cost Of Revenue": 106880000.0,
        "Total Revenue": 106559000.0,
        "Operating Revenue": 106559000.0
    },
    "2024-06-30": {
        "Tax Effect Of Unusual Items": -1450500.0,
        "Tax Rate For Calcs": 0.15,
        "Normalized EBITDA": 28845000.0,
        "Total Unusual Items": -9670000.0,
        "Total Unusual Items Excluding Goodwill": -9670000.0,
        "Net Income From Continuing Operation Net Minority Interest": -48251000.0,
        "Reconciled Depreciation": 31979000.0,
        "Reconciled Cost Of Revenue": 89670000.0,
        "EBITDA": 19175000.0,
        "EBIT": -12804000.0,
        "Net Interest Income": -2480000.0,
        "Interest Expense": 4933000.0,
        "Interest Income": 2453000.0,
        "Normalized Income": -40031500.0,
        "Net Income From Continuing And Discontinued Operation": -48251000.0,
        "Total Expenses": 142327000.0,
        "Total Operating Income As Reported": -14318000.0,
        "Diluted Average Shares": 292027581.0,
        "Basic Average Shares": 292027581.0,
        "Diluted EPS": -0.17,
        "Basic EPS": -0.17,
        "Diluted NI Availto Com Stockholders": -48251000.0,
        "Net Income Common Stockholders": -48251000.0,
        "Net Income": -48251000.0,
        "Net Income Including Noncontrolling Interests": -48251000.0,
        "Net Income Continuous Operations": -48251000.0,
        "Tax Provision": 30514000.0,
        "Pretax Income": -17737000.0,
        "Other Income Expense": -9670000.0,
        "Special Income Charges": 0.0,
        "Gain On Sale Of Ppe": 0.0,
        "Write Off": 0.0,
        "Impairment Of Capital Assets": 0.0,
        "Restructuring And Mergern Acquisition": NaN,
        "Gain On Sale Of Security": -9670000.0,
        "Net Non Operating Interest Income Expense": -2480000.0,
        "Total Other Finance Cost": NaN,
        "Interest Expense Non Operating": 4933000.0,
        "Interest Income Non Operating": 2453000.0,
        "Operating Income": -5587000.0,
        "Operating Expense": 21049000.0,
        "Other Operating Expenses": 8125000.0,
        "Depreciation Amortization Depletion Income Statement": 371000.0,
        "Depreciation And Amortization In Income Statement": 371000.0,
        "Depreciation Income Statement": 371000.0,
        "Selling General And Administration": 12553000.0,
        "General And Administrative Expense": 12553000.0,
        "Other Gand A": 4841000.0,
        "Salaries And Wages": 7712000.0,
        "Gross Profit": 15462000.0,
        "Cost Of Revenue": 121278000.0,
        "Total Revenue": 136740000.0,
        "Operating Revenue": 136740000.0
    }
}