{
    "2023-03-31": {
        "Tax Effect Of Unusual Items": NaN,
        "Tax Rate For Calcs": NaN,
        "Normalized EBITDA": NaN,
        "Total Unusual Items": NaN,
        "Total Unusual Items Excluding Goodwill": NaN,
        "Net Income From Continuing Operation Net Minority Interest": NaN,
        "Reconciled Depreciation": NaN,
        "Reconciled Cost Of Revenue": NaN,
        "EBITDA": NaN,
        "EBIT": NaN,
        "Net Interest Income": NaN,
        "Interest Income": 734449.0,
        "Normalized Income": NaN,
        "Net Income From Continuing And Discontinued Operation": NaN,
        "Total Expenses": NaN,
        "Total Operating Income As Reported": NaN,
        "Diluted Average Shares": NaN,
        "Basic Average Shares": NaN,
        "Diluted EPS": NaN,
        "Basic EPS": NaN,
        "Diluted NI Availto Com Stockholders": NaN,
        "Net Income Common Stockholders": NaN,
        "Net Income": NaN,
        "Minority Interests": 0.0,
        "Net Income Including Noncontrolling Interests": NaN,
        "Net Income Continuous Operations": NaN,
        "Pretax Income": NaN,
        "Other Income Expense": NaN,
        "Other Non Operating Income Expenses": NaN,
        "Special Income Charges": NaN,
        "Impairment Of Capital Assets": NaN,
        "Gain On Sale Of Security": NaN,
        "Net Non Operating Interest Income Expense": NaN,
        "Interest Income Non Operating": 734449.0,
        "Operating Income": NaN,
        "Operating Expense": NaN,
        "Depreciation Amortization Depletion Income Statement": NaN,
        "Depreciation And Amortization In Income Statement": NaN,
        "Research And Development": 0.0,
        "Selling General And Administration": NaN,
        "Selling And Marketing Expense": NaN,
        "General And Administrative Expense": NaN,
        "Other Gand A": NaN,
        "Salaries And Wages": NaN,
        "Gross Profit": NaN,
        "Cost Of Revenue": NaN,
        "Total Revenue": NaN,
        "Operating Revenue": NaN
    },
    "2022-12-31": {
        "Tax Effect Of Unusual Items": NaN,
        "Tax Rate For Calcs": NaN,
        "Normalized EBITDA": NaN,
        "Total Unusual Items": -67500.0,
        "Total Unusual Items Excluding Goodwill": -67500.0,
        "Net Income From Continuing Operation Net Minority Interest": NaN,
        "Reconciled Depreciation": NaN,
        "Reconciled Cost Of Revenue": NaN,
        "EBITDA": NaN,
        "EBIT": NaN,
        "Net Interest Income": NaN,
        "Interest Income": NaN,
        "Normalized Income": NaN,
        "Net Income From Continuing And Discontinued Operation": NaN,
        "Total Expenses": NaN,
        "Total Operating Income As Reported": NaN,
        "Diluted Average Shares": NaN,
        "Basic Average Shares": NaN,
        "Diluted EPS": NaN,
        "Basic EPS": NaN,
        "Diluted NI Availto Com Stockholders": NaN,
        "Net Income Common Stockholders": NaN,
        "Net Income": NaN,
        "Minority Interests": NaN,
        "Net Income Including Noncontrolling Interests": NaN,
        "Net Income Discontinuous Operations": 0.0,
        "Net Income Continuous Operations": NaN,
        "Pretax Income": NaN,
        "Other Income Expense": NaN,
        "Other Non Operating Income Expenses": NaN,
        "Special Income Charges": -67500.0,
        "Impairment Of Capital Assets": 67500.0,
        "Gain On Sale Of Security": NaN,
        "Net Non Operating Interest Income Expense": NaN,
        "Total Other Finance Cost": -755209.0,
        "Interest Income Non Operating": NaN,
        "Operating Income": NaN,
        "Operating Expense": NaN,
        "Depreciation Amortization Depletion Income Statement": NaN,
        "Depreciation And Amortization In Income Statement": NaN,
        "Research And Development": NaN,
        "Selling General And Administration": NaN,
        "Selling And Marketing Expense": NaN,
        "General And Administrative Expense": NaN,
        "Other Gand A": NaN,
        "Salaries And Wages": NaN,
        "Gross Profit": NaN,
        "Cost Of Revenue": NaN,
        "Total Revenue": NaN,
        "Operating Revenue": NaN
    },
    "2022-09-30": {
        "Tax Effect Of Unusual Items": NaN,
        "Tax Rate For Calcs": NaN,
        "Normalized EBITDA": NaN,
        "Total Unusual Items": 0.0,
        "Total Unusual Items Excluding Goodwill": 0.0,
        "Net Income From Continuing Operation Net Minority Interest": NaN,
        "Reconciled Depreciation": NaN,
        "Reconciled Cost Of Revenue": NaN,
        "EBITDA": NaN,
        "EBIT": NaN,
        "Net Interest Income": NaN,
        "Interest Income": 25316.0,
        "Normalized Income": NaN,
        "Net Income From Continuing And Discontinued Operation": NaN,
        "Total Expenses": NaN,
        "Total Operating Income As Reported": NaN,
        "Diluted Average Shares": NaN,
        "Basic Average Shares": NaN,
        "Diluted EPS": NaN,
        "Basic EPS": NaN,
        "Diluted NI Availto Com Stockholders": NaN,
        "Net Income Common Stockholders": NaN,
        "Net Income": NaN,
        "Minority Interests": NaN,
        "Net Income Including Noncontrolling Interests": NaN,
        "Net Income Discontinuous Operations": 0.0,
        "Net Income Continuous Operations": NaN,
        "Pretax Income": NaN,
        "Other Income Expense": NaN,
        "Other Non Operating Income Expenses": NaN,
        "Special Income Charges": 0.0,
        "Impairment Of Capital Assets": 0.0,
        "Net Non Operating Interest Income Expense": NaN,
        "Total Other Finance Cost": -25316.0,
        "Interest Income Non Operating": 25316.0,
        "Operating Income": NaN,
        "Operating Expense": NaN,
        "Depreciation Amortization Depletion Income Statement": NaN,
        "Depreciation And Amortization In Income Statement": NaN,
        "Research And Development": NaN,
        "Selling General And Administration": NaN,
        "Selling And Marketing Expense": NaN,
        "General And Administrative Expense": NaN,
        "Other Gand A": NaN,
        "Salaries And Wages": 0.0,
        "Gross Profit": NaN,
        "Cost Of Revenue": NaN,
        "Total Revenue": NaN,
        "Operating Revenue": NaN
    },
    "2022-06-30": {
        "Tax Effect Of Unusual Items": 0.0,
        "Tax Rate For Calcs": 0.0,
        "Normalized EBITDA": -2482986.0,
        "Total Unusual Items": -164411.0,
        "Total Unusual Items Excluding Goodwill": -164411.0,
        "Net Income From Continuing Operation Net Minority Interest": -3688951.0,
        "Reconciled Depreciation": 808233.0,
        "Reconciled Cost Of Revenue": 1122678.0,
        "EBITDA": -2647397.0,
        "EBIT": -3455630.0,
        "Net Interest Income": 4315.0,
        "Interest Income": NaN,
        "Normalized Income": -3524540.0,
        "Net Income From Continuing And Discontinued Operation": -3688951.0,
        "Total Expenses": 4613464.0,
        "Total Operating Income As Reported": -3620041.0,
        "Diluted Average Shares": 39116907.0,
        "Basic Average Shares": 39116907.0,
        "Diluted EPS": -0.09,
        "Basic EPS": -0.09,
        "Diluted NI Availto Com Stockholders": -3688951.0,
        "Net Income Common Stockholders": -3688951.0,
        "Net Income": -3688951.0,
        "Net Income Including Noncontrolling Interests": -3688951.0,
        "Net Income Discontinuous Operations": 0.0,
        "Net Income Continuous Operations": -3688951.0,
        "Pretax Income": -3688951.0,
        "Other Income Expense": -237636.0,
        "Other Non Operating Income Expenses": -73225.0,
        "Special Income Charges": -164411.0,
        "Impairment Of Capital Assets": 164411.0,
        "Net Non Operating Interest Income Expense": 4315.0,
        "Total Other Finance Cost": -4315.0,
        "Interest Income Non Operating": NaN,
        "Operating Income": -3455630.0,
        "Operating Expense": 3490786.0,
        "Depreciation Amortization Depletion Income Statement": 808233.0,
        "Depreciation And Amortization In Income Statement": 808233.0,
        "Selling General And Administration": 2682553.0,
        "Selling And Marketing Expense": 62131.0,
        "General And Administrative Expense": 2620422.0,
        "Other Gand A": 2620422.0,
        "Gross Profit": 35156.0,
        "Cost Of Revenue": 1122678.0,
        "Total Revenue": 1157834.0,
        "Operating Revenue": 1157834.0
    },
    "2022-03-31": {
        "Diluted EPS": -0.1,
        "Total Revenue": 2,
        "Gross Profit": 1,
        "Operating Income": -4,
        "EBIT": -3,
        "Net Income": -4
    },
    "2021-12-31": {
        "Diluted EPS": -0.13,
        "Total Revenue": 2,
        "Gross Profit": 1,
        "Operating Income": -3,
        "EBIT": -2,
        "Net Income": -5
    },
    "2021-09-30": {
        "Diluted EPS": 1.9,
        "Total Revenue": 2,
        "Gross Profit": 0,
        "Operating Income": -4,
        "EBIT": -3,
        "Net Income": 74
    },
    "2021-06-30": {
        "Diluted EPS": -0.07,
        "Total Revenue": 1,
        "Gross Profit": 0,
        "Operating Income": -4,
        "EBIT": -3,
        "Net Income": -3
    },
    "2021-03-31": {
        "Diluted EPS": -0.09,
        "Total Revenue": 1,
        "Gross Profit": 0,
        "Operating Income": -5,
        "EBIT": -4,
        "Net Income": -3
    },
    "2020-12-31": {
        "Diluted EPS": -0.56,
        "Total Revenue": 1,
        "Gross Profit": 0,
        "Operating Income": -15,
        "EBIT": -13,
        "Net Income": -19
    },
    "2020-09-30": {
        "Diluted EPS": -0.22,
        "Total Revenue": 1,
        "Gross Profit": 0,
        "Operating Income": -4,
        "EBIT": -2,
        "Net Income": -7
    },
    "2020-06-30": {
        "Diluted EPS": -0.42,
        "Total Revenue": 1,
        "Gross Profit": 0,
        "Operating Income": -5,
        "EBIT": -3,
        "Net Income": -11
    },
    "2020-03-31": {
        "Diluted EPS": -0.37,
        "Total Revenue": 1,
        "Gross Profit": 0,
        "Operating Income": -8,
        "EBIT": -7,
        "Net Income": -9
    },
    "2019-12-31": {
        "Diluted EPS": -0.23,
        "Total Revenue": -12,
        "Gross Profit": -9,
        "Operating Income": -4,
        "EBIT": -5,
        "Net Income": -6
    },
    "2019-09-30": {
        "Diluted EPS": -0.24,
        "Total Revenue": 6,
        "Gross Profit": 3,
        "Operating Income": -4,
        "EBIT": -2,
        "Net Income": -4
    },
    "2019-06-30": {
        "Diluted EPS": -0.24,
        "Total Revenue": 7,
        "Gross Profit": 4,
        "Operating Income": -3,
        "EBIT": -1,
        "Net Income": -3
    },
    "2019-03-31": {
        "Diluted EPS": -0.33,
        "Total Revenue": 6,
        "Gross Profit": 4,
        "Operating Income": -4,
        "EBIT": -2,
        "Net Income": -4
    },
    "2018-12-31": {
        "Diluted EPS": -2.01,
        "Total Revenue": 15,
        "Gross Profit": 8,
        "Operating Income": -22,
        "EBIT": -20,
        "Net Income": -24
    },
    "2018-09-30": {
        "Diluted EPS": -0.58,
        "Total Revenue": 5,
        "Gross Profit": 3,
        "Operating Income": -6,
        "EBIT": -6,
        "Net Income": -7
    },
    "2018-06-30": {
        "Diluted EPS": -0.02,
        "Total Revenue": NaN,
        "Gross Profit": NaN,
        "Operating Income": 0,
        "EBIT": 0,
        "Net Income": 0
    },
    "2018-03-31": {
        "Diluted EPS": -0.03,
        "Total Revenue": NaN,
        "Gross Profit": NaN,
        "Operating Income": 0,
        "EBIT": 0,
        "Net Income": 0
    },
    "2017-12-31": {
        "Diluted EPS": 0.0,
        "Total Revenue": NaN,
        "Gross Profit": NaN,
        "Operating Income": NaN,
        "EBIT": NaN,
        "Net Income": NaN
    },
    "2017-09-30": {
        "Diluted EPS": 0.0,
        "Total Revenue": NaN,
        "Gross Profit": NaN,
        "Operating Income": 0,
        "EBIT": 0,
        "Net Income": 0
    },
    "2017-06-30": {
        "Diluted EPS": 0.0,
        "Total Revenue": NaN,
        "Gross Profit": NaN,
        "Operating Income": 0,
        "EBIT": 0,
        "Net Income": 0
    },
    "2023-06-30": {
        "Tax Effect Of Unusual Items": NaN,
        "Tax Rate For Calcs": NaN,
        "Normalized EBITDA": NaN,
        "Total Unusual Items": 0.0,
        "Total Unusual Items Excluding Goodwill": 0.0,
        "Net Income From Continuing Operation Net Minority Interest": NaN,
        "Reconciled Depreciation": NaN,
        "Reconciled Cost Of Revenue": NaN,
        "EBITDA": NaN,
        "EBIT": NaN,
        "Net Interest Income": NaN,
        "Interest Income": 715126.0,
        "Normalized Income": NaN,
        "Net Income From Continuing And Discontinued Operation": NaN,
        "Total Expenses": NaN,
        "Total Operating Income As Reported": NaN,
        "Diluted Average Shares": NaN,
        "Basic Average Shares": NaN,
        "Diluted EPS": NaN,
        "Basic EPS": NaN,
        "Diluted NI Availto Com Stockholders": NaN,
        "Net Income Common Stockholders": NaN,
        "Net Income": NaN,
        "Minority Interests": 0.0,
        "Net Income Including Noncontrolling Interests": NaN,
        "Net Income Continuous Operations": NaN,
        "Tax Provision": NaN,
        "Pretax Income": NaN,
        "Other Income Expense": NaN,
        "Other Non Operating Income Expenses": NaN,
        "Special Income Charges": 0.0,
        "Impairment Of Capital Assets": 0.0,
        "Gain On Sale Of Security": NaN,
        "Net Non Operating Interest Income Expense": NaN,
        "Interest Income Non Operating": 715126.0,
        "Operating Income": NaN,
        "Operating Expense": NaN,
        "Depreciation Amortization Depletion Income Statement": NaN,
        "Depreciation And Amortization In Income Statement": NaN,
        "Research And Development": 0.0,
        "Selling General And Administration": NaN,
        "Selling And Marketing Expense": NaN,
        "General And Administrative Expense": NaN,
        "Other Gand A": NaN,
        "Salaries And Wages": NaN,
        "Gross Profit": NaN,
        "Cost Of Revenue": NaN,
        "Total Revenue": NaN,
        "Operating Revenue": NaN
    },
    "2023-09-30": {
        "Tax Effect Of Unusual Items": 0.0,
        "Tax Rate For Calcs": 0.0,
        "Normalized EBITDA": -400846.0,
        "Total Unusual Items": 0.0,
        "Total Unusual Items Excluding Goodwill": 0.0,
        "Net Income From Continuing Operation Net Minority Interest": 75246.0,
        "Reconciled Depreciation": 239413.0,
        "Reconciled Cost Of Revenue": 575176.0,
        "EBITDA": -400846.0,
        "EBIT": -640259.0,
        "Net Interest Income": 715893.0,
        "Interest Income": 715893.0,
        "Normalized Income": 75246.0,
        "Net Income From Continuing And Discontinued Operation": 75246.0,
        "Total Expenses": 1760218.0,
        "Total Operating Income As Reported": -640259.0,
        "Diluted Average Shares": 37134457.0,
        "Basic Average Shares": 36942149.0,
        "Diluted EPS": 0.002026,
        "Basic EPS": 0.002037,
        "Diluted NI Availto Com Stockholders": 75246.0,
        "Net Income Common Stockholders": 75246.0,
        "Net Income": 75246.0,
        "Minority Interests": 0.0,
        "Net Income Including Noncontrolling Interests": 75246.0,
        "Net Income Continuous Operations": 75246.0,
        "Tax Provision": 0.0,
        "Pretax Income": 75246.0,
        "Other Income Expense": -388.0,
        "Other Non Operating Income Expenses": -388.0,
        "Special Income Charges": 0.0,
        "Impairment Of Capital Assets": 0.0,
        "Gain On Sale Of Security": NaN,
        "Net Non Operating Interest Income Expense": 715893.0,
        "Interest Income Non Operating": 715893.0,
        "Operating Income": -640259.0,
        "Operating Expense": 1185042.0,
        "Depreciation Amortization Depletion Income Statement": 239413.0,
        "Depreciation And Amortization In Income Statement": 239413.0,
        "Research And Development": 0.0,
        "Selling General And Administration": 945629.0,
        "Selling And Marketing Expense": 51448.0,
        "General And Administrative Expense": 894181.0,
        "Other Gand A": 894181.0,
        "Salaries And Wages": 0.0,
        "Gross Profit": 544783.0,
        "Cost Of Revenue": 575176.0,
        "Total Revenue": 1119959.0,
        "Operating Revenue": 1119959.0
    },
    "2023-12-31": {
        "Tax Effect Of Unusual Items": 0.0,
        "Tax Rate For Calcs": 0.0,
        "Normalized EBITDA": -1438646.0,
        "Total Unusual Items": 0.0,
        "Total Unusual Items Excluding Goodwill": 0.0,
        "Net Income From Continuing Operation Net Minority Interest": -1085602.0,
        "Reconciled Depreciation": 469786.0,
        "Reconciled Cost Of Revenue": 1386955.0,
        "EBITDA": -1438646.0,
        "EBIT": -1908435.0,
        "Net Interest Income": 792103.0,
        "Interest Income": NaN,
        "Normalized Income": -1085602.0,
        "Net Income From Continuing And Discontinued Operation": -1085602.0,
        "Total Expenses": 3981988.0,
        "Total Operating Income As Reported": -1908435.0,
        "Diluted Average Shares": 37218708.0,
        "Basic Average Shares": 37218708.0,
        "Diluted EPS": -0.03,
        "Basic EPS": -0.03,
        "Diluted NI Availto Com Stockholders": -1085602.0,
        "Net Income Common Stockholders": -1085602.0,
        "Net Income": -1085602.0,
        "Minority Interests": NaN,
        "Net Income Including Noncontrolling Interests": -1085602.0,
        "Net Income Continuous Operations": -1085602.0,
        "Tax Provision": NaN,
        "Pretax Income": -1085602.0,
        "Other Income Expense": 30730.0,
        "Other Non Operating Income Expenses": 30730.0,
        "Special Income Charges": 0.0,
        "Impairment Of Capital Assets": 0.0,
        "Gain On Sale Of Security": NaN,
        "Net Non Operating Interest Income Expense": 792103.0,
        "Interest Income Non Operating": NaN,
        "Operating Income": -1908435.0,
        "Operating Expense": 2595036.0,
        "Depreciation Amortization Depletion Income Statement": 469789.0,
        "Depreciation And Amortization In Income Statement": 469789.0,
        "Research And Development": NaN,
        "Selling General And Administration": 1962359.0,
        "Selling And Marketing Expense": 53758.0,
        "General And Administrative Expense": 1908601.0,
        "Other Gand A": 1908601.0,
        "Salaries And Wages": NaN,
        "Gross Profit": 686601.0,
        "Cost Of Revenue": 1386952.0,
        "Total Revenue": 2073553.0,
        "Operating Revenue": 2073553.0
    },
    "2024-03-31": {
        "Tax Effect Of Unusual Items": 0.0,
        "Tax Rate For Calcs": 0.0,
        "Normalized EBITDA": -2300506.0,
        "Total Unusual Items": NaN,
        "Total Unusual Items Excluding Goodwill": NaN,
        "Net Income From Continuing Operation Net Minority Interest": -1699110.0,
        "Reconciled Depreciation": 373731.0,
        "Reconciled Cost Of Revenue": 1574129.0,
        "EBITDA": -2300506.0,
        "EBIT": -2675498.0,
        "Net Interest Income": 859205.0,
        "Interest Income": 859205.0,
        "Normalized Income": -1699110.0,
        "Net Income From Continuing And Discontinued Operation": -1699110.0,
        "Total Expenses": 5054559.0,
        "Total Operating Income As Reported": -2675498.0,
        "Diluted Average Shares": 38857728.0,
        "Basic Average Shares": 38857728.0,
        "Diluted EPS": -0.04,
        "Basic EPS": -0.04,
        "Diluted NI Availto Com Stockholders": -1699110.0,
        "Net Income Common Stockholders": -1699110.0,
        "Net Income": -1699110.0,
        "Minority Interests": 130341.0,
        "Net Income Including Noncontrolling Interests": -1829451.0,
        "Net Income Continuous Operations": -1829451.0,
        "Tax Provision": NaN,
        "Pretax Income": -1829451.0,
        "Other Income Expense": -13158.0,
        "Other Non Operating Income Expenses": -13158.0,
        "Special Income Charges": NaN,
        "Impairment Of Capital Assets": NaN,
        "Gain On Sale Of Security": NaN,
        "Net Non Operating Interest Income Expense": 859205.0,
        "Interest Income Non Operating": 859205.0,
        "Operating Income": -2675498.0,
        "Operating Expense": 3481691.0,
        "Depreciation Amortization Depletion Income Statement": 374992.0,
        "Depreciation And Amortization In Income Statement": 374992.0,
        "Research And Development": 195211.0,
        "Selling General And Administration": 2911488.0,
        "Selling And Marketing Expense": 53688.0,
        "General And Administrative Expense": 2857800.0,
        "Other Gand A": 2857800.0,
        "Salaries And Wages": NaN,
        "Gross Profit": 806193.0,
        "Cost Of Revenue": 1572868.0,
        "Total Revenue": 2379061.0,
        "Operating Revenue": 2379061.0
    },
    "2024-06-30": {
        "Tax Effect Of Unusual Items": 0.0,
        "Tax Rate For Calcs": 0.0,
        "Normalized EBITDA": -5235249.0,
        "Total Unusual Items": 351434.0,
        "Total Unusual Items Excluding Goodwill": 351434.0,
        "Net Income From Continuing Operation Net Minority Interest": -3803258.0,
        "Reconciled Depreciation": 406437.0,
        "Reconciled Cost Of Revenue": 2059629.0,
        "EBITDA": -4883815.0,
        "EBIT": -5290252.0,
        "Net Interest Income": 1041468.0,
        "Interest Income": 1041468.0,
        "Normalized Income": -4154692.0,
        "Net Income From Continuing And Discontinued Operation": -3803258.0,
        "Total Expenses": 7930120.0,
        "Total Operating Income As Reported": -5290252.0,
        "Diluted Average Shares": 43212071.0,
        "Basic Average Shares": 43212071.0,
        "Diluted EPS": -0.09,
        "Basic EPS": -0.09,
        "Diluted NI Availto Com Stockholders": -3803258.0,
        "Net Income Common Stockholders": -3803258.0,
        "Net Income": -3803258.0,
        "Minority Interests": 79693.0,
        "Net Income Including Noncontrolling Interests": -3882951.0,
        "Net Income Continuous Operations": -3882951.0,
        "Tax Provision": NaN,
        "Pretax Income": -3882951.0,
        "Other Income Expense": 365833.0,
        "Other Non Operating Income Expenses": 14399.0,
        "Special Income Charges": NaN,
        "Impairment Of Capital Assets": NaN,
        "Gain On Sale Of Security": 351434.0,
        "Net Non Operating Interest Income Expense": 1041468.0,
        "Interest Income Non Operating": 1041468.0,
        "Operating Income": -5290252.0,
        "Operating Expense": 5866752.0,
        "Depreciation Amortization Depletion Income Statement": 402698.0,
        "Depreciation And Amortization In Income Statement": 402698.0,
        "Research And Development": 173533.0,
        "Selling General And Administration": 5290521.0,
        "Selling And Marketing Expense": 54361.0,
        "General And Administrative Expense": 5236160.0,
        "Other Gand A": 5236160.0,
        "Salaries And Wages": NaN,
        "Gross Profit": 576500.0,
        "Cost Of Revenue": 2063368.0,
        "Total Revenue": 2639868.0,
        "Operating Revenue": 2639868.0
    },
    "2024-09-30": {
        "Tax Effect Of Unusual Items": -92608.401739,
        "Tax Rate For Calcs": 0.076319,
        "Normalized EBITDA": 436397.0,
        "Total Unusual Items": -1213446.0,
        "Total Unusual Items Excluding Goodwill": -1213446.0,
        "Net Income From Continuing Operation Net Minority Interest": -4027941.0,
        "Reconciled Depreciation": 403524.0,
        "Reconciled Cost Of Revenue": 1383570.0,
        "EBITDA": -777049.0,
        "EBIT": -1180573.0,
        "Net Interest Income": 1033362.0,
        "Interest Income": 1033362.0,
        "Normalized Income": -2907103.401739,
        "Net Income From Continuing And Discontinued Operation": -4027941.0,
        "Total Expenses": 3344114.0,
        "Total Operating Income As Reported": -1180573.0,
        "Diluted Average Shares": 37219904.0,
        "Basic Average Shares": 37219904.0,
        "Diluted EPS": -0.11,
        "Basic EPS": -0.11,
        "Diluted NI Availto Com Stockholders": -4027941.0,
        "Net Income Common Stockholders": -4027941.0,
        "Net Income": -4027941.0,
        "Minority Interests": 681.0,
        "Net Income Including Noncontrolling Interests": -4028622.0,
        "Net Income Continuous Operations": -4028622.0,
        "Tax Provision": -332862.0,
        "Pretax Income": -4361484.0,
        "Other Income Expense": -4214273.0,
        "Other Non Operating Income Expenses": -3000827.0,
        "Special Income Charges": NaN,
        "Impairment Of Capital Assets": NaN,
        "Gain On Sale Of Security": -1213446.0,
        "Net Non Operating Interest Income Expense": 1033362.0,
        "Interest Income Non Operating": 1033362.0,
        "Operating Income": -1180573.0,
        "Operating Expense": 1960544.0,
        "Depreciation Amortization Depletion Income Statement": 403524.0,
        "Depreciation And Amortization In Income Statement": 403524.0,
        "Research And Development": 158162.0,
        "Selling General And Administration": 1398858.0,
        "Selling And Marketing Expense": 90512.0,
        "General And Administrative Expense": 1308346.0,
        "Other Gand A": 1308346.0,
        "Salaries And Wages": NaN,
        "Gross Profit": 779971.0,
        "Cost Of Revenue": 1383570.0,
        "Total Revenue": 2163541.0,
        "Operating Revenue": 2163541.0
    }
}