{
    "2023-06-30": {
        "Tax Effect Of Unusual Items": -1910082.404266,
        "Tax Rate For Calcs": 0.269026,
        "Normalized EBITDA": 496100000.0,
        "Total Unusual Items": -7100000.0,
        "Total Unusual Items Excluding Goodwill": -7100000.0,
        "Net Income From Continuing Operation Net Minority Interest": 319200000.0,
        "Reconciled Depreciation": 70600000.0,
        "Reconciled Cost Of Revenue": 2760500000.0,
        "EBITDA": 489000000.0,
        "EBIT": 418400000.0,
        "Net Interest Income": -5800000.0,
        "Interest Expense": 5800000.0,
        "Normalized Income": 324389917.595734,
        "Net Income From Continuing And Discontinued Operation": 319200000.0,
        "Total Expenses": 3319200000.0,
        "Total Operating Income As Reported": 496400000.0,
        "Diluted Average Shares": 75000000.0,
        "Basic Average Shares": 74900000.0,
        "Diluted EPS": 4.26,
        "Basic EPS": 4.26,
        "Diluted NI Availto Com Stockholders": 319200000.0,
        "Net Income Common Stockholders": 319200000.0,
        "Net Income": 319200000.0,
        "Minority Interests": 0.0,
        "Net Income Including Noncontrolling Interests": 319200000.0,
        "Net Income Continuous Operations": 319200000.0,
        "Earnings From Equity Interest Net Of Tax": 17600000.0,
        "Tax Provision": 111000000.0,
        "Pretax Income": 412600000.0,
        "Other Income Expense": -85100000.0,
        "Other Non Operating Income Expenses": -78000000.0,
        "Special Income Charges": -7100000.0,
        "Write Off": 1000000.0,
        "Impairment Of Capital Assets": NaN,
        "Restructuring And Mergern Acquisition": 6100000.0,
        "Net Non Operating Interest Income Expense": -5800000.0,
        "Interest Expense Non Operating": 5800000.0,
        "Operating Income": 503500000.0,
        "Operating Expense": 502200000.0,
        "Depreciation Amortization Depletion Income Statement": 14100000.0,
        "Depreciation And Amortization In Income Statement": 14100000.0,
        "Amortization": 14100000.0,
        "Amortization Of Intangibles Income Statement": 14100000.0,
        "Research And Development": 138800000.0,
        "Selling General And Administration": 349300000.0,
        "Gross Profit": 1005700000.0,
        "Cost Of Revenue": 2817000000.0,
        "Total Revenue": 3822700000.0,
        "Operating Revenue": 3822700000.0
    },
    "2023-03-31": {
        "Tax Effect Of Unusual Items": -500237.812128,
        "Tax Rate For Calcs": 0.357313,
        "Normalized EBITDA": 406700000.0,
        "Total Unusual Items": -1400000.0,
        "Total Unusual Items Excluding Goodwill": -1400000.0,
        "Net Income From Continuing Operation Net Minority Interest": 232600000.0,
        "Reconciled Depreciation": 68400000.0,
        "Reconciled Cost Of Revenue": 2425000000.0,
        "EBITDA": 405300000.0,
        "EBIT": 336900000.0,
        "Net Interest Income": -500000.0,
        "Interest Expense": 500000.0,
        "Normalized Income": 233499762.187872,
        "Net Income From Continuing And Discontinued Operation": 232600000.0,
        "Total Expenses": 2944800000.0,
        "Total Operating Income As Reported": 387300000.0,
        "Diluted Average Shares": 75000000.0,
        "Basic Average Shares": 74900000.0,
        "Diluted EPS": 3.1,
        "Basic EPS": 3.11,
        "Diluted NI Availto Com Stockholders": 232600000.0,
        "Net Income Common Stockholders": 232600000.0,
        "Net Income": 232600000.0,
        "Minority Interests": 0.0,
        "Net Income Including Noncontrolling Interests": 232600000.0,
        "Net Income Continuous Operations": 232600000.0,
        "Earnings From Equity Interest Net Of Tax": 16400000.0,
        "Tax Provision": 120200000.0,
        "Pretax Income": 336400000.0,
        "Other Income Expense": -51800000.0,
        "Other Non Operating Income Expenses": -50400000.0,
        "Special Income Charges": -1400000.0,
        "Write Off": 1500000.0,
        "Impairment Of Capital Assets": 0.0,
        "Restructuring And Mergern Acquisition": 1400000.0,
        "Net Non Operating Interest Income Expense": -500000.0,
        "Interest Expense Non Operating": 500000.0,
        "Operating Income": 388700000.0,
        "Operating Expense": 466200000.0,
        "Depreciation Amortization Depletion Income Statement": 14800000.0,
        "Depreciation And Amortization In Income Statement": 14800000.0,
        "Amortization": 14800000.0,
        "Amortization Of Intangibles Income Statement": 14800000.0,
        "Research And Development": 119600000.0,
        "Selling General And Administration": 331800000.0,
        "Gross Profit": 854900000.0,
        "Cost Of Revenue": 2478600000.0,
        "Total Revenue": 3333500000.0,
        "Operating Revenue": 3333500000.0
    },
    "2022-12-31": {
        "Tax Effect Of Unusual Items": NaN,
        "Tax Rate For Calcs": NaN,
        "Normalized EBITDA": NaN,
        "Total Unusual Items": NaN,
        "Total Unusual Items Excluding Goodwill": NaN,
        "Net Income From Continuing Operation Net Minority Interest": NaN,
        "Reconciled Depreciation": NaN,
        "Reconciled Cost Of Revenue": NaN,
        "EBITDA": NaN,
        "EBIT": NaN,
        "Net Interest Income": NaN,
        "Interest Expense": NaN,
        "Normalized Income": NaN,
        "Net Income From Continuing And Discontinued Operation": NaN,
        "Total Expenses": NaN,
        "Total Operating Income As Reported": NaN,
        "Diluted Average Shares": NaN,
        "Basic Average Shares": NaN,
        "Diluted EPS": NaN,
        "Basic EPS": NaN,
        "Diluted NI Availto Com Stockholders": NaN,
        "Net Income Common Stockholders": NaN,
        "Net Income": NaN,
        "Minority Interests": NaN,
        "Net Income Including Noncontrolling Interests": NaN,
        "Net Income Continuous Operations": NaN,
        "Earnings From Equity Interest Net Of Tax": NaN,
        "Tax Provision": NaN,
        "Pretax Income": NaN,
        "Other Income Expense": NaN,
        "Other Non Operating Income Expenses": NaN,
        "Special Income Charges": NaN,
        "Write Off": 1200000.0,
        "Impairment Of Capital Assets": 0.0,
        "Restructuring And Mergern Acquisition": NaN,
        "Net Non Operating Interest Income Expense": NaN,
        "Interest Expense Non Operating": NaN,
        "Operating Income": NaN,
        "Operating Expense": NaN,
        "Depreciation Amortization Depletion Income Statement": NaN,
        "Depreciation And Amortization In Income Statement": NaN,
        "Amortization": NaN,
        "Amortization Of Intangibles Income Statement": NaN,
        "Research And Development": NaN,
        "Selling General And Administration": NaN,
        "Gross Profit": NaN,
        "Cost Of Revenue": NaN,
        "Total Revenue": NaN,
        "Operating Revenue": NaN
    },
    "2022-09-30": {
        "Tax Effect Of Unusual Items": NaN,
        "Tax Rate For Calcs": NaN,
        "Normalized EBITDA": NaN,
        "Total Unusual Items": NaN,
        "Total Unusual Items Excluding Goodwill": NaN,
        "Net Income From Continuing Operation Net Minority Interest": NaN,
        "Reconciled Depreciation": NaN,
        "Reconciled Cost Of Revenue": NaN,
        "EBITDA": NaN,
        "EBIT": NaN,
        "Net Interest Income": NaN,
        "Interest Expense": NaN,
        "Normalized Income": NaN,
        "Net Income From Continuing And Discontinued Operation": NaN,
        "Total Expenses": NaN,
        "Total Operating Income As Reported": NaN,
        "Diluted Average Shares": NaN,
        "Basic Average Shares": NaN,
        "Diluted EPS": NaN,
        "Basic EPS": NaN,
        "Diluted NI Availto Com Stockholders": NaN,
        "Net Income Common Stockholders": NaN,
        "Net Income": NaN,
        "Minority Interests": NaN,
        "Net Income Including Noncontrolling Interests": NaN,
        "Net Income Continuous Operations": NaN,
        "Earnings From Equity Interest Net Of Tax": NaN,
        "Tax Provision": NaN,
        "Pretax Income": NaN,
        "Other Income Expense": NaN,
        "Other Non Operating Income Expenses": NaN,
        "Special Income Charges": NaN,
        "Write Off": -1100000.0,
        "Impairment Of Capital Assets": NaN,
        "Restructuring And Mergern Acquisition": NaN,
        "Net Non Operating Interest Income Expense": NaN,
        "Interest Expense Non Operating": NaN,
        "Operating Income": NaN,
        "Operating Expense": NaN,
        "Depreciation Amortization Depletion Income Statement": NaN,
        "Depreciation And Amortization In Income Statement": NaN,
        "Amortization": NaN,
        "Amortization Of Intangibles Income Statement": NaN,
        "Research And Development": NaN,
        "Selling General And Administration": NaN,
        "Gross Profit": NaN,
        "Cost Of Revenue": NaN,
        "Total Revenue": NaN,
        "Operating Revenue": NaN
    },
    "2022-06-30": {
        "Tax Effect Of Unusual Items": -606189.063162,
        "Tax Rate For Calcs": 0.303095,
        "Normalized EBITDA": 311000000.0,
        "Total Unusual Items": -2000000.0,
        "Total Unusual Items Excluding Goodwill": -2000000.0,
        "Net Income From Continuing Operation Net Minority Interest": 177700000.0,
        "Reconciled Depreciation": 67200000.0,
        "Reconciled Cost Of Revenue": 2202900000.0,
        "EBITDA": 309000000.0,
        "EBIT": 241800000.0,
        "Net Interest Income": -5900000.0,
        "Interest Expense": 5900000.0,
        "Normalized Income": 179093810.936838,
        "Net Income From Continuing And Discontinued Operation": 177700000.0,
        "Total Expenses": 2679700000.0,
        "Total Operating Income As Reported": 263500000.0,
        "Diluted Average Shares": 74900000.0,
        "Basic Average Shares": 74600000.0,
        "Diluted EPS": 2.37,
        "Basic EPS": 2.38,
        "Diluted NI Availto Com Stockholders": 177700000.0,
        "Net Income Common Stockholders": 177700000.0,
        "Net Income": 177700000.0,
        "Minority Interests": 100000.0,
        "Net Income Including Noncontrolling Interests": 177600000.0,
        "Net Income Continuous Operations": 177600000.0,
        "Earnings From Equity Interest Net Of Tax": 13200000.0,
        "Tax Provision": 71500000.0,
        "Pretax Income": 235900000.0,
        "Other Income Expense": -23700000.0,
        "Other Non Operating Income Expenses": -21700000.0,
        "Special Income Charges": -2000000.0,
        "Write Off": 1600000.0,
        "Restructuring And Mergern Acquisition": 400000.0,
        "Net Non Operating Interest Income Expense": -5900000.0,
        "Interest Expense Non Operating": 5900000.0,
        "Operating Income": 265500000.0,
        "Operating Expense": 425000000.0,
        "Depreciation Amortization Depletion Income Statement": 15400000.0,
        "Depreciation And Amortization In Income Statement": 15400000.0,
        "Amortization": 15400000.0,
        "Amortization Of Intangibles Income Statement": 15400000.0,
        "Research And Development": 107100000.0,
        "Selling General And Administration": 302500000.0,
        "Gross Profit": 690500000.0,
        "Cost Of Revenue": 2254700000.0,
        "Total Revenue": 2945200000.0,
        "Operating Revenue": 2945200000.0
    },
    "2022-03-31": {
        "Diluted EPS": 2.03,
        "Total Revenue": NaN,
        "Gross Profit": 631,
        "Operating Income": 204,
        "EBIT": 274,
        "Net Income": 152
    },
    "2021-12-31": {
        "Diluted EPS": 3.73,
        "Total Revenue": NaN,
        "Gross Profit": 683,
        "Operating Income": 264,
        "EBIT": 336,
        "Net Income": 282
    },
    "2021-09-30": {
        "Diluted EPS": 2.4,
        "Total Revenue": NaN,
        "Gross Profit": 627,
        "Operating Income": 252,
        "EBIT": 320,
        "Net Income": 181
    },
    "2021-06-30": {
        "Diluted EPS": 3.73,
        "Total Revenue": NaN,
        "Gross Profit": 692,
        "Operating Income": 290,
        "EBIT": 360,
        "Net Income": 283
    },
    "2021-03-31": {
        "Diluted EPS": 1.99,
        "Total Revenue": NaN,
        "Gross Profit": 571,
        "Operating Income": 195,
        "EBIT": 268,
        "Net Income": 151
    },
    "2020-12-31": {
        "Diluted EPS": 1.78,
        "Total Revenue": NaN,
        "Gross Profit": 596,
        "Operating Income": 178,
        "EBIT": 230,
        "Net Income": 135
    },
    "2020-09-30": {
        "Diluted EPS": 2.09,
        "Total Revenue": NaN,
        "Gross Profit": 579,
        "Operating Income": 224,
        "EBIT": 291,
        "Net Income": 157
    },
    "2020-06-30": {
        "Diluted EPS": 0.93,
        "Total Revenue": NaN,
        "Gross Profit": 433,
        "Operating Income": 97,
        "EBIT": 183,
        "Net Income": 70
    },
    "2020-03-31": {
        "Diluted EPS": 0.85,
        "Total Revenue": NaN,
        "Gross Profit": 451,
        "Operating Income": 100,
        "EBIT": 167,
        "Net Income": 65
    },
    "2019-12-31": {
        "Diluted EPS": -1.13,
        "Total Revenue": NaN,
        "Gross Profit": 514,
        "Operating Income": -50,
        "EBIT": 17,
        "Net Income": -88
    },
    "2019-09-30": {
        "Diluted EPS": 0.1,
        "Total Revenue": NaN,
        "Gross Profit": 450,
        "Operating Income": 106,
        "EBIT": 173,
        "Net Income": 8
    },
    "2019-06-30": {
        "Diluted EPS": 1.82,
        "Total Revenue": NaN,
        "Gross Profit": 564,
        "Operating Income": 200,
        "EBIT": 269,
        "Net Income": 141
    },
    "2019-03-31": {
        "Diluted EPS": 0.84,
        "Total Revenue": NaN,
        "Gross Profit": 457,
        "Operating Income": 92,
        "EBIT": 161,
        "Net Income": 65
    },
    "2018-12-31": {
        "Diluted EPS": 1.25,
        "Total Revenue": NaN,
        "Gross Profit": 539,
        "Operating Income": 159,
        "EBIT": 230,
        "Net Income": 99
    },
    "2018-09-30": {
        "Diluted EPS": 0.89,
        "Total Revenue": NaN,
        "Gross Profit": 474,
        "Operating Income": 111,
        "EBIT": 182,
        "Net Income": 71
    },
    "2018-06-30": {
        "Diluted EPS": 1.14,
        "Total Revenue": NaN,
        "Gross Profit": 556,
        "Operating Income": 168,
        "EBIT": 242,
        "Net Income": 91
    },
    "2018-03-31": {
        "Diluted EPS": 0.3,
        "Total Revenue": NaN,
        "Gross Profit": 428,
        "Operating Income": 51,
        "EBIT": 125,
        "Net Income": 24
    },
    "2017-12-31": {
        "Diluted EPS": 0.55,
        "Total Revenue": NaN,
        "Gross Profit": 531,
        "Operating Income": 143,
        "EBIT": 216,
        "Net Income": 44
    },
    "2017-09-30": {
        "Diluted EPS": 0.76,
        "Total Revenue": NaN,
        "Gross Profit": 429,
        "Operating Income": 97,
        "EBIT": 168,
        "Net Income": 61
    },
    "2017-06-30": {
        "Diluted EPS": 1.14,
        "Total Revenue": NaN,
        "Gross Profit": 475,
        "Operating Income": 148,
        "EBIT": 217,
        "Net Income": 92
    },
    "2017-03-31": {
        "Diluted EPS": -0.13,
        "Total Revenue": NaN,
        "Gross Profit": 330,
        "Operating Income": 16,
        "EBIT": 84,
        "Net Income": -10
    },
    "2016-12-31": {
        "Diluted EPS": 0.76,
        "Total Revenue": NaN,
        "Gross Profit": 420,
        "Operating Income": 90,
        "EBIT": 162,
        "Net Income": 62
    },
    "2016-09-30": {
        "Diluted EPS": 0.5,
        "Total Revenue": NaN,
        "Gross Profit": 354,
        "Operating Income": 59,
        "EBIT": 127,
        "Net Income": 40
    },
    "2016-06-30": {
        "Diluted EPS": 0.61,
        "Total Revenue": NaN,
        "Gross Profit": 427,
        "Operating Income": 119,
        "EBIT": 187,
        "Net Income": 50
    },
    "2016-03-31": {
        "Diluted EPS": 0.09,
        "Total Revenue": NaN,
        "Gross Profit": 315,
        "Operating Income": 19,
        "EBIT": 86,
        "Net Income": 8
    },
    "2015-12-31": {
        "Diluted EPS": 0.73,
        "Total Revenue": NaN,
        "Gross Profit": 397,
        "Operating Income": 85,
        "EBIT": 152,
        "Net Income": 62
    },
    "2015-09-30": {
        "Diluted EPS": 0.77,
        "Total Revenue": NaN,
        "Gross Profit": 366,
        "Operating Income": 79,
        "EBIT": 144,
        "Net Income": 67
    },
    "2015-06-30": {
        "Diluted EPS": 1.22,
        "Total Revenue": NaN,
        "Gross Profit": 450,
        "Operating Income": 150,
        "EBIT": 216,
        "Net Income": 107
    },
    "2015-03-31": {
        "Diluted EPS": 0.34,
        "Total Revenue": NaN,
        "Gross Profit": 348,
        "Operating Income": 47,
        "EBIT": 112,
        "Net Income": 30
    },
    "2014-12-31": {
        "Diluted EPS": 0.87,
        "Total Revenue": NaN,
        "Gross Profit": 498,
        "Operating Income": 115,
        "EBIT": 186,
        "Net Income": 78
    },
    "2014-09-30": {
        "Diluted EPS": 0.69,
        "Total Revenue": NaN,
        "Gross Profit": 422,
        "Operating Income": 109,
        "EBIT": 181,
        "Net Income": 65
    },
    "2014-06-30": {
        "Diluted EPS": 1.77,
        "Total Revenue": NaN,
        "Gross Profit": 632,
        "Operating Income": 267,
        "EBIT": 338,
        "Net Income": 168
    },
    "2014-03-31": {
        "Diluted EPS": 1.03,
        "Total Revenue": NaN,
        "Gross Profit": 515,
        "Operating Income": 156,
        "EBIT": 226,
        "Net Income": 100
    },
    "2013-12-31": {
        "Diluted EPS": 1.4,
        "Total Revenue": NaN,
        "Gross Profit": 591,
        "Operating Income": 197,
        "EBIT": 270,
        "Net Income": 139
    },
    "2013-09-30": {
        "Diluted EPS": 1.27,
        "Total Revenue": NaN,
        "Gross Profit": 556,
        "Operating Income": 199,
        "EBIT": 266,
        "Net Income": 126
    },
    "2013-06-30": {
        "Diluted EPS": 2.15,
        "Total Revenue": NaN,
        "Gross Profit": 710,
        "Operating Income": 327,
        "EBIT": 393,
        "Net Income": 214
    },
    "2013-03-31": {
        "Diluted EPS": 1.19,
        "Total Revenue": NaN,
        "Gross Profit": 533,
        "Operating Income": 177,
        "EBIT": 243,
        "Net Income": 118
    },
    "2012-12-31": {
        "Diluted EPS": 1.05,
        "Total Revenue": NaN,
        "Gross Profit": 528,
        "Operating Income": 119,
        "EBIT": 212,
        "Net Income": 103
    },
    "2012-09-30": {
        "Diluted EPS": 0.96,
        "Total Revenue": NaN,
        "Gross Profit": 491,
        "Operating Income": 140,
        "EBIT": 195,
        "Net Income": 95
    },
    "2012-06-30": {
        "Diluted EPS": 2.08,
        "Total Revenue": NaN,
        "Gross Profit": 611,
        "Operating Income": 265,
        "EBIT": 323,
        "Net Income": 205
    },
    "2012-03-31": {
        "Diluted EPS": 1.21,
        "Total Revenue": NaN,
        "Gross Profit": 493,
        "Operating Income": 170,
        "EBIT": 229,
        "Net Income": 120
    },
    "2011-12-31": {
        "Diluted EPS": 2.91,
        "Total Revenue": NaN,
        "Gross Profit": 524,
        "Operating Income": 186,
        "EBIT": 238,
        "Net Income": 285
    },
    "2011-09-30": {
        "Diluted EPS": 0.87,
        "Total Revenue": NaN,
        "Gross Profit": 408,
        "Operating Income": 114,
        "EBIT": 158,
        "Net Income": 84
    },
    "2011-06-30": {
        "Diluted EPS": 1.36,
        "Total Revenue": NaN,
        "Gross Profit": 488,
        "Operating Income": 202,
        "EBIT": 247,
        "Net Income": 134
    },
    "2011-03-31": {
        "Diluted EPS": 0.81,
        "Total Revenue": NaN,
        "Gross Profit": 356,
        "Operating Income": 109,
        "EBIT": 152,
        "Net Income": 80
    },
    "2010-12-31": {
        "Diluted EPS": 0.88,
        "Total Revenue": NaN,
        "Gross Profit": 409,
        "Operating Income": 142,
        "EBIT": 190,
        "Net Income": 85
    },
    "2010-09-30": {
        "Diluted EPS": 0.65,
        "Total Revenue": NaN,
        "Gross Profit": 304,
        "Operating Income": 76,
        "EBIT": 118,
        "Net Income": 62
    },
    "2010-06-30": {
        "Diluted EPS": 0.66,
        "Total Revenue": NaN,
        "Gross Profit": 321,
        "Operating Income": 97,
        "EBIT": 137,
        "Net Income": 63
    },
    "2010-03-31": {
        "Diluted EPS": 0.1,
        "Total Revenue": NaN,
        "Gross Profit": 225,
        "Operating Income": 9,
        "EBIT": 52,
        "Net Income": 10
    },
    "2009-12-31": {
        "Diluted EPS": 0.35,
        "Total Revenue": NaN,
        "Gross Profit": 266,
        "Operating Income": 48,
        "EBIT": 92,
        "Net Income": 34
    },
    "2009-09-30": {
        "Diluted EPS": 0.12,
        "Total Revenue": NaN,
        "Gross Profit": 243,
        "Operating Income": 36,
        "EBIT": 75,
        "Net Income": 11
    },
    "2009-06-30": {
        "Diluted EPS": 0.61,
        "Total Revenue": NaN,
        "Gross Profit": 292,
        "Operating Income": 78,
        "EBIT": 115,
        "Net Income": 57
    },
    "2009-03-31": {
        "Diluted EPS": 0.36,
        "Total Revenue": NaN,
        "Gross Profit": 271,
        "Operating Income": 57,
        "EBIT": 91,
        "Net Income": 34
    },
    "2023-09-30": {
        "Tax Effect Of Unusual Items": -631446.540881,
        "Tax Rate For Calcs": 0.225517,
        "Normalized EBITDA": 415400000.0,
        "Total Unusual Items": -2800000.0,
        "Total Unusual Items Excluding Goodwill": -2800000.0,
        "Net Income From Continuing Operation Net Minority Interest": 280600000.0,
        "Reconciled Depreciation": 73200000.0,
        "Reconciled Cost Of Revenue": 2462700000.0,
        "EBITDA": 412600000.0,
        "EBIT": 339400000.0,
        "Net Interest Income": -5500000.0,
        "Interest Expense": 5500000.0,
        "Normalized Income": 282768553.459119,
        "Net Income From Continuing And Discontinued Operation": 280600000.0,
        "Total Expenses": 3029100000.0,
        "Total Operating Income As Reported": 423600000.0,
        "Diluted Average Shares": 75000000.0,
        "Basic Average Shares": 74900000.0,
        "Diluted EPS": 3.74,
        "Basic EPS": 3.75,
        "Diluted NI Availto Com Stockholders": 280600000.0,
        "Net Income Common Stockholders": 280600000.0,
        "Net Income": 280600000.0,
        "Minority Interests": 100000.0,
        "Net Income Including Noncontrolling Interests": 280500000.0,
        "Net Income Continuous Operations": 280500000.0,
        "Earnings From Equity Interest Net Of Tax": 21900000.0,
        "Tax Provision": 75300000.0,
        "Pretax Income": 333900000.0,
        "Other Income Expense": -87000000.0,
        "Other Non Operating Income Expenses": -84200000.0,
        "Special Income Charges": -2800000.0,
        "Write Off": 2000000.0,
        "Impairment Of Capital Assets": NaN,
        "Restructuring And Mergern Acquisition": 800000.0,
        "Net Non Operating Interest Income Expense": -5500000.0,
        "Interest Expense Non Operating": 5500000.0,
        "Operating Income": 426400000.0,
        "Operating Expense": 507600000.0,
        "Depreciation Amortization Depletion Income Statement": 14400000.0,
        "Depreciation And Amortization In Income Statement": 14400000.0,
        "Amortization": 14400000.0,
        "Amortization Of Intangibles Income Statement": 14400000.0,
        "Research And Development": 139600000.0,
        "Selling General And Administration": 353600000.0,
        "Gross Profit": 934000000.0,
        "Cost Of Revenue": 2521500000.0,
        "Total Revenue": 3455500000.0,
        "Operating Revenue": 3455500000.0
    },
    "2023-12-31": {
        "Tax Effect Of Unusual Items": -672000.0,
        "Tax Rate For Calcs": 0.21,
        "Normalized EBITDA": 386700000.0,
        "Total Unusual Items": -3200000.0,
        "Total Unusual Items Excluding Goodwill": -3200000.0,
        "Net Income From Continuing Operation Net Minority Interest": 339000000.0,
        "Reconciled Depreciation": 75900000.0,
        "Reconciled Cost Of Revenue": 2756400000.0,
        "EBITDA": 383500000.0,
        "EBIT": 307600000.0,
        "Net Interest Income": 7200000.0,
        "Interest Expense": 57000000.0,
        "Normalized Income": 341528000.0,
        "Net Income From Continuing And Discontinued Operation": 339000000.0,
        "Total Expenses": 3404400000.0,
        "Total Operating Income As Reported": 393100000.0,
        "Diluted Average Shares": 74800000.0,
        "Basic Average Shares": 74700000.0,
        "Diluted EPS": 4.53,
        "Basic EPS": 4.54,
        "Diluted NI Availto Com Stockholders": 339000000.0,
        "Net Income Common Stockholders": 339000000.0,
        "Net Income": 339000000.0,
        "Minority Interests": 0.0,
        "Net Income Including Noncontrolling Interests": 339000000.0,
        "Net Income Continuous Operations": 339000000.0,
        "Earnings From Equity Interest Net Of Tax": 12300000.0,
        "Tax Provision": -76100000.0,
        "Pretax Income": 250600000.0,
        "Other Income Expense": -152900000.0,
        "Other Non Operating Income Expenses": -149700000.0,
        "Special Income Charges": -3200000.0,
        "Write Off": NaN,
        "Impairment Of Capital Assets": 4100000.0,
        "Restructuring And Mergern Acquisition": 3600000.0,
        "Net Non Operating Interest Income Expense": 7200000.0,
        "Interest Expense Non Operating": 57000000.0,
        "Operating Income": 396300000.0,
        "Operating Expense": 586500000.0,
        "Depreciation Amortization Depletion Income Statement": 14400000.0,
        "Depreciation And Amortization In Income Statement": 14400000.0,
        "Amortization": 14400000.0,
        "Amortization Of Intangibles Income Statement": 14400000.0,
        "Research And Development": 150800000.0,
        "Selling General And Administration": 421300000.0,
        "Gross Profit": 982800000.0,
        "Cost Of Revenue": 2817900000.0,
        "Total Revenue": 3800700000.0,
        "Operating Revenue": 3800700000.0
    },
    "2024-03-31": {
        "Tax Effect Of Unusual Items": -312811.226799,
        "Tax Rate For Calcs": 0.312811,
        "Normalized EBITDA": 301000000.0,
        "Total Unusual Items": -1000000.0,
        "Total Unusual Items Excluding Goodwill": -1000000.0,
        "Net Income From Continuing Operation Net Minority Interest": 168000000.0,
        "Reconciled Depreciation": 77200000.0,
        "Reconciled Cost Of Revenue": 2095600000.0,
        "EBITDA": 300000000.0,
        "EBIT": 222800000.0,
        "Net Interest Income": -1900000.0,
        "Interest Expense": 1900000.0,
        "Normalized Income": 168687188.773201,
        "Net Income From Continuing And Discontinued Operation": 168000000.0,
        "Total Expenses": 2654100000.0,
        "Total Operating Income As Reported": 273600000.0,
        "Diluted Average Shares": 74700000.0,
        "Basic Average Shares": 74600000.0,
        "Diluted EPS": 2.25,
        "Basic EPS": 2.25,
        "Diluted NI Availto Com Stockholders": 168000000.0,
        "Net Income Common Stockholders": 168000000.0,
        "Net Income": 168000000.0,
        "Minority Interests": 0.0,
        "Net Income Including Noncontrolling Interests": 168000000.0,
        "Net Income Continuous Operations": 168000000.0,
        "Earnings From Equity Interest Net Of Tax": 16200000.0,
        "Tax Provision": 69100000.0,
        "Pretax Income": 220900000.0,
        "Other Income Expense": -51800000.0,
        "Other Non Operating Income Expenses": -50800000.0,
        "Special Income Charges": -1000000.0,
        "Write Off": NaN,
        "Impairment Of Capital Assets": NaN,
        "Restructuring And Mergern Acquisition": 1000000.0,
        "Net Non Operating Interest Income Expense": -1900000.0,
        "Interest Expense Non Operating": 1900000.0,
        "Operating Income": 274600000.0,
        "Operating Expense": 495200000.0,
        "Depreciation Amortization Depletion Income Statement": 13900000.0,
        "Depreciation And Amortization In Income Statement": 13900000.0,
        "Amortization": 13900000.0,
        "Amortization Of Intangibles Income Statement": 13900000.0,
        "Research And Development": 130900000.0,
        "Selling General And Administration": 350400000.0,
        "Gross Profit": 769800000.0,
        "Cost Of Revenue": 2158900000.0,
        "Total Revenue": 2928700000.0,
        "Operating Revenue": 2928700000.0
    }
}