{
    "2022-09-30": {
        "Tax Effect Of Unusual Items": NaN,
        "Tax Rate For Calcs": NaN,
        "Normalized EBITDA": NaN,
        "Total Unusual Items": NaN,
        "Total Unusual Items Excluding Goodwill": NaN,
        "Net Income From Continuing Operation Net Minority Interest": NaN,
        "Reconciled Depreciation": NaN,
        "Reconciled Cost Of Revenue": NaN,
        "EBITDA": NaN,
        "EBIT": NaN,
        "Net Interest Income": NaN,
        "Interest Expense": 4654000.0,
        "Normalized Income": NaN,
        "Net Income From Continuing And Discontinued Operation": NaN,
        "Total Expenses": NaN,
        "Total Operating Income As Reported": NaN,
        "Diluted Average Shares": 133526.0,
        "Basic Average Shares": 133526.0,
        "Diluted EPS": -429.98,
        "Basic EPS": -429.98,
        "Diluted NI Availto Com Stockholders": NaN,
        "Net Income Common Stockholders": NaN,
        "Net Income": NaN,
        "Minority Interests": NaN,
        "Net Income Including Noncontrolling Interests": NaN,
        "Net Income Continuous Operations": NaN,
        "Tax Provision": NaN,
        "Pretax Income": NaN,
        "Other Income Expense": NaN,
        "Other Non Operating Income Expenses": NaN,
        "Special Income Charges": NaN,
        "Gain On Sale Of Ppe": 0.0,
        "Other Special Charges": 38985000.0,
        "Impairment Of Capital Assets": 0.0,
        "Restructuring And Mergern Acquisition": NaN,
        "Gain On Sale Of Security": NaN,
        "Net Non Operating Interest Income Expense": NaN,
        "Total Other Finance Cost": 4654000.0,
        "Interest Expense Non Operating": 4654000.0,
        "Operating Income": NaN,
        "Operating Expense": NaN,
        "Research And Development": NaN,
        "Selling General And Administration": NaN,
        "Selling And Marketing Expense": NaN,
        "General And Administrative Expense": NaN,
        "Other Gand A": NaN,
        "Gross Profit": NaN,
        "Cost Of Revenue": NaN,
        "Total Revenue": NaN,
        "Operating Revenue": NaN
    },
    "2022-06-30": {
        "Tax Effect Of Unusual Items": -68997.0,
        "Tax Rate For Calcs": 0.001,
        "Normalized EBITDA": 47602000.0,
        "Total Unusual Items": -68997000.0,
        "Total Unusual Items Excluding Goodwill": -68997000.0,
        "Net Income From Continuing Operation Net Minority Interest": -93401000.0,
        "Reconciled Depreciation": 1141000.0,
        "Reconciled Cost Of Revenue": 17717000.0,
        "EBITDA": -21395000.0,
        "EBIT": -22536000.0,
        "Net Interest Income": -1927000.0,
        "Normalized Income": -24472997.0,
        "Net Income From Continuing And Discontinued Operation": -93401000.0,
        "Total Expenses": 41865000.0,
        "Total Operating Income As Reported": -91533000.0,
        "Diluted Average Shares": 132910.0,
        "Basic Average Shares": 132910.0,
        "Diluted EPS": -702.0,
        "Basic EPS": -702.0,
        "Diluted NI Availto Com Stockholders": -93401000.0,
        "Net Income Common Stockholders": -93401000.0,
        "Net Income": -93401000.0,
        "Minority Interests": -3000.0,
        "Net Income Including Noncontrolling Interests": -93398000.0,
        "Net Income Continuous Operations": -93398000.0,
        "Tax Provision": -62000.0,
        "Pretax Income": -93460000.0,
        "Other Income Expense": -68997000.0,
        "Other Non Operating Income Expenses": NaN,
        "Special Income Charges": -68997000.0,
        "Other Special Charges": NaN,
        "Impairment Of Capital Assets": 69904000.0,
        "Restructuring And Mergern Acquisition": -907000.0,
        "Gain On Sale Of Security": NaN,
        "Net Non Operating Interest Income Expense": -1927000.0,
        "Total Other Finance Cost": 1927000.0,
        "Operating Income": -22536000.0,
        "Operating Expense": 24148000.0,
        "Research And Development": 2438000.0,
        "Selling General And Administration": 21710000.0,
        "Selling And Marketing Expense": 2332000.0,
        "General And Administrative Expense": 19378000.0,
        "Other Gand A": 19378000.0,
        "Gross Profit": 1612000.0,
        "Cost Of Revenue": 17717000.0,
        "Total Revenue": 19329000.0,
        "Operating Revenue": 19329000.0
    },
    "2022-03-31": {
        "Diluted EPS": -72.0,
        "Total Revenue": 26,
        "Gross Profit": 4,
        "Operating Income": -10,
        "EBIT": -8,
        "Net Income": -9
    },
    "2021-12-31": {
        "Diluted EPS": -122.4,
        "Total Revenue": 25,
        "Gross Profit": 6,
        "Operating Income": -13,
        "EBIT": -12,
        "Net Income": -13
    },
    "2021-09-30": {
        "Diluted EPS": -93.6,
        "Total Revenue": 16,
        "Gross Profit": 0,
        "Operating Income": -10,
        "EBIT": -9,
        "Net Income": -10
    },
    "2021-06-30": {
        "Diluted EPS": -56.0,
        "Total Revenue": 12,
        "Gross Profit": 1,
        "Operating Income": -5,
        "EBIT": -5,
        "Net Income": -6
    },
    "2021-03-31": {
        "Diluted EPS": -66.0,
        "Total Revenue": 7,
        "Gross Profit": -1,
        "Operating Income": -6,
        "EBIT": -6,
        "Net Income": -4
    },
    "2020-12-31": {
        "Diluted EPS": -624.0,
        "Total Revenue": 4,
        "Gross Profit": 0,
        "Operating Income": -4,
        "EBIT": -4,
        "Net Income": -13
    },
    "2020-09-30": {
        "Diluted EPS": -134.0,
        "Total Revenue": 3,
        "Gross Profit": 0,
        "Operating Income": -3,
        "EBIT": -2,
        "Net Income": -3
    },
    "2020-06-30": {
        "Diluted EPS": -120.0,
        "Total Revenue": 4,
        "Gross Profit": 1,
        "Operating Income": -2,
        "EBIT": -2,
        "Net Income": -3
    },
    "2020-03-31": {
        "Diluted EPS": -186.0,
        "Total Revenue": 1,
        "Gross Profit": 0,
        "Operating Income": -3,
        "EBIT": -3,
        "Net Income": -3
    },
    "2019-12-31": {
        "Diluted EPS": 0.0,
        "Total Revenue": NaN,
        "Gross Profit": NaN,
        "Operating Income": NaN,
        "EBIT": NaN,
        "Net Income": NaN
    },
    "2023-03-31": {
        "Tax Effect Of Unusual Items": NaN,
        "Tax Rate For Calcs": NaN,
        "Normalized EBITDA": NaN,
        "Total Unusual Items": NaN,
        "Total Unusual Items Excluding Goodwill": NaN,
        "Net Income From Continuing Operation Net Minority Interest": NaN,
        "Reconciled Depreciation": NaN,
        "Reconciled Cost Of Revenue": NaN,
        "EBITDA": NaN,
        "EBIT": NaN,
        "Net Interest Income": NaN,
        "Interest Expense": 799000.0,
        "Normalized Income": NaN,
        "Net Income From Continuing And Discontinued Operation": NaN,
        "Total Expenses": NaN,
        "Total Operating Income As Reported": NaN,
        "Diluted Average Shares": 1072292.0,
        "Basic Average Shares": 1072292.0,
        "Diluted EPS": -9.63,
        "Basic EPS": -9.63,
        "Diluted NI Availto Com Stockholders": NaN,
        "Net Income Common Stockholders": NaN,
        "Net Income": NaN,
        "Minority Interests": 0.0,
        "Net Income Including Noncontrolling Interests": NaN,
        "Net Income Continuous Operations": NaN,
        "Tax Provision": 0.0,
        "Pretax Income": NaN,
        "Other Income Expense": NaN,
        "Other Non Operating Income Expenses": NaN,
        "Special Income Charges": NaN,
        "Gain On Sale Of Ppe": NaN,
        "Other Special Charges": 4620000.0,
        "Impairment Of Capital Assets": NaN,
        "Restructuring And Mergern Acquisition": NaN,
        "Gain On Sale Of Security": NaN,
        "Net Non Operating Interest Income Expense": NaN,
        "Total Other Finance Cost": 799000.0,
        "Interest Expense Non Operating": 799000.0,
        "Operating Income": NaN,
        "Operating Expense": NaN,
        "Research And Development": NaN,
        "Selling General And Administration": NaN,
        "Selling And Marketing Expense": NaN,
        "General And Administrative Expense": NaN,
        "Other Gand A": NaN,
        "Gross Profit": NaN,
        "Cost Of Revenue": NaN,
        "Total Revenue": NaN,
        "Operating Revenue": NaN
    },
    "2022-12-31": {
        "Tax Effect Of Unusual Items": NaN,
        "Tax Rate For Calcs": NaN,
        "Normalized EBITDA": NaN,
        "Total Unusual Items": NaN,
        "Total Unusual Items Excluding Goodwill": NaN,
        "Net Income From Continuing Operation Net Minority Interest": NaN,
        "Reconciled Depreciation": NaN,
        "Reconciled Cost Of Revenue": NaN,
        "EBITDA": NaN,
        "EBIT": NaN,
        "Net Interest Income": NaN,
        "Interest Expense": NaN,
        "Normalized Income": NaN,
        "Net Income From Continuing And Discontinued Operation": NaN,
        "Total Expenses": NaN,
        "Total Operating Income As Reported": NaN,
        "Diluted Average Shares": NaN,
        "Basic Average Shares": NaN,
        "Diluted EPS": NaN,
        "Basic EPS": NaN,
        "Diluted NI Availto Com Stockholders": NaN,
        "Net Income Common Stockholders": NaN,
        "Net Income": NaN,
        "Minority Interests": NaN,
        "Net Income Including Noncontrolling Interests": NaN,
        "Net Income Continuous Operations": NaN,
        "Tax Provision": NaN,
        "Pretax Income": NaN,
        "Other Income Expense": NaN,
        "Other Non Operating Income Expenses": NaN,
        "Special Income Charges": NaN,
        "Gain On Sale Of Ppe": NaN,
        "Other Special Charges": NaN,
        "Impairment Of Capital Assets": 2912000.0,
        "Restructuring And Mergern Acquisition": NaN,
        "Gain On Sale Of Security": NaN,
        "Net Non Operating Interest Income Expense": NaN,
        "Total Other Finance Cost": 3526000.0,
        "Interest Expense Non Operating": NaN,
        "Operating Income": NaN,
        "Operating Expense": NaN,
        "Research And Development": NaN,
        "Selling General And Administration": NaN,
        "Selling And Marketing Expense": NaN,
        "General And Administrative Expense": NaN,
        "Other Gand A": NaN,
        "Gross Profit": NaN,
        "Cost Of Revenue": NaN,
        "Total Revenue": NaN,
        "Operating Revenue": NaN
    },
    "2023-06-30": {
        "Tax Effect Of Unusual Items": 0.0,
        "Tax Rate For Calcs": 0.0,
        "Normalized EBITDA": -4430000.0,
        "Total Unusual Items": -421000.0,
        "Total Unusual Items Excluding Goodwill": -421000.0,
        "Net Income From Continuing Operation Net Minority Interest": -6805000.0,
        "Reconciled Depreciation": 1131000.0,
        "Reconciled Cost Of Revenue": 4466000.0,
        "EBITDA": -4851000.0,
        "EBIT": -5982000.0,
        "Net Interest Income": -400000.0,
        "Interest Expense": 400000.0,
        "Normalized Income": -6384000.0,
        "Net Income From Continuing And Discontinued Operation": -6805000.0,
        "Total Expenses": 11048000.0,
        "Total Operating Income As Reported": -5344000.0,
        "Diluted Average Shares": 1549669.0,
        "Basic Average Shares": 1549669.0,
        "Diluted EPS": -4.39,
        "Basic EPS": -4.39,
        "Diluted NI Availto Com Stockholders": -6805000.0,
        "Net Income Common Stockholders": -6805000.0,
        "Net Income": -6805000.0,
        "Minority Interests": 2000.0,
        "Net Income Including Noncontrolling Interests": -6807000.0,
        "Net Income Continuous Operations": -6807000.0,
        "Tax Provision": 0.0,
        "Pretax Income": -6807000.0,
        "Other Income Expense": -425000.0,
        "Other Non Operating Income Expenses": -4000.0,
        "Special Income Charges": 627000.0,
        "Gain On Sale Of Ppe": 0.0,
        "Other Special Charges": 11000.0,
        "Impairment Of Capital Assets": 0.0,
        "Restructuring And Mergern Acquisition": -638000.0,
        "Gain On Sale Of Security": -1048000.0,
        "Net Non Operating Interest Income Expense": -400000.0,
        "Total Other Finance Cost": 400000.0,
        "Interest Expense Non Operating": 400000.0,
        "Operating Income": -5982000.0,
        "Operating Expense": 6582000.0,
        "Research And Development": 643000.0,
        "Selling General And Administration": 5939000.0,
        "Selling And Marketing Expense": 1120000.0,
        "General And Administrative Expense": 4819000.0,
        "Other Gand A": 4819000.0,
        "Gross Profit": 600000.0,
        "Cost Of Revenue": 4466000.0,
        "Total Revenue": 5066000.0,
        "Operating Revenue": 5066000.0
    },
    "2023-09-30": {
        "Tax Effect Of Unusual Items": 0.0,
        "Tax Rate For Calcs": 0.0,
        "Normalized EBITDA": -3745000.0,
        "Total Unusual Items": 2042000.0,
        "Total Unusual Items Excluding Goodwill": 2042000.0,
        "Net Income From Continuing Operation Net Minority Interest": -2092000.0,
        "Reconciled Depreciation": 26000.0,
        "Reconciled Cost Of Revenue": 2165000.0,
        "EBITDA": -1703000.0,
        "EBIT": -1729000.0,
        "Net Interest Income": -363000.0,
        "Interest Expense": 363000.0,
        "Normalized Income": -4134000.0,
        "Net Income From Continuing And Discontinued Operation": -2092000.0,
        "Total Expenses": 7784000.0,
        "Total Operating Income As Reported": -4578000.0,
        "Diluted Average Shares": 1649741.0,
        "Basic Average Shares": 1649741.0,
        "Diluted EPS": -1.27,
        "Basic EPS": -1.27,
        "Diluted NI Availto Com Stockholders": -2092000.0,
        "Net Income Common Stockholders": -2092000.0,
        "Net Income": -2092000.0,
        "Minority Interests": 0.0,
        "Net Income Including Noncontrolling Interests": -2092000.0,
        "Net Income Continuous Operations": -2092000.0,
        "Tax Provision": 0.0,
        "Pretax Income": -2092000.0,
        "Other Income Expense": 2916000.0,
        "Other Non Operating Income Expenses": 874000.0,
        "Special Income Charges": 67000.0,
        "Gain On Sale Of Ppe": 67000.0,
        "Other Special Charges": NaN,
        "Impairment Of Capital Assets": 0.0,
        "Restructuring And Mergern Acquisition": 0.0,
        "Gain On Sale Of Security": 1975000.0,
        "Net Non Operating Interest Income Expense": -363000.0,
        "Total Other Finance Cost": NaN,
        "Interest Expense Non Operating": 363000.0,
        "Operating Income": -4645000.0,
        "Operating Expense": 5619000.0,
        "Research And Development": 486000.0,
        "Selling General And Administration": 5133000.0,
        "Selling And Marketing Expense": 812000.0,
        "General And Administrative Expense": 4321000.0,
        "Other Gand A": 4321000.0,
        "Gross Profit": 974000.0,
        "Cost Of Revenue": 2165000.0,
        "Total Revenue": 3139000.0,
        "Operating Revenue": 3139000.0
    },
    "2023-12-31": {
        "Tax Effect Of Unusual Items": 4186.851211,
        "Tax Rate For Calcs": 0.00346,
        "Normalized EBITDA": -3275000.0,
        "Total Unusual Items": 1210000.0,
        "Total Unusual Items Excluding Goodwill": 1210000.0,
        "Net Income From Continuing Operation Net Minority Interest": 575000.0,
        "Reconciled Depreciation": 427000.0,
        "Reconciled Cost Of Revenue": 143000.0,
        "EBITDA": -2065000.0,
        "EBIT": -2492000.0,
        "Net Interest Income": -291000.0,
        "Interest Expense": NaN,
        "Normalized Income": -630813.148789,
        "Net Income From Continuing And Discontinued Operation": 575000.0,
        "Total Expenses": 4125000.0,
        "Total Operating Income As Reported": -1472000.0,
        "Diluted Average Shares": NaN,
        "Basic Average Shares": NaN,
        "Diluted EPS": NaN,
        "Basic EPS": NaN,
        "Diluted NI Availto Com Stockholders": 575000.0,
        "Net Income Common Stockholders": 575000.0,
        "Net Income": 575000.0,
        "Minority Interests": -1000.0,
        "Net Income Including Noncontrolling Interests": 576000.0,
        "Net Income Continuous Operations": 576000.0,
        "Tax Provision": 2000.0,
        "Pretax Income": 578000.0,
        "Other Income Expense": 2135000.0,
        "Other Non Operating Income Expenses": 925000.0,
        "Special Income Charges": 114000.0,
        "Gain On Sale Of Ppe": -206000.0,
        "Other Special Charges": -320000.0,
        "Impairment Of Capital Assets": 0.0,
        "Restructuring And Mergern Acquisition": 0.0,
        "Gain On Sale Of Security": 1096000.0,
        "Net Non Operating Interest Income Expense": -291000.0,
        "Total Other Finance Cost": NaN,
        "Interest Expense Non Operating": NaN,
        "Operating Income": -1266000.0,
        "Operating Expense": 3982000.0,
        "Research And Development": 431000.0,
        "Selling General And Administration": 3551000.0,
        "Selling And Marketing Expense": 612000.0,
        "General And Administrative Expense": 2939000.0,
        "Other Gand A": 2939000.0,
        "Gross Profit": 2716000.0,
        "Cost Of Revenue": 143000.0,
        "Total Revenue": 2859000.0,
        "Operating Revenue": 2859000.0
    },
    "2024-03-31": {
        "Tax Effect Of Unusual Items": 0.0,
        "Tax Rate For Calcs": 0.0,
        "Normalized EBITDA": -4094000.0,
        "Total Unusual Items": 8988000.0,
        "Total Unusual Items Excluding Goodwill": 8988000.0,
        "Net Income From Continuing Operation Net Minority Interest": 4236000.0,
        "Reconciled Depreciation": 558000.0,
        "Reconciled Cost Of Revenue": 2433000.0,
        "EBITDA": 4894000.0,
        "EBIT": 4336000.0,
        "Net Interest Income": -100000.0,
        "Interest Expense": 100000.0,
        "Normalized Income": -4752000.0,
        "Net Income From Continuing And Discontinued Operation": 4236000.0,
        "Total Expenses": 7264000.0,
        "Total Operating Income As Reported": 3449000.0,
        "Diluted Average Shares": 19960605.0,
        "Basic Average Shares": 8894229.0,
        "Diluted EPS": 0.23,
        "Basic EPS": 0.48,
        "Diluted NI Availto Com Stockholders": 4236000.0,
        "Net Income Common Stockholders": 4236000.0,
        "Net Income": 4236000.0,
        "Minority Interests": NaN,
        "Net Income Including Noncontrolling Interests": 4236000.0,
        "Net Income Continuous Operations": 4236000.0,
        "Tax Provision": 0.0,
        "Pretax Income": 4236000.0,
        "Other Income Expense": 9002000.0,
        "Other Non Operating Income Expenses": 14000.0,
        "Special Income Charges": 8115000.0,
        "Gain On Sale Of Ppe": NaN,
        "Other Special Charges": -5935000.0,
        "Impairment Of Capital Assets": NaN,
        "Restructuring And Mergern Acquisition": -2180000.0,
        "Gain On Sale Of Security": 873000.0,
        "Net Non Operating Interest Income Expense": -100000.0,
        "Total Other Finance Cost": NaN,
        "Interest Expense Non Operating": 100000.0,
        "Operating Income": -4666000.0,
        "Operating Expense": 4831000.0,
        "Research And Development": 275000.0,
        "Selling General And Administration": 4556000.0,
        "Selling And Marketing Expense": 462000.0,
        "General And Administrative Expense": 4094000.0,
        "Other Gand A": 4094000.0,
        "Gross Profit": 165000.0,
        "Cost Of Revenue": 2433000.0,
        "Total Revenue": 2598000.0,
        "Operating Revenue": 2598000.0
    },
    "2024-06-30": {
        "Tax Effect Of Unusual Items": 0.0,
        "Tax Rate For Calcs": 0.0,
        "Normalized EBITDA": 23000.0,
        "Total Unusual Items": -1229000.0,
        "Total Unusual Items Excluding Goodwill": -1229000.0,
        "Net Income From Continuing Operation Net Minority Interest": -2972000.0,
        "Reconciled Depreciation": 514000.0,
        "Reconciled Cost Of Revenue": 1867000.0,
        "EBITDA": -1206000.0,
        "EBIT": -1720000.0,
        "Net Interest Income": -28000.0,
        "Interest Expense": NaN,
        "Normalized Income": -1743000.0,
        "Net Income From Continuing And Discontinued Operation": -2972000.0,
        "Total Expenses": 4714000.0,
        "Total Operating Income As Reported": -1672000.0,
        "Diluted Average Shares": 20812678.0,
        "Basic Average Shares": 20812678.0,
        "Diluted EPS": -0.14,
        "Basic EPS": -0.14,
        "Diluted NI Availto Com Stockholders": -2972000.0,
        "Net Income Common Stockholders": -2972000.0,
        "Net Income": -2972000.0,
        "Minority Interests": 0.0,
        "Net Income Including Noncontrolling Interests": -2972000.0,
        "Net Income Continuous Operations": -2972000.0,
        "Tax Provision": NaN,
        "Pretax Income": -2972000.0,
        "Other Income Expense": -1224000.0,
        "Other Non Operating Income Expenses": 5000.0,
        "Special Income Charges": 48000.0,
        "Gain On Sale Of Ppe": 9000.0,
        "Other Special Charges": -39000.0,
        "Impairment Of Capital Assets": NaN,
        "Restructuring And Mergern Acquisition": 0.0,
        "Gain On Sale Of Security": -1277000.0,
        "Net Non Operating Interest Income Expense": -28000.0,
        "Total Other Finance Cost": 28000.0,
        "Interest Expense Non Operating": NaN,
        "Operating Income": -1720000.0,
        "Operating Expense": 2847000.0,
        "Research And Development": 185000.0,
        "Selling General And Administration": 2662000.0,
        "Selling And Marketing Expense": 394000.0,
        "General And Administrative Expense": 2268000.0,
        "Other Gand A": 2268000.0,
        "Gross Profit": 1127000.0,
        "Cost Of Revenue": 1867000.0,
        "Total Revenue": 2994000.0,
        "Operating Revenue": 2994000.0
    }
}