{
    "2023-03-31": {
        "Tax Effect Of Unusual Items": 0.0,
        "Tax Rate For Calcs": 0.00195,
        "Normalized EBITDA": -18806000.0,
        "Total Unusual Items": NaN,
        "Total Unusual Items Excluding Goodwill": NaN,
        "Net Income From Continuing Operation Net Minority Interest": -18422000.0,
        "Reconciled Depreciation": 384000.0,
        "EBITDA": -18806000.0,
        "EBIT": -18806000.0,
        "Net Interest Income": 420000.0,
        "Interest Income": 420000.0,
        "Normalized Income": -18422000.0,
        "Net Income From Continuing And Discontinued Operation": -18422000.0,
        "Total Expenses": 19004000.0,
        "Total Operating Income As Reported": -18806000.0,
        "Diluted Average Shares": 94262660.0,
        "Basic Average Shares": 94262660.0,
        "Diluted EPS": -0.2,
        "Basic EPS": -0.2,
        "Diluted NI Availto Com Stockholders": -18422000.0,
        "Net Income Common Stockholders": -18422000.0,
        "Net Income": -18422000.0,
        "Net Income Including Noncontrolling Interests": -18422000.0,
        "Net Income Continuous Operations": -18422000.0,
        "Tax Provision": -36000.0,
        "Pretax Income": -18458000.0,
        "Other Income Expense": -72000.0,
        "Other Non Operating Income Expenses": -72000.0,
        "Special Income Charges": NaN,
        "Other Special Charges": NaN,
        "Gain On Sale Of Security": NaN,
        "Net Non Operating Interest Income Expense": 420000.0,
        "Interest Income Non Operating": 420000.0,
        "Operating Income": -18806000.0,
        "Operating Expense": 19004000.0,
        "Research And Development": 13776000.0,
        "Selling General And Administration": 5228000.0,
        "General And Administrative Expense": 5228000.0,
        "Other Gand A": 5228000.0,
        "Total Revenue": 198000.0,
        "Operating Revenue": 198000.0
    },
    "2022-12-31": {
        "Tax Effect Of Unusual Items": 0.0,
        "Tax Rate For Calcs": 0.4,
        "Normalized EBITDA": -18777000.0,
        "Total Unusual Items": NaN,
        "Total Unusual Items Excluding Goodwill": NaN,
        "Net Income From Continuing Operation Net Minority Interest": -18822000.0,
        "Reconciled Depreciation": 385000.0,
        "EBITDA": -18777000.0,
        "EBIT": -19162000.0,
        "Net Interest Income": 410000.0,
        "Interest Income": 410000.0,
        "Normalized Income": -18822000.0,
        "Net Income From Continuing And Discontinued Operation": -18822000.0,
        "Total Expenses": 19330000.0,
        "Total Operating Income As Reported": -19162000.0,
        "Diluted Average Shares": 95399091.0,
        "Basic Average Shares": 95399091.0,
        "Diluted EPS": -0.18,
        "Basic EPS": -0.18,
        "Diluted NI Availto Com Stockholders": -18822000.0,
        "Net Income Common Stockholders": -18822000.0,
        "Net Income": -18822000.0,
        "Net Income Including Noncontrolling Interests": -18822000.0,
        "Net Income Continuous Operations": -18822000.0,
        "Tax Provision": 38000.0,
        "Pretax Income": -18784000.0,
        "Other Income Expense": -32000.0,
        "Other Non Operating Income Expenses": -32000.0,
        "Special Income Charges": NaN,
        "Other Special Charges": NaN,
        "Gain On Sale Of Security": NaN,
        "Net Non Operating Interest Income Expense": 410000.0,
        "Interest Income Non Operating": 410000.0,
        "Operating Income": -19162000.0,
        "Operating Expense": 19330000.0,
        "Research And Development": 14251000.0,
        "Selling General And Administration": 5079000.0,
        "General And Administrative Expense": 5079000.0,
        "Other Gand A": 5079000.0,
        "Total Revenue": 168000.0,
        "Operating Revenue": 168000.0
    },
    "2022-09-30": {
        "Tax Effect Of Unusual Items": 0.0,
        "Tax Rate For Calcs": 0.011332,
        "Normalized EBITDA": -18354000.0,
        "Total Unusual Items": NaN,
        "Total Unusual Items Excluding Goodwill": NaN,
        "Net Income From Continuing Operation Net Minority Interest": -18234000.0,
        "Reconciled Depreciation": 401000.0,
        "EBITDA": -18354000.0,
        "EBIT": -18755000.0,
        "Net Interest Income": 288000.0,
        "Interest Income": 288000.0,
        "Normalized Income": -18234000.0,
        "Net Income From Continuing And Discontinued Operation": -18234000.0,
        "Total Expenses": 18929000.0,
        "Total Operating Income As Reported": -18755000.0,
        "Diluted Average Shares": 94197958.0,
        "Basic Average Shares": 94197958.0,
        "Diluted EPS": -0.19,
        "Basic EPS": -0.19,
        "Diluted NI Availto Com Stockholders": -18234000.0,
        "Net Income Common Stockholders": -18234000.0,
        "Net Income": -18234000.0,
        "Net Income Including Noncontrolling Interests": -18234000.0,
        "Net Income Continuous Operations": -18234000.0,
        "Tax Provision": -209000.0,
        "Pretax Income": -18443000.0,
        "Other Income Expense": 24000.0,
        "Other Non Operating Income Expenses": 24000.0,
        "Special Income Charges": NaN,
        "Other Special Charges": NaN,
        "Gain On Sale Of Security": NaN,
        "Net Non Operating Interest Income Expense": 288000.0,
        "Interest Income Non Operating": 288000.0,
        "Operating Income": -18755000.0,
        "Operating Expense": 18929000.0,
        "Research And Development": 11977000.0,
        "Selling General And Administration": 6952000.0,
        "General And Administrative Expense": 6952000.0,
        "Other Gand A": 6952000.0,
        "Total Revenue": 174000.0,
        "Operating Revenue": 174000.0
    },
    "2022-06-30": {
        "Tax Effect Of Unusual Items": 0.0,
        "Tax Rate For Calcs": 0.4,
        "Normalized EBITDA": -22045000.0,
        "Total Unusual Items": NaN,
        "Total Unusual Items Excluding Goodwill": NaN,
        "Net Income From Continuing Operation Net Minority Interest": -22323000.0,
        "Reconciled Depreciation": 378000.0,
        "EBITDA": -22045000.0,
        "EBIT": -22423000.0,
        "Net Interest Income": 104000.0,
        "Interest Income": 104000.0,
        "Normalized Income": -22323000.0,
        "Net Income From Continuing And Discontinued Operation": -22323000.0,
        "Total Expenses": 23048000.0,
        "Total Operating Income As Reported": -22423000.0,
        "Diluted Average Shares": 82209032.0,
        "Basic Average Shares": 82209032.0,
        "Diluted EPS": -0.27,
        "Basic EPS": -0.27,
        "Diluted NI Availto Com Stockholders": -22323000.0,
        "Net Income Common Stockholders": -22323000.0,
        "Net Income": -22323000.0,
        "Net Income Including Noncontrolling Interests": -22323000.0,
        "Net Income Continuous Operations": -22323000.0,
        "Tax Provision": 9000.0,
        "Pretax Income": -22314000.0,
        "Other Income Expense": 5000.0,
        "Other Non Operating Income Expenses": 5000.0,
        "Special Income Charges": NaN,
        "Other Special Charges": NaN,
        "Gain On Sale Of Security": NaN,
        "Net Non Operating Interest Income Expense": 104000.0,
        "Interest Income Non Operating": 104000.0,
        "Operating Income": -22423000.0,
        "Operating Expense": 23048000.0,
        "Research And Development": 15373000.0,
        "Selling General And Administration": 7675000.0,
        "General And Administrative Expense": 7675000.0,
        "Other Gand A": 7675000.0,
        "Total Revenue": 625000.0,
        "Operating Revenue": 625000.0
    },
    "2022-03-31": {
        "Diluted EPS": -0.37,
        "Total Revenue": 1,
        "Gross Profit": 1,
        "Operating Income": -24,
        "EBIT": -24,
        "Net Income": -24
    },
    "2021-12-31": {
        "Diluted EPS": -0.31,
        "Total Revenue": 4,
        "Gross Profit": 4,
        "Operating Income": -20,
        "EBIT": -20,
        "Net Income": -20
    },
    "2021-09-30": {
        "Diluted EPS": -0.31,
        "Total Revenue": 1,
        "Gross Profit": 1,
        "Operating Income": -20,
        "EBIT": -20,
        "Net Income": -20
    },
    "2021-06-30": {
        "Diluted EPS": -0.1,
        "Total Revenue": 14,
        "Gross Profit": 14,
        "Operating Income": -7,
        "EBIT": -6,
        "Net Income": -7
    },
    "2021-03-31": {
        "Diluted EPS": -0.28,
        "Total Revenue": NaN,
        "Gross Profit": NaN,
        "Operating Income": -18,
        "EBIT": -18,
        "Net Income": -18
    },
    "2020-12-31": {
        "Diluted EPS": -0.26,
        "Total Revenue": NaN,
        "Gross Profit": NaN,
        "Operating Income": -23,
        "EBIT": -22,
        "Net Income": -23
    },
    "2020-09-30": {
        "Diluted EPS": -0.29,
        "Total Revenue": NaN,
        "Gross Profit": NaN,
        "Operating Income": -18,
        "EBIT": -18,
        "Net Income": -18
    },
    "2020-06-30": {
        "Diluted EPS": -0.4,
        "Total Revenue": NaN,
        "Gross Profit": NaN,
        "Operating Income": -22,
        "EBIT": -21,
        "Net Income": -21
    },
    "2020-03-31": {
        "Diluted EPS": -0.57,
        "Total Revenue": NaN,
        "Gross Profit": NaN,
        "Operating Income": -19,
        "EBIT": -19,
        "Net Income": -19
    },
    "2019-12-31": {
        "Diluted EPS": -0.65,
        "Total Revenue": NaN,
        "Gross Profit": NaN,
        "Operating Income": -22,
        "EBIT": -22,
        "Net Income": -21
    },
    "2019-09-30": {
        "Diluted EPS": -0.66,
        "Total Revenue": NaN,
        "Gross Profit": NaN,
        "Operating Income": -22,
        "EBIT": -22,
        "Net Income": -22
    },
    "2019-06-30": {
        "Diluted EPS": -0.55,
        "Total Revenue": NaN,
        "Gross Profit": NaN,
        "Operating Income": -19,
        "EBIT": -19,
        "Net Income": -18
    },
    "2019-03-31": {
        "Diluted EPS": -0.59,
        "Total Revenue": NaN,
        "Gross Profit": NaN,
        "Operating Income": -18,
        "EBIT": -18,
        "Net Income": -17
    },
    "2018-12-31": {
        "Diluted EPS": -0.64,
        "Total Revenue": NaN,
        "Gross Profit": NaN,
        "Operating Income": -15,
        "EBIT": -16,
        "Net Income": -15
    },
    "2018-09-30": {
        "Diluted EPS": -0.54,
        "Total Revenue": NaN,
        "Gross Profit": NaN,
        "Operating Income": -12,
        "EBIT": -12,
        "Net Income": -12
    },
    "2018-06-30": {
        "Diluted EPS": -0.46,
        "Total Revenue": 2,
        "Gross Profit": 2,
        "Operating Income": -10,
        "EBIT": -10,
        "Net Income": -9
    },
    "2018-03-31": {
        "Diluted EPS": -0.49,
        "Total Revenue": 2,
        "Gross Profit": 2,
        "Operating Income": -8,
        "EBIT": -8,
        "Net Income": -8
    },
    "2017-12-31": {
        "Diluted EPS": -0.38,
        "Total Revenue": 1,
        "Gross Profit": 1,
        "Operating Income": -7,
        "EBIT": -7,
        "Net Income": -6
    },
    "2017-09-30": {
        "Diluted EPS": -0.48,
        "Total Revenue": 1,
        "Gross Profit": 1,
        "Operating Income": -8,
        "EBIT": -8,
        "Net Income": -8
    },
    "2017-06-30": {
        "Diluted EPS": -0.47,
        "Total Revenue": 1,
        "Gross Profit": 1,
        "Operating Income": -7,
        "EBIT": -7,
        "Net Income": -7
    },
    "2017-03-31": {
        "Diluted EPS": -0.47,
        "Total Revenue": 1,
        "Gross Profit": 1,
        "Operating Income": -6,
        "EBIT": -6,
        "Net Income": -6
    },
    "2016-12-31": {
        "Diluted EPS": 5.81,
        "Total Revenue": 1,
        "Gross Profit": 1,
        "Operating Income": -6,
        "EBIT": -5,
        "Net Income": -5
    },
    "2016-09-30": {
        "Diluted EPS": -0.47,
        "Total Revenue": 1,
        "Gross Profit": 1,
        "Operating Income": -6,
        "EBIT": -6,
        "Net Income": -6
    },
    "2016-06-30": {
        "Diluted EPS": -0.46,
        "Total Revenue": 1,
        "Gross Profit": 1,
        "Operating Income": -5,
        "EBIT": -5,
        "Net Income": -5
    },
    "2016-03-31": {
        "Diluted EPS": -7.1,
        "Total Revenue": 1,
        "Gross Profit": 1,
        "Operating Income": -5,
        "EBIT": -5,
        "Net Income": -5
    },
    "2015-12-31": {
        "Diluted EPS": -6.49,
        "Total Revenue": 2,
        "Gross Profit": 2,
        "Operating Income": -4,
        "EBIT": -4,
        "Net Income": -4
    },
    "2015-09-30": {
        "Diluted EPS": -5.57,
        "Total Revenue": 1,
        "Gross Profit": 1,
        "Operating Income": -3,
        "EBIT": -3,
        "Net Income": -3
    },
    "2015-06-30": {
        "Diluted EPS": -2.44,
        "Total Revenue": 3,
        "Gross Profit": 3,
        "Operating Income": -1,
        "EBIT": -1,
        "Net Income": -1
    },
    "2015-03-31": {
        "Diluted EPS": -4.71,
        "Total Revenue": NaN,
        "Gross Profit": NaN,
        "Operating Income": -2,
        "EBIT": -2,
        "Net Income": -3
    },
    "2014-12-31": {
        "Diluted EPS": 0.0,
        "Total Revenue": NaN,
        "Gross Profit": NaN,
        "Operating Income": NaN,
        "EBIT": NaN,
        "Net Income": NaN
    },
    "2023-06-30": {
        "Tax Effect Of Unusual Items": -75462400.0,
        "Tax Rate For Calcs": 0.4,
        "Normalized EBITDA": 160476000.0,
        "Total Unusual Items": -188656000.0,
        "Total Unusual Items Excluding Goodwill": -188656000.0,
        "Net Income From Continuing Operation Net Minority Interest": -217081000.0,
        "Reconciled Depreciation": 580000.0,
        "EBITDA": -28180000.0,
        "EBIT": -28760000.0,
        "Net Interest Income": 350000.0,
        "Interest Income": 350000.0,
        "Normalized Income": -103887400.0,
        "Net Income From Continuing And Discontinued Operation": -217081000.0,
        "Total Expenses": 29448000.0,
        "Total Operating Income As Reported": -159246000.0,
        "Diluted Average Shares": 95565118.0,
        "Basic Average Shares": 95565118.0,
        "Diluted EPS": -2.27,
        "Basic EPS": -2.27,
        "Diluted NI Availto Com Stockholders": -217081000.0,
        "Net Income Common Stockholders": -217081000.0,
        "Net Income": -217081000.0,
        "Net Income Including Noncontrolling Interests": -217081000.0,
        "Net Income Continuous Operations": -217081000.0,
        "Tax Provision": 7000.0,
        "Pretax Income": -217074000.0,
        "Other Income Expense": -188664000.0,
        "Other Non Operating Income Expenses": -8000.0,
        "Special Income Charges": -130486000.0,
        "Other Special Charges": 130486000.0,
        "Gain On Sale Of Security": -58170000.0,
        "Net Non Operating Interest Income Expense": 350000.0,
        "Interest Income Non Operating": 350000.0,
        "Operating Income": -28760000.0,
        "Operating Expense": 29448000.0,
        "Research And Development": 17386000.0,
        "Selling General And Administration": 12062000.0,
        "General And Administrative Expense": 12062000.0,
        "Other Gand A": 12062000.0,
        "Total Revenue": 688000.0,
        "Operating Revenue": 688000.0
    }
}