{
    "2023-06-30": {
        "Tax Effect Of Unusual Items": 0.0,
        "Tax Rate For Calcs": 0.15,
        "Normalized EBITDA": 444000000.0,
        "Net Income From Continuing Operation Net Minority Interest": 85000000.0,
        "Reconciled Depreciation": 285000000.0,
        "Reconciled Cost Of Revenue": 1019000000.0,
        "EBITDA": 444000000.0,
        "EBIT": 159000000.0,
        "Net Interest Income": -99000000.0,
        "Interest Expense": 99000000.0,
        "Normalized Income": 85000000.0,
        "Net Income From Continuing And Discontinued Operation": 85000000.0,
        "Total Expenses": 1461000000.0,
        "Total Operating Income As Reported": 126000000.0,
        "Diluted Average Shares": 387100000.0,
        "Basic Average Shares": 386700000.0,
        "Diluted EPS": 0.22,
        "Basic EPS": 0.22,
        "Diluted NI Availto Com Stockholders": 85000000.0,
        "Net Income Common Stockholders": 85000000.0,
        "Net Income": 85000000.0,
        "Minority Interests": 34000000.0,
        "Net Income Including Noncontrolling Interests": 51000000.0,
        "Net Income Continuous Operations": 51000000.0,
        "Tax Provision": 9000000.0,
        "Pretax Income": 60000000.0,
        "Other Income Expense": 33000000.0,
        "Other Non Operating Income Expenses": 29000000.0,
        "Earnings From Equity Interest": 4000000.0,
        "Net Non Operating Interest Income Expense": -99000000.0,
        "Interest Expense Non Operating": 99000000.0,
        "Operating Income": 126000000.0,
        "Operating Expense": 442000000.0,
        "Other Taxes": 157000000.0,
        "Depreciation Amortization Depletion Income Statement": 285000000.0,
        "Depreciation And Amortization In Income Statement": 285000000.0,
        "Gross Profit": 568000000.0,
        "Cost Of Revenue": 1019000000.0,
        "Total Revenue": 1587000000.0,
        "Operating Revenue": 1587000000.0
    },
    "2023-03-31": {
        "Tax Effect Of Unusual Items": 0.0,
        "Tax Rate For Calcs": 0.21,
        "Normalized EBITDA": 572000000.0,
        "Net Income From Continuing Operation Net Minority Interest": 245000000.0,
        "Reconciled Depreciation": 280000000.0,
        "Reconciled Cost Of Revenue": 1738000000.0,
        "EBITDA": 572000000.0,
        "EBIT": 292000000.0,
        "Net Interest Income": -95000000.0,
        "Interest Expense": 95000000.0,
        "Normalized Income": 245000000.0,
        "Net Income From Continuing And Discontinued Operation": 245000000.0,
        "Total Expenses": 2201000000.0,
        "Total Operating Income As Reported": 265000000.0,
        "Diluted Average Shares": 387100000.0,
        "Basic Average Shares": 386700000.0,
        "Diluted EPS": 0.63,
        "Basic EPS": 0.63,
        "Diluted NI Availto Com Stockholders": 245000000.0,
        "Net Income Common Stockholders": 245000000.0,
        "Net Income": 245000000.0,
        "Minority Interests": 30000000.0,
        "Net Income Including Noncontrolling Interests": 215000000.0,
        "Net Income Continuous Operations": 215000000.0,
        "Tax Provision": -18000000.0,
        "Pretax Income": 197000000.0,
        "Other Income Expense": 27000000.0,
        "Other Non Operating Income Expenses": 25000000.0,
        "Earnings From Equity Interest": 2000000.0,
        "Net Non Operating Interest Income Expense": -95000000.0,
        "Interest Expense Non Operating": 95000000.0,
        "Operating Income": 265000000.0,
        "Operating Expense": 463000000.0,
        "Other Taxes": 183000000.0,
        "Depreciation Amortization Depletion Income Statement": 280000000.0,
        "Depreciation And Amortization In Income Statement": 280000000.0,
        "Gross Profit": 728000000.0,
        "Cost Of Revenue": 1738000000.0,
        "Total Revenue": 2466000000.0,
        "Operating Revenue": 2466000000.0
    },
    "2022-12-31": {
        "Tax Effect Of Unusual Items": 0.0,
        "Tax Rate For Calcs": 0.045113,
        "Normalized EBITDA": 484000000.0,
        "Net Income From Continuing Operation Net Minority Interest": 147000000.0,
        "Reconciled Depreciation": 274000000.0,
        "Reconciled Cost Of Revenue": 1510000000.0,
        "EBITDA": 484000000.0,
        "EBIT": 210000000.0,
        "Net Interest Income": -77000000.0,
        "Interest Expense": 77000000.0,
        "Normalized Income": 147000000.0,
        "Net Income From Continuing And Discontinued Operation": 147000000.0,
        "Total Expenses": 1941000000.0,
        "Total Operating Income As Reported": 217000000.0,
        "Diluted Average Shares": 387300000.0,
        "Basic Average Shares": 386700000.0,
        "Diluted EPS": 0.38,
        "Basic EPS": 0.38,
        "Diluted NI Availto Com Stockholders": 147000000.0,
        "Net Income Common Stockholders": 147000000.0,
        "Net Income": 147000000.0,
        "Minority Interests": 20000000.0,
        "Net Income Including Noncontrolling Interests": 127000000.0,
        "Net Income Continuous Operations": 127000000.0,
        "Tax Provision": 6000000.0,
        "Pretax Income": 133000000.0,
        "Other Income Expense": -7000000.0,
        "Other Non Operating Income Expenses": -8000000.0,
        "Earnings From Equity Interest": 1000000.0,
        "Net Non Operating Interest Income Expense": -77000000.0,
        "Interest Expense Non Operating": 77000000.0,
        "Operating Income": 217000000.0,
        "Operating Expense": 431000000.0,
        "Other Taxes": 157000000.0,
        "Depreciation Amortization Depletion Income Statement": 274000000.0,
        "Depreciation And Amortization In Income Statement": 274000000.0,
        "Gross Profit": 648000000.0,
        "Cost Of Revenue": 1510000000.0,
        "Total Revenue": 2158000000.0,
        "Operating Revenue": 2158000000.0
    },
    "2022-09-30": {
        "Tax Effect Of Unusual Items": 0.0,
        "Tax Rate For Calcs": 0.21,
        "Normalized EBITDA": 411000000.0,
        "Net Income From Continuing Operation Net Minority Interest": 105000000.0,
        "Reconciled Depreciation": 279000000.0,
        "Reconciled Cost Of Revenue": 1293000000.0,
        "EBITDA": 411000000.0,
        "EBIT": 132000000.0,
        "Net Interest Income": -76000000.0,
        "Interest Expense": 76000000.0,
        "Normalized Income": 105000000.0,
        "Net Income From Continuing And Discontinued Operation": 105000000.0,
        "Total Expenses": 1726000000.0,
        "Total Operating Income As Reported": 112000000.0,
        "Diluted Average Shares": 387300000.0,
        "Basic Average Shares": 386700000.0,
        "Diluted EPS": 0.27,
        "Basic EPS": 0.27,
        "Diluted NI Availto Com Stockholders": 105000000.0,
        "Net Income Common Stockholders": 105000000.0,
        "Net Income": 105000000.0,
        "Minority Interests": -1000000.0,
        "Net Income Including Noncontrolling Interests": 106000000.0,
        "Net Income Continuous Operations": 106000000.0,
        "Tax Provision": -50000000.0,
        "Pretax Income": 56000000.0,
        "Other Income Expense": 20000000.0,
        "Other Non Operating Income Expenses": 18000000.0,
        "Earnings From Equity Interest": 2000000.0,
        "Net Non Operating Interest Income Expense": -76000000.0,
        "Interest Expense Non Operating": 76000000.0,
        "Operating Income": 112000000.0,
        "Operating Expense": 433000000.0,
        "Other Taxes": 154000000.0,
        "Depreciation Amortization Depletion Income Statement": 279000000.0,
        "Depreciation And Amortization In Income Statement": 279000000.0,
        "Gross Profit": 545000000.0,
        "Cost Of Revenue": 1293000000.0,
        "Total Revenue": 1838000000.0,
        "Operating Revenue": 1838000000.0
    },
    "2022-06-30": {
        "Tax Effect Of Unusual Items": 0.0,
        "Tax Rate For Calcs": 0.4,
        "Normalized EBITDA": 507000000.0,
        "Net Income From Continuing Operation Net Minority Interest": 184000000.0,
        "Reconciled Depreciation": 271000000.0,
        "Reconciled Cost Of Revenue": 1133000000.0,
        "EBITDA": 507000000.0,
        "EBIT": 236000000.0,
        "Net Interest Income": -79000000.0,
        "Interest Expense": 79000000.0,
        "Normalized Income": 184000000.0,
        "Net Income From Continuing And Discontinued Operation": 184000000.0,
        "Total Expenses": 1573000000.0,
        "Total Operating Income As Reported": 221000000.0,
        "Diluted Average Shares": 387219348.0,
        "Basic Average Shares": 386736774.0,
        "Diluted EPS": 0.48,
        "Basic EPS": 0.48,
        "Diluted NI Availto Com Stockholders": 184000000.0,
        "Net Income Common Stockholders": 184000000.0,
        "Net Income": 184000000.0,
        "Minority Interests": 23000000.0,
        "Net Income Including Noncontrolling Interests": 161000000.0,
        "Net Income Continuous Operations": 161000000.0,
        "Tax Provision": -4000000.0,
        "Pretax Income": 157000000.0,
        "Other Income Expense": 15000000.0,
        "Other Non Operating Income Expenses": 9000000.0,
        "Earnings From Equity Interest": 6000000.0,
        "Net Non Operating Interest Income Expense": -79000000.0,
        "Interest Expense Non Operating": 79000000.0,
        "Operating Income": 221000000.0,
        "Operating Expense": 440000000.0,
        "Other Taxes": 169000000.0,
        "Depreciation Amortization Depletion Income Statement": 271000000.0,
        "Depreciation And Amortization In Income Statement": 271000000.0,
        "Gross Profit": 661000000.0,
        "Cost Of Revenue": 1133000000.0,
        "Total Revenue": 1794000000.0,
        "Operating Revenue": 1794000000.0
    },
    "2022-03-31": {
        "Diluted EPS": 1.15,
        "Total Revenue": NaN,
        "Gross Profit": NaN,
        "Operating Income": 302,
        "EBIT": 565,
        "Net Income": 445
    },
    "2021-12-31": {
        "Diluted EPS": 0.32,
        "Total Revenue": NaN,
        "Gross Profit": NaN,
        "Operating Income": 220,
        "EBIT": 403,
        "Net Income": 164
    },
    "2021-09-30": {
        "Diluted EPS": 0.29,
        "Total Revenue": NaN,
        "Gross Profit": NaN,
        "Operating Income": 138,
        "EBIT": 438,
        "Net Income": 111
    },
    "2021-06-30": {
        "Diluted EPS": 0.28,
        "Total Revenue": NaN,
        "Gross Profit": NaN,
        "Operating Income": 131,
        "EBIT": 394,
        "Net Income": 98
    },
    "2021-03-31": {
        "Diluted EPS": 1.08,
        "Total Revenue": NaN,
        "Gross Profit": NaN,
        "Operating Income": 406,
        "EBIT": 674,
        "Net Income": 334
    },
    "2020-12-31": {
        "Diluted EPS": 0.54,
        "Total Revenue": NaN,
        "Gross Profit": NaN,
        "Operating Income": 222,
        "EBIT": 398,
        "Net Income": 166
    },
    "2020-09-30": {
        "Diluted EPS": 0.28,
        "Total Revenue": NaN,
        "Gross Profit": NaN,
        "Operating Income": 165,
        "EBIT": 444,
        "Net Income": 87
    },
    "2020-06-30": {
        "Diluted EPS": 0.28,
        "Total Revenue": NaN,
        "Gross Profit": NaN,
        "Operating Income": 155,
        "EBIT": 418,
        "Net Income": 88
    },
    "2020-03-31": {
        "Diluted EPS": 0.78,
        "Total Revenue": NaN,
        "Gross Profit": NaN,
        "Operating Income": 327,
        "EBIT": 596,
        "Net Income": 240
    },
    "2019-12-31": {
        "Diluted EPS": 0.62,
        "Total Revenue": NaN,
        "Gross Profit": NaN,
        "Operating Income": 211,
        "EBIT": 527,
        "Net Income": 190
    },
    "2019-09-30": {
        "Diluted EPS": 0.48,
        "Total Revenue": NaN,
        "Gross Profit": NaN,
        "Operating Income": 239,
        "EBIT": 444,
        "Net Income": 150
    },
    "2019-06-30": {
        "Diluted EPS": 0.36,
        "Total Revenue": NaN,
        "Gross Profit": NaN,
        "Operating Income": 207,
        "EBIT": 447,
        "Net Income": 110
    },
    "2019-03-31": {
        "Diluted EPS": 0.7,
        "Total Revenue": NaN,
        "Gross Profit": NaN,
        "Operating Income": 341,
        "EBIT": 577,
        "Net Income": 217
    },
    "2018-12-31": {
        "Diluted EPS": 0.36,
        "Total Revenue": NaN,
        "Gross Profit": NaN,
        "Operating Income": 238,
        "EBIT": 395,
        "Net Income": 111
    },
    "2018-09-30": {
        "Diluted EPS": 0.4,
        "Total Revenue": NaN,
        "Gross Profit": NaN,
        "Operating Income": 253,
        "EBIT": 496,
        "Net Income": 125
    },
    "2018-06-30": {
        "Diluted EPS": 0.34,
        "Total Revenue": NaN,
        "Gross Profit": NaN,
        "Operating Income": 222,
        "EBIT": 453,
        "Net Income": 107
    },
    "2018-03-31": {
        "Diluted EPS": 0.79,
        "Total Revenue": NaN,
        "Gross Profit": NaN,
        "Operating Income": 403,
        "EBIT": 627,
        "Net Income": 244
    },
    "2017-12-31": {
        "Diluted EPS": -0.25,
        "Total Revenue": NaN,
        "Gross Profit": NaN,
        "Operating Income": -392,
        "EBIT": -164,
        "Net Income": -77
    },
    "2017-09-30": {
        "Diluted EPS": 0.32,
        "Total Revenue": NaN,
        "Gross Profit": NaN,
        "Operating Income": 218,
        "EBIT": 447,
        "Net Income": 99
    },
    "2017-06-30": {
        "Diluted EPS": 0.39,
        "Total Revenue": NaN,
        "Gross Profit": NaN,
        "Operating Income": 252,
        "EBIT": 463,
        "Net Income": 120
    },
    "2017-03-31": {
        "Diluted EPS": 0.77,
        "Total Revenue": NaN,
        "Gross Profit": NaN,
        "Operating Income": 427,
        "EBIT": 645,
        "Net Income": 239
    },
    "2016-12-31": {
        "Diluted EPS": 0.67,
        "Total Revenue": NaN,
        "Gross Profit": NaN,
        "Operating Income": 306,
        "EBIT": 398,
        "Net Income": 209
    },
    "2016-09-30": {
        "Diluted EPS": 0.35,
        "Total Revenue": NaN,
        "Gross Profit": NaN,
        "Operating Income": 217,
        "EBIT": 464,
        "Net Income": 109
    },
    "2016-06-30": {
        "Diluted EPS": 0.33,
        "Total Revenue": NaN,
        "Gross Profit": NaN,
        "Operating Income": 322,
        "EBIT": 569,
        "Net Income": 102
    },
    "2016-03-31": {
        "Diluted EPS": 0.69,
        "Total Revenue": NaN,
        "Gross Profit": NaN,
        "Operating Income": 349,
        "EBIT": 588,
        "Net Income": 212
    },
    "2015-12-31": {
        "Diluted EPS": 0.39,
        "Total Revenue": NaN,
        "Gross Profit": 935,
        "Operating Income": 83,
        "EBIT": 281,
        "Net Income": 102
    },
    "2015-09-30": {
        "Diluted EPS": 0.22,
        "Total Revenue": NaN,
        "Gross Profit": 837,
        "Operating Income": 161,
        "EBIT": 351,
        "Net Income": 54
    },
    "2015-06-30": {
        "Diluted EPS": 0.04,
        "Total Revenue": 939,
        "Gross Profit": 788,
        "Operating Income": 73,
        "EBIT": 319,
        "Net Income": 11
    },
    "2015-03-31": {
        "Diluted EPS": 0.42,
        "Total Revenue": NaN,
        "Gross Profit": 835,
        "Operating Income": 196,
        "EBIT": 361,
        "Net Income": 106
    },
    "2014-12-31": {
        "Diluted EPS": 0.0,
        "Total Revenue": NaN,
        "Gross Profit": NaN,
        "Operating Income": NaN,
        "EBIT": NaN,
        "Net Income": NaN
    },
    "2014-09-30": {
        "Diluted EPS": 0.3,
        "Total Revenue": 982,
        "Gross Profit": 778,
        "Operating Income": 153,
        "EBIT": 153,
        "Net Income": 64
    },
    "2013-12-31": {
        "Diluted EPS": 0.0,
        "Total Revenue": NaN,
        "Gross Profit": NaN,
        "Operating Income": NaN,
        "EBIT": NaN,
        "Net Income": NaN
    },
    "2023-09-30": {
        "Tax Effect Of Unusual Items": 0.0,
        "Tax Rate For Calcs": 0.21,
        "Normalized EBITDA": 433000000.0,
        "Net Income From Continuing Operation Net Minority Interest": 59000000.0,
        "Reconciled Depreciation": 303000000.0,
        "Reconciled Cost Of Revenue": 1406000000.0,
        "EBITDA": 433000000.0,
        "EBIT": 130000000.0,
        "Net Interest Income": -107000000.0,
        "Interest Expense": 107000000.0,
        "Normalized Income": 59000000.0,
        "Net Income From Continuing And Discontinued Operation": 59000000.0,
        "Total Expenses": 1885000000.0,
        "Total Operating Income As Reported": 89000000.0,
        "Diluted Average Shares": 387300000.0,
        "Basic Average Shares": 386900000.0,
        "Diluted EPS": 0.15,
        "Basic EPS": 0.15,
        "Diluted NI Availto Com Stockholders": 59000000.0,
        "Net Income Common Stockholders": 59000000.0,
        "Net Income": 59000000.0,
        "Minority Interests": 28000000.0,
        "Net Income Including Noncontrolling Interests": 31000000.0,
        "Net Income Continuous Operations": 31000000.0,
        "Tax Provision": -8000000.0,
        "Pretax Income": 23000000.0,
        "Other Income Expense": 41000000.0,
        "Other Non Operating Income Expenses": 42000000.0,
        "Earnings From Equity Interest": -1000000.0,
        "Net Non Operating Interest Income Expense": -107000000.0,
        "Interest Expense Non Operating": 107000000.0,
        "Operating Income": 89000000.0,
        "Operating Expense": 479000000.0,
        "Other Taxes": 176000000.0,
        "Depreciation Amortization Depletion Income Statement": 303000000.0,
        "Depreciation And Amortization In Income Statement": 303000000.0,
        "Gross Profit": 568000000.0,
        "Cost Of Revenue": 1406000000.0,
        "Total Revenue": 1974000000.0,
        "Operating Revenue": 1974000000.0
    }
}