{
    "2023-03-31": {
        "Tax Effect Of Unusual Items": 0.0,
        "Tax Rate For Calcs": 0.0,
        "Normalized EBITDA": -6675000.0,
        "Total Unusual Items": 1687000.0,
        "Total Unusual Items Excluding Goodwill": 1687000.0,
        "Net Income From Continuing Operation Net Minority Interest": -5390000.0,
        "Reconciled Depreciation": 93000.0,
        "Reconciled Cost Of Revenue": 2003000.0,
        "EBIT": -4988000.0,
        "Net Interest Income": -369000.0,
        "Interest Expense": 402000.0,
        "Interest Income": 33000.0,
        "Normalized Income": -7077000.0,
        "Net Income From Continuing And Discontinued Operation": -5390000.0,
        "Total Expenses": 10521000.0,
        "Total Operating Income As Reported": -6708000.0,
        "Diluted Average Shares": 912044.0,
        "Basic Average Shares": 912044.0,
        "Diluted EPS": -5.91,
        "Basic EPS": -5.91,
        "Diluted NI Availto Com Stockholders": -5390000.0,
        "Net Income Common Stockholders": -5390000.0,
        "Net Income": -5390000.0,
        "Net Income Including Noncontrolling Interests": -5390000.0,
        "Net Income Continuous Operations": -5390000.0,
        "Tax Provision": 0.0,
        "Pretax Income": -5390000.0,
        "Other Income Expense": 1687000.0,
        "Special Income Charges": NaN,
        "Gain On Sale Of Ppe": NaN,
        "Gain On Sale Of Security": 1687000.0,
        "Net Non Operating Interest Income Expense": -369000.0,
        "Interest Expense Non Operating": 402000.0,
        "Interest Income Non Operating": 33000.0,
        "Operating Income": -6708000.0,
        "Operating Expense": 8518000.0,
        "Research And Development": 763000.0,
        "Selling General And Administration": 7755000.0,
        "Selling And Marketing Expense": 4670000.0,
        "General And Administrative Expense": 3085000.0,
        "Other Gand A": 3085000.0,
        "Gross Profit": 1810000.0,
        "Cost Of Revenue": 2003000.0,
        "Total Revenue": 3813000.0,
        "Operating Revenue": 3813000.0
    },
    "2022-12-31": {
        "Tax Effect Of Unusual Items": 0.0,
        "Tax Rate For Calcs": 0.0,
        "Normalized EBITDA": -6846000.0,
        "Total Unusual Items": 3349000.0,
        "Total Unusual Items Excluding Goodwill": 3349000.0,
        "Net Income From Continuing Operation Net Minority Interest": -3929000.0,
        "Reconciled Depreciation": 91000.0,
        "Reconciled Cost Of Revenue": 1653000.0,
        "EBIT": -3497000.0,
        "Net Interest Income": -402000.0,
        "Interest Expense": 432000.0,
        "Interest Income": 30000.0,
        "Normalized Income": -7278000.0,
        "Net Income From Continuing And Discontinued Operation": -3929000.0,
        "Total Expenses": 10872000.0,
        "Total Operating Income As Reported": -6876000.0,
        "Diluted Average Shares": 824651.0,
        "Basic Average Shares": 824651.0,
        "Diluted EPS": -5.0,
        "Basic EPS": -5.0,
        "Diluted NI Availto Com Stockholders": -3929000.0,
        "Net Income Common Stockholders": -3929000.0,
        "Net Income": -3929000.0,
        "Net Income Including Noncontrolling Interests": -3929000.0,
        "Net Income Continuous Operations": -3929000.0,
        "Tax Provision": 0.0,
        "Pretax Income": -3929000.0,
        "Other Income Expense": 3349000.0,
        "Special Income Charges": 0.0,
        "Gain On Sale Of Ppe": 0.0,
        "Gain On Sale Of Security": 3349000.0,
        "Net Non Operating Interest Income Expense": -402000.0,
        "Interest Expense Non Operating": 432000.0,
        "Interest Income Non Operating": 30000.0,
        "Operating Income": -6876000.0,
        "Operating Expense": 9219000.0,
        "Research And Development": 352000.0,
        "Selling General And Administration": 8867000.0,
        "Selling And Marketing Expense": 6844000.0,
        "General And Administrative Expense": 2023000.0,
        "Other Gand A": 2023000.0,
        "Gross Profit": 2343000.0,
        "Cost Of Revenue": 1653000.0,
        "Total Revenue": 3996000.0,
        "Operating Revenue": 3996000.0
    },
    "2022-09-30": {
        "Tax Effect Of Unusual Items": 0.0,
        "Tax Rate For Calcs": 0.0,
        "Normalized EBITDA": -7278000.0,
        "Total Unusual Items": -11122000.0,
        "Total Unusual Items Excluding Goodwill": -11122000.0,
        "Net Income From Continuing Operation Net Minority Interest": -19666000.0,
        "Reconciled Depreciation": 262000.0,
        "Reconciled Cost Of Revenue": 1425000.0,
        "EBIT": -18662000.0,
        "Net Interest Income": -958000.0,
        "Interest Expense": 1004000.0,
        "Interest Income": 46000.0,
        "Normalized Income": -8544000.0,
        "Net Income From Continuing And Discontinued Operation": -19666000.0,
        "Total Expenses": 10588000.0,
        "Total Operating Income As Reported": -18708000.0,
        "Diluted Average Shares": 739956.0,
        "Basic Average Shares": 739956.0,
        "Diluted EPS": -26.5,
        "Basic EPS": -26.5,
        "Diluted NI Availto Com Stockholders": -19666000.0,
        "Net Income Common Stockholders": -19666000.0,
        "Net Income": -19666000.0,
        "Net Income Including Noncontrolling Interests": -19666000.0,
        "Net Income Continuous Operations": -19666000.0,
        "Tax Provision": 0.0,
        "Pretax Income": -19666000.0,
        "Other Income Expense": -11122000.0,
        "Special Income Charges": -11122000.0,
        "Gain On Sale Of Ppe": -11122000.0,
        "Gain On Sale Of Security": NaN,
        "Net Non Operating Interest Income Expense": -958000.0,
        "Interest Expense Non Operating": 1004000.0,
        "Interest Income Non Operating": 46000.0,
        "Operating Income": -7586000.0,
        "Operating Expense": 9163000.0,
        "Research And Development": 788000.0,
        "Selling General And Administration": 8375000.0,
        "Selling And Marketing Expense": 5560000.0,
        "General And Administrative Expense": 2815000.0,
        "Other Gand A": 2815000.0,
        "Gross Profit": 1577000.0,
        "Cost Of Revenue": 1425000.0,
        "Total Revenue": 3002000.0,
        "Operating Revenue": 3002000.0
    },
    "2022-06-30": {
        "Tax Effect Of Unusual Items": 0.0,
        "Tax Rate For Calcs": 0.0,
        "Normalized EBITDA": -10803000.0,
        "Total Unusual Items": NaN,
        "Total Unusual Items Excluding Goodwill": NaN,
        "Net Income From Continuing Operation Net Minority Interest": -12219000.0,
        "Reconciled Depreciation": 593000.0,
        "Reconciled Cost Of Revenue": 2231000.0,
        "EBIT": -11396000.0,
        "Net Interest Income": -821000.0,
        "Interest Expense": 823000.0,
        "Interest Income": 2000.0,
        "Normalized Income": -12219000.0,
        "Net Income From Continuing And Discontinued Operation": -12219000.0,
        "Total Expenses": 13524000.0,
        "Total Operating Income As Reported": -11398000.0,
        "Diluted Average Shares": 90204.0,
        "Basic Average Shares": 90204.0,
        "Diluted EPS": -57.29,
        "Basic EPS": -57.29,
        "Diluted NI Availto Com Stockholders": -12219000.0,
        "Net Income Common Stockholders": -12219000.0,
        "Net Income": -12219000.0,
        "Net Income Including Noncontrolling Interests": -12219000.0,
        "Net Income Continuous Operations": -12219000.0,
        "Tax Provision": 0.0,
        "Pretax Income": -12219000.0,
        "Other Income Expense": NaN,
        "Special Income Charges": NaN,
        "Gain On Sale Of Ppe": NaN,
        "Gain On Sale Of Security": NaN,
        "Net Non Operating Interest Income Expense": -821000.0,
        "Interest Expense Non Operating": 823000.0,
        "Interest Income Non Operating": 2000.0,
        "Operating Income": -11398000.0,
        "Operating Expense": 11293000.0,
        "Research And Development": 856000.0,
        "Selling General And Administration": 10437000.0,
        "Selling And Marketing Expense": 7411000.0,
        "General And Administrative Expense": 3026000.0,
        "Other Gand A": 3026000.0,
        "Gross Profit": -105000.0,
        "Cost Of Revenue": 2231000.0,
        "Total Revenue": 2126000.0,
        "Operating Revenue": 2126000.0
    },
    "2022-03-31": {
        "Diluted EPS": -166.68,
        "Total Revenue": 2,
        "Gross Profit": 0,
        "Operating Income": -16,
        "EBIT": -15,
        "Net Income": -10
    },
    "2021-12-31": {
        "Diluted EPS": NaN,
        "Total Revenue": 2,
        "Gross Profit": -4,
        "Operating Income": -22,
        "EBIT": -21,
        "Net Income": -20
    },
    "2021-09-30": {
        "Diluted EPS": 360.0,
        "Total Revenue": 1,
        "Gross Profit": -1,
        "Operating Income": -16,
        "EBIT": -14,
        "Net Income": -17
    },
    "2021-06-30": {
        "Diluted EPS": -400.0,
        "Total Revenue": 1,
        "Gross Profit": 0,
        "Operating Income": -17,
        "EBIT": -16,
        "Net Income": -18
    },
    "2021-03-31": {
        "Diluted EPS": -400.0,
        "Total Revenue": 0,
        "Gross Profit": -1,
        "Operating Income": -16,
        "EBIT": -16,
        "Net Income": -17
    },
    "2020-12-31": {
        "Diluted EPS": -420.0,
        "Total Revenue": NaN,
        "Gross Profit": NaN,
        "Operating Income": -17,
        "EBIT": -16,
        "Net Income": -18
    },
    "2020-09-30": {
        "Diluted EPS": -360.0,
        "Total Revenue": NaN,
        "Gross Profit": NaN,
        "Operating Income": -15,
        "EBIT": -15,
        "Net Income": -16
    },
    "2020-06-30": {
        "Diluted EPS": -240.0,
        "Total Revenue": NaN,
        "Gross Profit": NaN,
        "Operating Income": -10,
        "EBIT": -10,
        "Net Income": -11
    },
    "2020-03-31": {
        "Diluted EPS": -200.0,
        "Total Revenue": NaN,
        "Gross Profit": NaN,
        "Operating Income": -8,
        "EBIT": -8,
        "Net Income": -8
    },
    "2019-12-31": {
        "Diluted EPS": -180.0,
        "Total Revenue": NaN,
        "Gross Profit": NaN,
        "Operating Income": -6,
        "EBIT": -6,
        "Net Income": -6
    },
    "2019-09-30": {
        "Diluted EPS": -160.0,
        "Total Revenue": NaN,
        "Gross Profit": NaN,
        "Operating Income": -4,
        "EBIT": -4,
        "Net Income": -4
    },
    "2019-06-30": {
        "Diluted EPS": -160.0,
        "Total Revenue": NaN,
        "Gross Profit": NaN,
        "Operating Income": -4,
        "EBIT": -4,
        "Net Income": -3
    },
    "2019-03-31": {
        "Diluted EPS": -260.0,
        "Total Revenue": NaN,
        "Gross Profit": NaN,
        "Operating Income": -5,
        "EBIT": -5,
        "Net Income": -5
    },
    "2018-12-31": {
        "Diluted EPS": -220.0,
        "Total Revenue": NaN,
        "Gross Profit": NaN,
        "Operating Income": -4,
        "EBIT": -4,
        "Net Income": -4
    },
    "2018-09-30": {
        "Diluted EPS": -220.0,
        "Total Revenue": NaN,
        "Gross Profit": NaN,
        "Operating Income": -4,
        "EBIT": -4,
        "Net Income": -4
    },
    "2018-06-30": {
        "Diluted EPS": -320.0,
        "Total Revenue": NaN,
        "Gross Profit": NaN,
        "Operating Income": -5,
        "EBIT": -5,
        "Net Income": -5
    },
    "2018-03-31": {
        "Diluted EPS": -400.0,
        "Total Revenue": NaN,
        "Gross Profit": NaN,
        "Operating Income": -7,
        "EBIT": -7,
        "Net Income": -7
    },
    "2017-12-31": {
        "Diluted EPS": -340.0,
        "Total Revenue": NaN,
        "Gross Profit": NaN,
        "Operating Income": -6,
        "EBIT": -6,
        "Net Income": -6
    },
    "2017-09-30": {
        "Diluted EPS": -440.0,
        "Total Revenue": NaN,
        "Gross Profit": NaN,
        "Operating Income": -7,
        "EBIT": -7,
        "Net Income": -7
    },
    "2017-06-30": {
        "Diluted EPS": -520.0,
        "Total Revenue": NaN,
        "Gross Profit": NaN,
        "Operating Income": -7,
        "EBIT": -7,
        "Net Income": -7
    },
    "2017-03-31": {
        "Diluted EPS": -520.0,
        "Total Revenue": NaN,
        "Gross Profit": NaN,
        "Operating Income": -7,
        "EBIT": -7,
        "Net Income": -8
    },
    "2016-12-31": {
        "Diluted EPS": -380.0,
        "Total Revenue": NaN,
        "Gross Profit": NaN,
        "Operating Income": -8,
        "EBIT": -8,
        "Net Income": -5
    },
    "2016-09-30": {
        "Diluted EPS": -540.0,
        "Total Revenue": NaN,
        "Gross Profit": NaN,
        "Operating Income": -7,
        "EBIT": -7,
        "Net Income": -8
    },
    "2016-06-30": {
        "Diluted EPS": -580.0,
        "Total Revenue": NaN,
        "Gross Profit": NaN,
        "Operating Income": -8,
        "EBIT": -8,
        "Net Income": -8
    },
    "2016-03-31": {
        "Diluted EPS": -540.0,
        "Total Revenue": NaN,
        "Gross Profit": NaN,
        "Operating Income": -7,
        "EBIT": -7,
        "Net Income": -7
    },
    "2015-12-31": {
        "Diluted EPS": -360.0,
        "Total Revenue": NaN,
        "Gross Profit": NaN,
        "Operating Income": -9,
        "EBIT": -9,
        "Net Income": -4
    },
    "2015-09-30": {
        "Diluted EPS": -840.0,
        "Total Revenue": NaN,
        "Gross Profit": NaN,
        "Operating Income": -9,
        "EBIT": -9,
        "Net Income": -9
    },
    "2015-06-30": {
        "Diluted EPS": -760.0,
        "Total Revenue": NaN,
        "Gross Profit": NaN,
        "Operating Income": -8,
        "EBIT": -8,
        "Net Income": -8
    },
    "2015-03-31": {
        "Diluted EPS": -800.0,
        "Total Revenue": NaN,
        "Gross Profit": NaN,
        "Operating Income": -7,
        "EBIT": -7,
        "Net Income": -9
    },
    "2014-12-31": {
        "Diluted EPS": NaN,
        "Total Revenue": NaN,
        "Gross Profit": NaN,
        "Operating Income": -7,
        "EBIT": -7,
        "Net Income": -6
    },
    "2014-09-30": {
        "Diluted EPS": -680.0,
        "Total Revenue": NaN,
        "Gross Profit": NaN,
        "Operating Income": -6,
        "EBIT": -6,
        "Net Income": -6
    },
    "2014-06-30": {
        "Diluted EPS": -920.0,
        "Total Revenue": NaN,
        "Gross Profit": NaN,
        "Operating Income": -3,
        "EBIT": -3,
        "Net Income": -4
    },
    "2014-03-31": {
        "Diluted EPS": 20.0,
        "Total Revenue": NaN,
        "Gross Profit": NaN,
        "Operating Income": -2,
        "EBIT": -2,
        "Net Income": 0
    },
    "2013-12-31": {
        "Diluted EPS": 0.0,
        "Total Revenue": NaN,
        "Gross Profit": NaN,
        "Operating Income": NaN,
        "EBIT": NaN,
        "Net Income": NaN
    },
    "2013-09-30": {
        "Diluted EPS": NaN,
        "Total Revenue": NaN,
        "Gross Profit": NaN,
        "Operating Income": -3,
        "EBIT": -3,
        "Net Income": -4
    },
    "2013-06-30": {
        "Diluted EPS": NaN,
        "Total Revenue": NaN,
        "Gross Profit": NaN,
        "Operating Income": -3,
        "EBIT": -3,
        "Net Income": -4
    },
    "2012-12-31": {
        "Diluted EPS": 0.0,
        "Total Revenue": NaN,
        "Gross Profit": NaN,
        "Operating Income": NaN,
        "EBIT": NaN,
        "Net Income": NaN
    },
    "2023-06-30": {
        "Tax Effect Of Unusual Items": 0.0,
        "Tax Rate For Calcs": 0.0,
        "Normalized EBITDA": -5016000.0,
        "Total Unusual Items": 1674000.0,
        "Total Unusual Items Excluding Goodwill": 1674000.0,
        "Net Income From Continuing Operation Net Minority Interest": -3809000.0,
        "Reconciled Depreciation": 95000.0,
        "Reconciled Cost Of Revenue": 2307000.0,
        "EBIT": -3437000.0,
        "Net Interest Income": -357000.0,
        "Interest Expense": 372000.0,
        "Interest Income": 15000.0,
        "Normalized Income": -5483000.0,
        "Net Income From Continuing And Discontinued Operation": -3809000.0,
        "Total Expenses": 10629000.0,
        "Total Operating Income As Reported": -5126000.0,
        "Diluted Average Shares": 1769803.0,
        "Basic Average Shares": 1769803.0,
        "Diluted EPS": -2.15,
        "Basic EPS": -2.15,
        "Diluted NI Availto Com Stockholders": -3809000.0,
        "Net Income Common Stockholders": -3809000.0,
        "Net Income": -3809000.0,
        "Net Income Including Noncontrolling Interests": -3809000.0,
        "Net Income Continuous Operations": -3809000.0,
        "Tax Provision": 0.0,
        "Pretax Income": -3809000.0,
        "Other Income Expense": 1674000.0,
        "Special Income Charges": NaN,
        "Gain On Sale Of Ppe": NaN,
        "Gain On Sale Of Security": 1674000.0,
        "Net Non Operating Interest Income Expense": -357000.0,
        "Interest Expense Non Operating": 372000.0,
        "Interest Income Non Operating": 15000.0,
        "Operating Income": -5126000.0,
        "Operating Expense": 8322000.0,
        "Research And Development": 703000.0,
        "Selling General And Administration": 7619000.0,
        "Selling And Marketing Expense": 4570000.0,
        "General And Administrative Expense": 3049000.0,
        "Other Gand A": 3049000.0,
        "Gross Profit": 3196000.0,
        "Cost Of Revenue": 2307000.0,
        "Total Revenue": 5503000.0,
        "Operating Revenue": 5503000.0
    }
}