{
    "2023-03-31": {
        "Tax Effect Of Unusual Items": NaN,
        "Tax Rate For Calcs": NaN,
        "Total Unusual Items": NaN,
        "Total Unusual Items Excluding Goodwill": NaN,
        "Net Income From Continuing Operation Net Minority Interest": NaN,
        "Reconciled Depreciation": NaN,
        "EBIT": NaN,
        "Net Interest Income": NaN,
        "Interest Expense": NaN,
        "Interest Income": NaN,
        "Normalized Income": NaN,
        "Net Income From Continuing And Discontinued Operation": NaN,
        "Total Expenses": NaN,
        "Diluted Average Shares": NaN,
        "Basic Average Shares": NaN,
        "Diluted EPS": NaN,
        "Basic EPS": NaN,
        "Diluted NI Availto Com Stockholders": NaN,
        "Net Income Common Stockholders": NaN,
        "Preferred Stock Dividends": 7000000.0,
        "Net Income": NaN,
        "Minority Interests": NaN,
        "Net Income Including Noncontrolling Interests": NaN,
        "Net Income Discontinuous Operations": NaN,
        "Net Income Continuous Operations": NaN,
        "Tax Provision": NaN,
        "Pretax Income": NaN,
        "Other Income Expense": NaN,
        "Special Income Charges": NaN,
        "Other Special Charges": NaN,
        "Net Non Operating Interest Income Expense": NaN,
        "Interest Expense Non Operating": NaN,
        "Other Operating Expenses": NaN,
        "Selling General And Administration": NaN,
        "General And Administrative Expense": NaN,
        "Other Gand A": NaN,
        "Total Revenue": NaN,
        "Operating Revenue": NaN,
        "Loss Adjustment Expense": NaN,
        "Net Policyholder Benefits And Claims": NaN,
        "Policyholder Benefits Gross": 6397000000.0
    },
    "2022-12-31": {
        "Tax Effect Of Unusual Items": -43666666.666667,
        "Tax Rate For Calcs": 0.333333,
        "Total Unusual Items": -131000000.0,
        "Total Unusual Items Excluding Goodwill": -131000000.0,
        "Net Income From Continuing Operation Net Minority Interest": 271000000.0,
        "Reconciled Depreciation": 930000000.0,
        "EBIT": 593000000.0,
        "Net Interest Income": -314000000.0,
        "Interest Expense": 314000000.0,
        "Interest Income": 734000000.0,
        "Normalized Income": 358333333.333333,
        "Net Income From Continuing And Discontinued Operation": 271000000.0,
        "Total Expenses": 11362000000.0,
        "Diluted Average Shares": NaN,
        "Basic Average Shares": NaN,
        "Diluted EPS": NaN,
        "Basic EPS": NaN,
        "Diluted NI Availto Com Stockholders": 264000000.0,
        "Net Income Common Stockholders": 264000000.0,
        "Preferred Stock Dividends": 7000000.0,
        "Net Income": 271000000.0,
        "Minority Interests": 85000000.0,
        "Net Income Including Noncontrolling Interests": 186000000.0,
        "Net Income Discontinuous Operations": 0.0,
        "Net Income Continuous Operations": 186000000.0,
        "Tax Provision": 93000000.0,
        "Pretax Income": 279000000.0,
        "Other Income Expense": NaN,
        "Special Income Charges": -131000000.0,
        "Other Special Charges": 131000000.0,
        "Net Non Operating Interest Income Expense": -314000000.0,
        "Interest Expense Non Operating": 314000000.0,
        "Other Operating Expenses": 55000000.0,
        "Selling General And Administration": 2698000000.0,
        "General And Administrative Expense": 2698000000.0,
        "Other Gand A": 2698000000.0,
        "Total Revenue": 11641000000.0,
        "Operating Revenue": 11641000000.0
    },
    "2022-09-30": {
        "Tax Effect Of Unusual Items": NaN,
        "Tax Rate For Calcs": NaN,
        "Total Unusual Items": NaN,
        "Total Unusual Items Excluding Goodwill": NaN,
        "Net Income From Continuing Operation Net Minority Interest": NaN,
        "Reconciled Depreciation": NaN,
        "EBIT": NaN,
        "Net Interest Income": NaN,
        "Interest Expense": NaN,
        "Interest Income": NaN,
        "Normalized Income": NaN,
        "Net Income From Continuing And Discontinued Operation": NaN,
        "Total Expenses": NaN,
        "Diluted Average Shares": NaN,
        "Basic Average Shares": NaN,
        "Diluted EPS": NaN,
        "Basic EPS": NaN,
        "Diluted NI Availto Com Stockholders": NaN,
        "Net Income Common Stockholders": NaN,
        "Preferred Stock Dividends": NaN,
        "Net Income": NaN,
        "Minority Interests": NaN,
        "Net Income Including Noncontrolling Interests": NaN,
        "Net Income Discontinuous Operations": NaN,
        "Net Income Continuous Operations": NaN,
        "Tax Provision": NaN,
        "Pretax Income": NaN,
        "Other Income Expense": 195000000.0,
        "Special Income Charges": NaN,
        "Other Special Charges": NaN,
        "Net Non Operating Interest Income Expense": NaN,
        "Interest Expense Non Operating": NaN,
        "Other Operating Expenses": NaN,
        "Selling General And Administration": NaN,
        "General And Administrative Expense": NaN,
        "Other Gand A": NaN,
        "Total Revenue": NaN,
        "Operating Revenue": NaN
    },
    "2022-06-30": {
        "Tax Effect Of Unusual Items": -64500000.0,
        "Tax Rate For Calcs": 0.215,
        "Total Unusual Items": -300000000.0,
        "Total Unusual Items Excluding Goodwill": -300000000.0,
        "Net Income From Continuing Operation Net Minority Interest": 3037000000.0,
        "Reconciled Depreciation": 1251000000.0,
        "EBIT": 4587000000.0,
        "Net Interest Income": -266000000.0,
        "Interest Expense": 266000000.0,
        "Interest Income": NaN,
        "Normalized Income": 3272500000.0,
        "Net Income From Continuing And Discontinued Operation": 3036000000.0,
        "Total Expenses": 10120000000.0,
        "Diluted Average Shares": 800730746.0,
        "Basic Average Shares": 790897301.0,
        "Diluted EPS": 3.43,
        "Basic EPS": 3.47,
        "Diluted NI Availto Com Stockholders": 3028000000.0,
        "Net Income Common Stockholders": 3028000000.0,
        "Preferred Stock Dividends": 8000000.0,
        "Net Income": 3036000000.0,
        "Minority Interests": -356000000.0,
        "Net Income Including Noncontrolling Interests": 3392000000.0,
        "Net Income Discontinuous Operations": -1000000.0,
        "Net Income Continuous Operations": 3393000000.0,
        "Tax Provision": 928000000.0,
        "Pretax Income": 4321000000.0,
        "Other Income Expense": NaN,
        "Special Income Charges": -300000000.0,
        "Other Special Charges": 300000000.0,
        "Net Non Operating Interest Income Expense": -266000000.0,
        "Interest Expense Non Operating": 266000000.0,
        "Other Operating Expenses": NaN,
        "Selling General And Administration": 2223000000.0,
        "General And Administrative Expense": 2223000000.0,
        "Other Gand A": 2223000000.0,
        "Total Revenue": 14441000000.0,
        "Operating Revenue": 14441000000.0
    },
    "2023-06-30": {
        "Tax Effect Of Unusual Items": 4042000.0,
        "Tax Rate For Calcs": 0.094,
        "Total Unusual Items": 43000000.0,
        "Total Unusual Items Excluding Goodwill": 43000000.0,
        "Net Income From Continuing Operation Net Minority Interest": 1493000000.0,
        "Reconciled Depreciation": 1088000000.0,
        "EBIT": 2145000000.0,
        "Net Interest Income": -278000000.0,
        "Interest Expense": 278000000.0,
        "Interest Income": 484000000.0,
        "Normalized Income": 1454042000.0,
        "Net Income From Continuing And Discontinued Operation": 1493000000.0,
        "Total Expenses": 11460000000.0,
        "Diluted Average Shares": 730547112.0,
        "Basic Average Shares": 725754549.0,
        "Diluted EPS": 2.03,
        "Basic EPS": 2.05,
        "Diluted NI Availto Com Stockholders": 1485000000.0,
        "Net Income Common Stockholders": 1485000000.0,
        "Preferred Stock Dividends": 8000000.0,
        "Net Income": 1493000000.0,
        "Minority Interests": -198000000.0,
        "Net Income Including Noncontrolling Interests": 1691000000.0,
        "Net Income Discontinuous Operations": 0.0,
        "Net Income Continuous Operations": 1691000000.0,
        "Tax Provision": 176000000.0,
        "Pretax Income": 1867000000.0,
        "Other Income Expense": 193000000.0,
        "Special Income Charges": 43000000.0,
        "Other Special Charges": -43000000.0,
        "Net Non Operating Interest Income Expense": -278000000.0,
        "Interest Expense Non Operating": 278000000.0,
        "Other Operating Expenses": -153000000.0,
        "Selling General And Administration": 2268000000.0,
        "General And Administrative Expense": 2268000000.0,
        "Other Gand A": 2268000000.0,
        "Total Revenue": 13327000000.0,
        "Operating Revenue": 13327000000.0,
        "Loss Adjustment Expense": 6858000000.0,
        "Net Policyholder Benefits And Claims": 6858000000.0,
        "Policyholder Benefits Gross": 6858000000.0
    },
    "2022-03-31": {
        "Diluted EPS": 5.04,
        "Total Revenue": NaN,
        "Gross Profit": NaN,
        "Operating Income": NaN,
        "EBIT": NaN,
        "Net Income": NaN
    },
    "2021-12-31": {
        "Diluted EPS": 4.38,
        "Total Revenue": NaN,
        "Gross Profit": NaN,
        "Operating Income": NaN,
        "EBIT": NaN,
        "Net Income": NaN
    },
    "2021-09-30": {
        "Diluted EPS": 1.92,
        "Total Revenue": NaN,
        "Gross Profit": NaN,
        "Operating Income": NaN,
        "EBIT": NaN,
        "Net Income": NaN
    },
    "2021-06-30": {
        "Diluted EPS": 0.11,
        "Total Revenue": NaN,
        "Gross Profit": NaN,
        "Operating Income": 254,
        "EBIT": NaN,
        "Net Income": 91
    },
    "2021-03-31": {
        "Diluted EPS": 4.41,
        "Total Revenue": NaN,
        "Gross Profit": NaN,
        "Operating Income": NaN,
        "EBIT": NaN,
        "Net Income": NaN
    },
    "2020-12-31": {
        "Diluted EPS": -0.03,
        "Total Revenue": NaN,
        "Gross Profit": 558,
        "Operating Income": -664,
        "EBIT": 591,
        "Net Income": -60
    },
    "2020-09-30": {
        "Diluted EPS": 0.32,
        "Total Revenue": NaN,
        "Gross Profit": NaN,
        "Operating Income": 366,
        "EBIT": NaN,
        "Net Income": 281
    },
    "2020-06-30": {
        "Diluted EPS": -9.15,
        "Total Revenue": NaN,
        "Gross Profit": -130,
        "Operating Income": NaN,
        "EBIT": -202,
        "Net Income": NaN
    },
    "2020-03-31": {
        "Diluted EPS": 1.98,
        "Total Revenue": NaN,
        "Gross Profit": NaN,
        "Operating Income": NaN,
        "EBIT": NaN,
        "Net Income": NaN
    },
    "2019-12-31": {
        "Diluted EPS": 1.03,
        "Total Revenue": NaN,
        "Gross Profit": NaN,
        "Operating Income": NaN,
        "EBIT": NaN,
        "Net Income": 922
    },
    "2019-09-30": {
        "Diluted EPS": 0.72,
        "Total Revenue": NaN,
        "Gross Profit": NaN,
        "Operating Income": NaN,
        "EBIT": NaN,
        "Net Income": 648
    },
    "2019-06-30": {
        "Diluted EPS": 1.24,
        "Total Revenue": NaN,
        "Gross Profit": NaN,
        "Operating Income": NaN,
        "EBIT": NaN,
        "Net Income": NaN
    },
    "2019-03-31": {
        "Diluted EPS": 0.75,
        "Total Revenue": NaN,
        "Gross Profit": NaN,
        "Operating Income": NaN,
        "EBIT": NaN,
        "Net Income": 654
    },
    "2018-12-31": {
        "Diluted EPS": -0.63,
        "Total Revenue": NaN,
        "Gross Profit": NaN,
        "Operating Income": -736,
        "EBIT": NaN,
        "Net Income": -622
    },
    "2018-09-30": {
        "Diluted EPS": -1.41,
        "Total Revenue": NaN,
        "Gross Profit": -84,
        "Operating Income": NaN,
        "EBIT": -171,
        "Net Income": NaN
    },
    "2018-06-30": {
        "Diluted EPS": 1.02,
        "Total Revenue": NaN,
        "Gross Profit": NaN,
        "Operating Income": NaN,
        "EBIT": NaN,
        "Net Income": 937
    },
    "2018-03-31": {
        "Diluted EPS": 1.01,
        "Total Revenue": NaN,
        "Gross Profit": NaN,
        "Operating Income": NaN,
        "EBIT": NaN,
        "Net Income": 938
    },
    "2017-12-31": {
        "Diluted EPS": -7.0,
        "Total Revenue": NaN,
        "Gross Profit": NaN,
        "Operating Income": 733,
        "EBIT": NaN,
        "Net Income": NaN
    },
    "2017-09-30": {
        "Diluted EPS": -1.91,
        "Total Revenue": NaN,
        "Gross Profit": NaN,
        "Operating Income": NaN,
        "EBIT": NaN,
        "Net Income": NaN
    },
    "2017-06-30": {
        "Diluted EPS": 1.19,
        "Total Revenue": NaN,
        "Gross Profit": NaN,
        "Operating Income": NaN,
        "EBIT": NaN,
        "Net Income": NaN
    },
    "2017-03-31": {
        "Diluted EPS": 1.18,
        "Total Revenue": NaN,
        "Gross Profit": NaN,
        "Operating Income": NaN,
        "EBIT": NaN,
        "Net Income": NaN
    },
    "2016-12-31": {
        "Diluted EPS": -2.72,
        "Total Revenue": NaN,
        "Gross Profit": NaN,
        "Operating Income": NaN,
        "EBIT": NaN,
        "Net Income": NaN
    },
    "2016-09-30": {
        "Diluted EPS": 0.42,
        "Total Revenue": NaN,
        "Gross Profit": NaN,
        "Operating Income": 595,
        "EBIT": NaN,
        "Net Income": 462
    },
    "2016-06-30": {
        "Diluted EPS": 1.68,
        "Total Revenue": NaN,
        "Gross Profit": NaN,
        "Operating Income": NaN,
        "EBIT": NaN,
        "Net Income": NaN
    },
    "2016-03-31": {
        "Diluted EPS": -0.16,
        "Total Revenue": NaN,
        "Gross Profit": NaN,
        "Operating Income": NaN,
        "EBIT": NaN,
        "Net Income": -183
    },
    "2015-12-31": {
        "Diluted EPS": -1.27,
        "Total Revenue": NaN,
        "Gross Profit": NaN,
        "Operating Income": NaN,
        "EBIT": NaN,
        "Net Income": NaN
    },
    "2015-09-30": {
        "Diluted EPS": -0.18,
        "Total Revenue": NaN,
        "Gross Profit": NaN,
        "Operating Income": 234,
        "EBIT": NaN,
        "Net Income": -231
    },
    "2015-06-30": {
        "Diluted EPS": 1.32,
        "Total Revenue": NaN,
        "Gross Profit": NaN,
        "Operating Income": NaN,
        "EBIT": NaN,
        "Net Income": NaN
    },
    "2015-03-31": {
        "Diluted EPS": 1.78,
        "Total Revenue": NaN,
        "Gross Profit": NaN,
        "Operating Income": NaN,
        "EBIT": NaN,
        "Net Income": NaN
    },
    "2014-12-31": {
        "Diluted EPS": 0.49,
        "Total Revenue": NaN,
        "Gross Profit": 659,
        "Operating Income": NaN,
        "EBIT": 394,
        "Net Income": 655
    },
    "2014-09-30": {
        "Diluted EPS": 1.52,
        "Total Revenue": NaN,
        "Gross Profit": NaN,
        "Operating Income": NaN,
        "EBIT": NaN,
        "Net Income": NaN
    },
    "2014-06-30": {
        "Diluted EPS": 2.1,
        "Total Revenue": NaN,
        "Gross Profit": NaN,
        "Operating Income": NaN,
        "EBIT": NaN,
        "Net Income": NaN
    },
    "2014-03-31": {
        "Diluted EPS": 1.09,
        "Total Revenue": NaN,
        "Gross Profit": NaN,
        "Operating Income": NaN,
        "EBIT": NaN,
        "Net Income": NaN
    },
    "2013-12-31": {
        "Diluted EPS": 1.34,
        "Total Revenue": NaN,
        "Gross Profit": NaN,
        "Operating Income": -607,
        "EBIT": NaN,
        "Net Income": NaN
    },
    "2013-09-30": {
        "Diluted EPS": 1.46,
        "Total Revenue": NaN,
        "Gross Profit": NaN,
        "Operating Income": NaN,
        "EBIT": NaN,
        "Net Income": NaN
    },
    "2013-06-30": {
        "Diluted EPS": 1.84,
        "Total Revenue": NaN,
        "Gross Profit": NaN,
        "Operating Income": NaN,
        "EBIT": NaN,
        "Net Income": NaN
    },
    "2013-03-31": {
        "Diluted EPS": 1.49,
        "Total Revenue": NaN,
        "Gross Profit": NaN,
        "Operating Income": NaN,
        "EBIT": NaN,
        "Net Income": NaN
    },
    "2012-12-31": {
        "Diluted EPS": -2.13,
        "Total Revenue": NaN,
        "Gross Profit": NaN,
        "Operating Income": NaN,
        "EBIT": NaN,
        "Net Income": NaN
    },
    "2012-09-30": {
        "Diluted EPS": 1.13,
        "Total Revenue": NaN,
        "Gross Profit": NaN,
        "Operating Income": NaN,
        "EBIT": NaN,
        "Net Income": NaN
    },
    "2012-06-30": {
        "Diluted EPS": 1.33,
        "Total Revenue": NaN,
        "Gross Profit": NaN,
        "Operating Income": NaN,
        "EBIT": NaN,
        "Net Income": NaN
    },
    "2012-03-31": {
        "Diluted EPS": 1.71,
        "Total Revenue": NaN,
        "Gross Profit": NaN,
        "Operating Income": NaN,
        "EBIT": NaN,
        "Net Income": NaN
    },
    "2011-12-31": {
        "Diluted EPS": 11.8,
        "Total Revenue": NaN,
        "Gross Profit": NaN,
        "Operating Income": NaN,
        "EBIT": NaN,
        "Net Income": NaN
    },
    "2011-09-30": {
        "Diluted EPS": -2.1,
        "Total Revenue": NaN,
        "Gross Profit": NaN,
        "Operating Income": NaN,
        "EBIT": -391,
        "Net Income": NaN
    },
    "2011-06-30": {
        "Diluted EPS": 1.0,
        "Total Revenue": NaN,
        "Gross Profit": NaN,
        "Operating Income": NaN,
        "EBIT": NaN,
        "Net Income": NaN
    },
    "2011-03-31": {
        "Diluted EPS": 0.31,
        "Total Revenue": NaN,
        "Gross Profit": NaN,
        "Operating Income": NaN,
        "EBIT": NaN,
        "Net Income": 485
    },
    "2010-12-31": {
        "Diluted EPS": 50.42,
        "Total Revenue": NaN,
        "Gross Profit": NaN,
        "Operating Income": NaN,
        "EBIT": NaN,
        "Net Income": NaN
    },
    "2010-09-30": {
        "Diluted EPS": -18.53,
        "Total Revenue": NaN,
        "Gross Profit": NaN,
        "Operating Income": NaN,
        "EBIT": NaN,
        "Net Income": NaN
    },
    "2010-06-30": {
        "Diluted EPS": -19.57,
        "Total Revenue": NaN,
        "Gross Profit": NaN,
        "Operating Income": NaN,
        "EBIT": NaN,
        "Net Income": NaN
    },
    "2010-03-31": {
        "Diluted EPS": 2.66,
        "Total Revenue": NaN,
        "Gross Profit": NaN,
        "Operating Income": NaN,
        "EBIT": NaN,
        "Net Income": 359
    },
    "2009-12-31": {
        "Diluted EPS": -53.79,
        "Total Revenue": NaN,
        "Gross Profit": NaN,
        "Operating Income": NaN,
        "EBIT": -510,
        "Net Income": NaN
    },
    "2009-09-30": {
        "Diluted EPS": 0.68,
        "Total Revenue": NaN,
        "Gross Profit": NaN,
        "Operating Income": NaN,
        "EBIT": NaN,
        "Net Income": 92
    },
    "2009-06-30": {
        "Diluted EPS": 2.3,
        "Total Revenue": NaN,
        "Gross Profit": NaN,
        "Operating Income": NaN,
        "EBIT": NaN,
        "Net Income": 311
    },
    "2009-03-31": {
        "Diluted EPS": -39.67,
        "Total Revenue": NaN,
        "Gross Profit": NaN,
        "Operating Income": NaN,
        "EBIT": NaN,
        "Net Income": NaN
    },
    "2023-09-30": {
        "Tax Effect Of Unusual Items": 18400000.0,
        "Tax Rate For Calcs": 0.23,
        "Total Unusual Items": 80000000.0,
        "Total Unusual Items Excluding Goodwill": 80000000.0,
        "Net Income From Continuing Operation Net Minority Interest": 2027000000.0,
        "Reconciled Depreciation": 971000000.0,
        "EBIT": 3848000000.0,
        "Net Interest Income": -280000000.0,
        "Interest Expense": 280000000.0,
        "Interest Income": 760000000.0,
        "Normalized Income": 1965400000.0,
        "Net Income From Continuing And Discontinued Operation": 2027000000.0,
        "Total Expenses": 9323000000.0,
        "Diluted Average Shares": 718727312.0,
        "Basic Average Shares": 712598496.0,
        "Diluted EPS": 2.81,
        "Basic EPS": 2.83,
        "Diluted NI Availto Com Stockholders": 2020000000.0,
        "Net Income Common Stockholders": 2020000000.0,
        "Preferred Stock Dividends": 7000000.0,
        "Net Income": 2027000000.0,
        "Minority Interests": -720000000.0,
        "Net Income Including Noncontrolling Interests": 2747000000.0,
        "Net Income Discontinuous Operations": 0.0,
        "Net Income Continuous Operations": 2747000000.0,
        "Tax Provision": 821000000.0,
        "Pretax Income": 3568000000.0,
        "Other Income Expense": 191000000.0,
        "Special Income Charges": 80000000.0,
        "Other Special Charges": -80000000.0,
        "Net Non Operating Interest Income Expense": -280000000.0,
        "Interest Expense Non Operating": 280000000.0,
        "Other Operating Expenses": -301000000.0,
        "Selling General And Administration": 2117000000.0,
        "General And Administrative Expense": 2117000000.0,
        "Other Gand A": 2117000000.0,
        "Total Revenue": 12891000000.0,
        "Operating Revenue": 12891000000.0,
        "Loss Adjustment Expense": 4982000000.0,
        "Net Policyholder Benefits And Claims": 4982000000.0,
        "Policyholder Benefits Gross": 4982000000.0
    },
    "2023-12-31": {
        "Tax Effect Of Unusual Items": 117390000.0,
        "Tax Rate For Calcs": 0.21,
        "Total Unusual Items": 559000000.0,
        "Total Unusual Items Excluding Goodwill": 559000000.0,
        "Net Income From Continuing Operation Net Minority Interest": 93000000.0,
        "Reconciled Depreciation": 969000000.0,
        "EBIT": -1075000000.0,
        "Net Interest Income": -271000000.0,
        "Interest Expense": 271000000.0,
        "Interest Income": 33000000.0,
        "Normalized Income": -348610000.0,
        "Net Income From Continuing And Discontinued Operation": 93000000.0,
        "Total Expenses": 11316000000.0,
        "Diluted Average Shares": 708000000.0,
        "Basic Average Shares": 701500000.0,
        "Diluted EPS": 0.12,
        "Basic EPS": 0.12,
        "Diluted NI Availto Com Stockholders": 86000000.0,
        "Net Income Common Stockholders": 86000000.0,
        "Preferred Stock Dividends": 7000000.0,
        "Net Income": 93000000.0,
        "Minority Interests": 566000000.0,
        "Net Income Including Noncontrolling Interests": -473000000.0,
        "Net Income Discontinuous Operations": 0.0,
        "Net Income Continuous Operations": -473000000.0,
        "Tax Provision": -873000000.0,
        "Pretax Income": -1346000000.0,
        "Other Income Expense": 202000000.0,
        "Special Income Charges": 559000000.0,
        "Other Special Charges": -559000000.0,
        "Net Non Operating Interest Income Expense": -271000000.0,
        "Interest Expense Non Operating": 271000000.0,
        "Other Operating Expenses": 630000000.0,
        "Selling General And Administration": 2134000000.0,
        "General And Administrative Expense": 2134000000.0,
        "Other Gand A": 2134000000.0,
        "Total Revenue": 9970000000.0,
        "Operating Revenue": 9970000000.0,
        "Loss Adjustment Expense": 6518000000.0,
        "Net Policyholder Benefits And Claims": 6518000000.0,
        "Policyholder Benefits Gross": 6518000000.0
    },
    "2024-03-31": {
        "Tax Effect Of Unusual Items": 1320000.0,
        "Tax Rate For Calcs": 0.22,
        "Total Unusual Items": 6000000.0,
        "Total Unusual Items Excluding Goodwill": 6000000.0,
        "Net Income From Continuing Operation Net Minority Interest": 1216000000.0,
        "Reconciled Depreciation": 913000000.0,
        "EBIT": 2311000000.0,
        "Net Interest Income": -260000000.0,
        "Interest Expense": 260000000.0,
        "Interest Income": 649000000.0,
        "Normalized Income": 1211320000.0,
        "Net Income From Continuing And Discontinued Operation": 1216000000.0,
        "Total Expenses": 10549000000.0,
        "Diluted Average Shares": 687961518.0,
        "Basic Average Shares": 682576848.0,
        "Diluted EPS": 1.74,
        "Basic EPS": 1.75,
        "Diluted NI Availto Com Stockholders": 1194000000.0,
        "Net Income Common Stockholders": 1194000000.0,
        "Preferred Stock Dividends": 22000000.0,
        "Net Income": 1216000000.0,
        "Minority Interests": -384000000.0,
        "Net Income Including Noncontrolling Interests": 1600000000.0,
        "Net Income Discontinuous Operations": 0.0,
        "Net Income Continuous Operations": 1600000000.0,
        "Tax Provision": 451000000.0,
        "Pretax Income": 2051000000.0,
        "Other Income Expense": NaN,
        "Special Income Charges": 6000000.0,
        "Other Special Charges": -6000000.0,
        "Net Non Operating Interest Income Expense": -260000000.0,
        "Interest Expense Non Operating": 260000000.0,
        "Other Operating Expenses": -347000000.0,
        "Selling General And Administration": 2014000000.0,
        "General And Administrative Expense": 2014000000.0,
        "Other Gand A": 2014000000.0,
        "Total Revenue": 12600000000.0,
        "Operating Revenue": 12600000000.0,
        "Loss Adjustment Expense": 6320000000.0,
        "Net Policyholder Benefits And Claims": 6320000000.0,
        "Policyholder Benefits Gross": 6320000000.0
    },
    "2024-06-30": {
        "Tax Effect Of Unusual Items": 23230000.0,
        "Tax Rate For Calcs": 0.23,
        "Total Unusual Items": 101000000.0,
        "Total Unusual Items Excluding Goodwill": 101000000.0,
        "Net Income From Continuing Operation Net Minority Interest": 382000000.0,
        "Reconciled Depreciation": 838000000.0,
        "EBIT": 742000000.0,
        "Net Interest Income": -125000000.0,
        "Interest Expense": 125000000.0,
        "Interest Income": 73000000.0,
        "Normalized Income": 304230000.0,
        "Net Income From Continuing And Discontinued Operation": -3977000000.0,
        "Total Expenses": 5970000000.0,
        "Diluted Average Shares": 666955168.0,
        "Basic Average Shares": 661092967.0,
        "Diluted EPS": -6.02,
        "Basic EPS": -6.02,
        "Diluted NI Availto Com Stockholders": -3977000000.0,
        "Net Income Common Stockholders": -3977000000.0,
        "Preferred Stock Dividends": NaN,
        "Net Income": -3977000000.0,
        "Minority Interests": -93000000.0,
        "Net Income Including Noncontrolling Interests": -3884000000.0,
        "Net Income Discontinuous Operations": -4359000000.0,
        "Net Income Continuous Operations": 475000000.0,
        "Tax Provision": 142000000.0,
        "Pretax Income": 617000000.0,
        "Other Income Expense": NaN,
        "Special Income Charges": 101000000.0,
        "Other Special Charges": -101000000.0,
        "Net Non Operating Interest Income Expense": -125000000.0,
        "Interest Expense Non Operating": 125000000.0,
        "Other Operating Expenses": 27000000.0,
        "Selling General And Administration": 1610000000.0,
        "General And Administrative Expense": 1610000000.0,
        "Other Gand A": 1610000000.0,
        "Total Revenue": 6587000000.0,
        "Operating Revenue": 6587000000.0,
        "Loss Adjustment Expense": 3467000000.0,
        "Net Policyholder Benefits And Claims": 3467000000.0,
        "Policyholder Benefits Gross": NaN
    }
}