{
    "2023-05-31": {
        "Tax Effect Of Unusual Items": NaN,
        "Tax Rate For Calcs": NaN,
        "Normalized EBITDA": NaN,
        "Total Unusual Items": NaN,
        "Total Unusual Items Excluding Goodwill": NaN,
        "Net Income From Continuing Operation Net Minority Interest": NaN,
        "Reconciled Depreciation": NaN,
        "Reconciled Cost Of Revenue": NaN,
        "EBITDA": NaN,
        "EBIT": NaN,
        "Net Interest Income": NaN,
        "Interest Expense": NaN,
        "Interest Income": NaN,
        "Normalized Income": NaN,
        "Net Income From Continuing And Discontinued Operation": NaN,
        "Total Expenses": NaN,
        "Total Operating Income As Reported": NaN,
        "Diluted Average Shares": NaN,
        "Basic Average Shares": NaN,
        "Diluted EPS": NaN,
        "Basic EPS": NaN,
        "Diluted NI Availto Com Stockholders": NaN,
        "Net Income Common Stockholders": NaN,
        "Otherunder Preferred Stock Dividend": NaN,
        "Net Income": NaN,
        "Net Income Including Noncontrolling Interests": NaN,
        "Net Income Discontinuous Operations": 0.0,
        "Net Income Continuous Operations": NaN,
        "Tax Provision": NaN,
        "Pretax Income": NaN,
        "Other Income Expense": NaN,
        "Other Non Operating Income Expenses": NaN,
        "Special Income Charges": NaN,
        "Gain On Sale Of Business": NaN,
        "Other Special Charges": NaN,
        "Earnings From Equity Interest": NaN,
        "Net Non Operating Interest Income Expense": NaN,
        "Interest Expense Non Operating": NaN,
        "Interest Income Non Operating": NaN,
        "Operating Income": NaN,
        "Operating Expense": NaN,
        "Provision For Doubtful Accounts": NaN,
        "Selling General And Administration": NaN,
        "General And Administrative Expense": NaN,
        "Other Gand A": NaN,
        "Salaries And Wages": NaN,
        "Gross Profit": NaN,
        "Cost Of Revenue": NaN,
        "Total Revenue": NaN,
        "Operating Revenue": NaN
    },
    "2023-02-28": {
        "Tax Effect Of Unusual Items": NaN,
        "Tax Rate For Calcs": NaN,
        "Normalized EBITDA": NaN,
        "Total Unusual Items": NaN,
        "Total Unusual Items Excluding Goodwill": NaN,
        "Net Income From Continuing Operation Net Minority Interest": NaN,
        "Reconciled Depreciation": NaN,
        "Reconciled Cost Of Revenue": NaN,
        "EBITDA": NaN,
        "EBIT": NaN,
        "Net Interest Income": NaN,
        "Interest Expense": NaN,
        "Interest Income": NaN,
        "Normalized Income": NaN,
        "Net Income From Continuing And Discontinued Operation": NaN,
        "Total Expenses": NaN,
        "Total Operating Income As Reported": NaN,
        "Diluted Average Shares": 34600000.0,
        "Basic Average Shares": 34100000.0,
        "Diluted EPS": 0.62,
        "Basic EPS": 0.63,
        "Diluted NI Availto Com Stockholders": NaN,
        "Net Income Common Stockholders": NaN,
        "Otherunder Preferred Stock Dividend": NaN,
        "Net Income": NaN,
        "Net Income Including Noncontrolling Interests": NaN,
        "Net Income Discontinuous Operations": NaN,
        "Net Income Continuous Operations": NaN,
        "Tax Provision": NaN,
        "Pretax Income": NaN,
        "Other Income Expense": NaN,
        "Other Non Operating Income Expenses": NaN,
        "Special Income Charges": NaN,
        "Gain On Sale Of Business": NaN,
        "Other Special Charges": NaN,
        "Earnings From Equity Interest": NaN,
        "Net Non Operating Interest Income Expense": NaN,
        "Interest Expense Non Operating": NaN,
        "Interest Income Non Operating": NaN,
        "Operating Income": NaN,
        "Operating Expense": NaN,
        "Provision For Doubtful Accounts": NaN,
        "Selling General And Administration": NaN,
        "General And Administrative Expense": NaN,
        "Other Gand A": NaN,
        "Salaries And Wages": NaN,
        "Gross Profit": NaN,
        "Cost Of Revenue": NaN,
        "Total Revenue": NaN,
        "Operating Revenue": NaN
    },
    "2022-11-30": {
        "Tax Effect Of Unusual Items": NaN,
        "Tax Rate For Calcs": NaN,
        "Normalized EBITDA": NaN,
        "Total Unusual Items": NaN,
        "Total Unusual Items Excluding Goodwill": NaN,
        "Net Income From Continuing Operation Net Minority Interest": NaN,
        "Reconciled Depreciation": NaN,
        "Reconciled Cost Of Revenue": NaN,
        "EBITDA": NaN,
        "EBIT": NaN,
        "Net Interest Income": NaN,
        "Interest Expense": NaN,
        "Interest Income": NaN,
        "Normalized Income": NaN,
        "Net Income From Continuing And Discontinued Operation": NaN,
        "Total Expenses": NaN,
        "Total Operating Income As Reported": NaN,
        "Diluted Average Shares": NaN,
        "Basic Average Shares": NaN,
        "Diluted EPS": NaN,
        "Basic EPS": NaN,
        "Diluted NI Availto Com Stockholders": NaN,
        "Net Income Common Stockholders": NaN,
        "Otherunder Preferred Stock Dividend": 300000.0,
        "Net Income": NaN,
        "Net Income Including Noncontrolling Interests": NaN,
        "Net Income Discontinuous Operations": NaN,
        "Net Income Continuous Operations": NaN,
        "Tax Provision": NaN,
        "Pretax Income": NaN,
        "Other Income Expense": NaN,
        "Other Non Operating Income Expenses": NaN,
        "Special Income Charges": NaN,
        "Gain On Sale Of Business": NaN,
        "Other Special Charges": NaN,
        "Earnings From Equity Interest": NaN,
        "Net Non Operating Interest Income Expense": NaN,
        "Interest Expense Non Operating": NaN,
        "Interest Income Non Operating": NaN,
        "Operating Income": NaN,
        "Operating Expense": NaN,
        "Provision For Doubtful Accounts": NaN,
        "Selling General And Administration": NaN,
        "General And Administrative Expense": 52800000.0,
        "Other Gand A": 52800000.0,
        "Salaries And Wages": NaN,
        "Gross Profit": NaN,
        "Cost Of Revenue": NaN,
        "Total Revenue": NaN,
        "Operating Revenue": NaN
    },
    "2022-08-31": {
        "Tax Effect Of Unusual Items": NaN,
        "Tax Rate For Calcs": NaN,
        "Normalized EBITDA": NaN,
        "Total Unusual Items": NaN,
        "Total Unusual Items Excluding Goodwill": NaN,
        "Net Income From Continuing Operation Net Minority Interest": NaN,
        "Reconciled Depreciation": NaN,
        "Reconciled Cost Of Revenue": NaN,
        "EBITDA": NaN,
        "EBIT": NaN,
        "Net Interest Income": NaN,
        "Interest Expense": NaN,
        "Interest Income": NaN,
        "Normalized Income": NaN,
        "Net Income From Continuing And Discontinued Operation": NaN,
        "Total Expenses": NaN,
        "Total Operating Income As Reported": NaN,
        "Diluted Average Shares": NaN,
        "Basic Average Shares": NaN,
        "Diluted EPS": NaN,
        "Basic EPS": NaN,
        "Diluted NI Availto Com Stockholders": NaN,
        "Net Income Common Stockholders": NaN,
        "Otherunder Preferred Stock Dividend": 300000.0,
        "Net Income": NaN,
        "Net Income Including Noncontrolling Interests": NaN,
        "Net Income Discontinuous Operations": NaN,
        "Net Income Continuous Operations": NaN,
        "Tax Provision": NaN,
        "Pretax Income": NaN,
        "Other Income Expense": NaN,
        "Other Non Operating Income Expenses": NaN,
        "Special Income Charges": NaN,
        "Gain On Sale Of Business": NaN,
        "Earnings From Equity Interest": NaN,
        "Net Non Operating Interest Income Expense": NaN,
        "Interest Expense Non Operating": NaN,
        "Interest Income Non Operating": NaN,
        "Operating Income": NaN,
        "Operating Expense": NaN,
        "Provision For Doubtful Accounts": NaN,
        "Selling General And Administration": NaN,
        "General And Administrative Expense": 50100000.0,
        "Other Gand A": 50100000.0,
        "Salaries And Wages": 0.0,
        "Gross Profit": NaN,
        "Cost Of Revenue": NaN,
        "Total Revenue": NaN,
        "Operating Revenue": NaN
    },
    "2022-05-31": {
        "Tax Effect Of Unusual Items": -86557.377049,
        "Tax Rate For Calcs": 0.216393,
        "Normalized EBITDA": 40600000.0,
        "Total Unusual Items": -400000.0,
        "Total Unusual Items Excluding Goodwill": -400000.0,
        "Net Income From Continuing Operation Net Minority Interest": 23900000.0,
        "Reconciled Depreciation": 7600000.0,
        "Reconciled Cost Of Revenue": 386300000.0,
        "EBIT": 32600000.0,
        "Net Interest Income": -600000.0,
        "Interest Expense": 600000.0,
        "Interest Income": 0.0,
        "Normalized Income": 24213442.622951,
        "Net Income From Continuing And Discontinued Operation": 23900000.0,
        "Total Expenses": 443500000.0,
        "Total Operating Income As Reported": 31400000.0,
        "Diluted Average Shares": 36600000.0,
        "Basic Average Shares": 36500000.0,
        "Diluted EPS": 0.66,
        "Basic EPS": 0.67,
        "Diluted NI Availto Com Stockholders": 23900000.0,
        "Net Income Common Stockholders": 23900000.0,
        "Otherunder Preferred Stock Dividend": 200000.0,
        "Net Income": 23900000.0,
        "Net Income Including Noncontrolling Interests": 23900000.0,
        "Net Income Discontinuous Operations": 0.0,
        "Net Income Continuous Operations": 23900000.0,
        "Tax Provision": 6600000.0,
        "Pretax Income": 30500000.0,
        "Other Income Expense": -1500000.0,
        "Other Non Operating Income Expenses": 100000.0,
        "Special Income Charges": -400000.0,
        "Gain On Sale Of Business": -400000.0,
        "Earnings From Equity Interest": -1200000.0,
        "Net Non Operating Interest Income Expense": -600000.0,
        "Total Other Finance Cost": 600000.0,
        "Interest Expense Non Operating": 600000.0,
        "Interest Income Non Operating": 0.0,
        "Operating Income": 32600000.0,
        "Operating Expense": 57200000.0,
        "Provision For Doubtful Accounts": 300000.0,
        "Selling General And Administration": 56900000.0,
        "Gross Profit": 89800000.0,
        "Cost Of Revenue": 386300000.0,
        "Total Revenue": 476100000.0,
        "Operating Revenue": 476100000.0
    },
    "2023-06-30": {
        "Diluted EPS": 2.67,
        "Total Revenue": NaN,
        "Gross Profit": 963,
        "Operating Income": 644,
        "Net Income": 596
    },
    "2023-03-31": {
        "Diluted EPS": 1.97,
        "Total Revenue": NaN,
        "Gross Profit": 917,
        "Operating Income": 460,
        "EBIT": 799,
        "Net Income": 440
    },
    "2022-12-31": {
        "Diluted EPS": 2.57,
        "Total Revenue": NaN,
        "Gross Profit": 902,
        "Operating Income": 652,
        "EBIT": 974,
        "Net Income": 572
    },
    "2022-09-30": {
        "Diluted EPS": 2.62,
        "Total Revenue": NaN,
        "Gross Profit": 949,
        "Operating Income": 627,
        "EBIT": 959,
        "Net Income": 583
    },
    "2022-06-30": {
        "Diluted EPS": 2.62,
        "Total Revenue": NaN,
        "Gross Profit": 847,
        "Operating Income": 627,
        "EBIT": 965,
        "Net Income": 582
    },
    "2022-03-31": {
        "Diluted EPS": 2.38,
        "Total Revenue": NaN,
        "Gross Profit": 794,
        "Operating Income": 562,
        "EBIT": 898,
        "Net Income": 531
    },
    "2021-12-31": {
        "Diluted EPS": 2.52,
        "Total Revenue": NaN,
        "Gross Profit": 771,
        "Operating Income": 523,
        "EBIT": 855,
        "Net Income": 560
    },
    "2021-09-30": {
        "Diluted EPS": 2.73,
        "Total Revenue": NaN,
        "Gross Profit": 835,
        "Operating Income": 617,
        "EBIT": 949,
        "Net Income": 610
    },
    "2021-06-30": {
        "Diluted EPS": 2.4,
        "Total Revenue": NaN,
        "Gross Profit": 803,
        "Operating Income": 577,
        "EBIT": 913,
        "Net Income": 534
    },
    "2021-03-31": {
        "Diluted EPS": 2.13,
        "Total Revenue": NaN,
        "Gross Profit": 757,
        "Operating Income": 549,
        "EBIT": 878,
        "Net Income": 473
    },
    "2020-12-31": {
        "Diluted EPS": 2.17,
        "Total Revenue": NaN,
        "Gross Profit": 743,
        "Operating Income": 539,
        "EBIT": 863,
        "Net Income": 482
    },
    "2020-09-30": {
        "Diluted EPS": 2.19,
        "Total Revenue": NaN,
        "Gross Profit": 754,
        "Operating Income": 560,
        "EBIT": 871,
        "Net Income": 487
    },
    "2020-06-30": {
        "Diluted EPS": 2.01,
        "Total Revenue": NaN,
        "Gross Profit": 720,
        "Operating Income": 539,
        "EBIT": 830,
        "Net Income": 447
    },
    "2020-03-31": {
        "Diluted EPS": 2.15,
        "Total Revenue": NaN,
        "Gross Profit": 756,
        "Operating Income": 577,
        "EBIT": 872,
        "Net Income": 478
    },
    "2019-12-31": {
        "Diluted EPS": 2.14,
        "Total Revenue": NaN,
        "Gross Profit": 768,
        "Operating Income": 561,
        "EBIT": 850,
        "Net Income": 476
    },
    "2019-09-30": {
        "Diluted EPS": 2.27,
        "Total Revenue": NaN,
        "Gross Profit": 792,
        "Operating Income": 603,
        "EBIT": 897,
        "Net Income": 503
    },
    "2019-06-30": {
        "Diluted EPS": 2.2,
        "Total Revenue": NaN,
        "Gross Profit": 758,
        "Operating Income": 570,
        "EBIT": 839,
        "Net Income": 488
    },
    "2019-03-31": {
        "Diluted EPS": 1.9,
        "Total Revenue": NaN,
        "Gross Profit": 713,
        "Operating Income": 517,
        "EBIT": 779,
        "Net Income": 421
    },
    "2018-12-31": {
        "Diluted EPS": 1.57,
        "Total Revenue": NaN,
        "Gross Profit": 680,
        "Operating Income": 455,
        "EBIT": 713,
        "Net Income": 348
    },
    "2018-09-30": {
        "Diluted EPS": 2.04,
        "Total Revenue": NaN,
        "Gross Profit": 733,
        "Operating Income": 534,
        "EBIT": 791,
        "Net Income": 453
    },
    "2018-06-30": {
        "Diluted EPS": 2.15,
        "Total Revenue": NaN,
        "Gross Profit": 714,
        "Operating Income": 516,
        "EBIT": 761,
        "Net Income": 474
    },
    "2018-03-31": {
        "Diluted EPS": 1.89,
        "Total Revenue": NaN,
        "Gross Profit": 649,
        "Operating Income": 455,
        "EBIT": 695,
        "Net Income": 416
    },
    "2017-12-31": {
        "Diluted EPS": 0.7,
        "Total Revenue": NaN,
        "Gross Profit": 645,
        "Operating Income": 461,
        "EBIT": 689,
        "Net Income": 155
    },
    "2017-09-30": {
        "Diluted EPS": 2.12,
        "Total Revenue": NaN,
        "Gross Profit": 658,
        "Operating Income": 457,
        "EBIT": 688,
        "Net Income": 469
    },
    "2017-06-30": {
        "Diluted EPS": 0.46,
        "Total Revenue": NaN,
        "Gross Profit": 636,
        "Operating Income": 259,
        "EBIT": 476,
        "Net Income": 102
    },
    "2017-03-31": {
        "Diluted EPS": 9.7,
        "Total Revenue": NaN,
        "Gross Profit": 576,
        "Operating Income": 396,
        "EBIT": 607,
        "Net Income": NaN
    },
    "2016-12-31": {
        "Diluted EPS": 1.37,
        "Total Revenue": NaN,
        "Gross Profit": 566,
        "Operating Income": 328,
        "EBIT": 534,
        "Net Income": 300
    },
    "2016-09-30": {
        "Diluted EPS": 1.8,
        "Total Revenue": NaN,
        "Gross Profit": 597,
        "Operating Income": 396,
        "EBIT": 609,
        "Net Income": 394
    },
    "2016-06-30": {
        "Diluted EPS": 1.59,
        "Total Revenue": NaN,
        "Gross Profit": 594,
        "Operating Income": 395,
        "EBIT": 608,
        "Net Income": 347
    },
    "2016-03-31": {
        "Diluted EPS": -2.17,
        "Total Revenue": NaN,
        "Gross Profit": 564,
        "Operating Income": 372,
        "EBIT": 586,
        "Net Income": -473
    },
    "2015-12-31": {
        "Diluted EPS": 1.67,
        "Total Revenue": NaN,
        "Gross Profit": 570,
        "Operating Income": 373,
        "EBIT": 587,
        "Net Income": 364
    },
    "2015-09-30": {
        "Diluted EPS": 1.58,
        "Total Revenue": 379,
        "Gross Profit": 25,
        "Operating Income": 2,
        "EBIT": 158,
        "Net Income": 345
    },
    "2015-06-30": {
        "Diluted EPS": 1.47,
        "Total Revenue": NaN,
        "Gross Profit": 755,
        "Operating Income": 425,
        "EBIT": 658,
        "Net Income": 319
    },
    "2015-03-31": {
        "Diluted EPS": 1.33,
        "Total Revenue": NaN,
        "Gross Profit": 716,
        "Operating Income": 377,
        "EBIT": 610,
        "Net Income": 290
    },
    "2014-12-31": {
        "Diluted EPS": 1.5,
        "Total Revenue": NaN,
        "Gross Profit": 730,
        "Operating Income": 430,
        "EBIT": 666,
        "Net Income": 325
    },
    "2014-09-30": {
        "Diluted EPS": 0.48,
        "Total Revenue": NaN,
        "Gross Profit": 749,
        "Operating Income": 155,
        "EBIT": 410,
        "Net Income": 104
    },
    "2014-06-30": {
        "Diluted EPS": 1.46,
        "Total Revenue": NaN,
        "Gross Profit": 716,
        "Operating Income": 414,
        "EBIT": 653,
        "Net Income": 314
    },
    "2014-03-31": {
        "Diluted EPS": 1.32,
        "Total Revenue": NaN,
        "Gross Profit": 664,
        "Operating Income": 385,
        "EBIT": 614,
        "Net Income": 284
    },
    "2013-12-31": {
        "Diluted EPS": 1.35,
        "Total Revenue": NaN,
        "Gross Profit": 680,
        "Operating Income": 386,
        "EBIT": 620,
        "Net Income": 290
    },
    "2013-09-30": {
        "Diluted EPS": 0.63,
        "Total Revenue": NaN,
        "Gross Profit": 704,
        "Operating Income": 179,
        "EBIT": 412,
        "Net Income": 137
    },
    "2013-06-30": {
        "Diluted EPS": 1.36,
        "Total Revenue": NaN,
        "Gross Profit": 672,
        "Operating Income": 383,
        "EBIT": 613,
        "Net Income": 288
    },
    "2013-03-31": {
        "Diluted EPS": 1.38,
        "Total Revenue": NaN,
        "Gross Profit": 671,
        "Operating Income": 390,
        "EBIT": 616,
        "Net Income": 290
    },
    "2012-12-31": {
        "Diluted EPS": 1.31,
        "Total Revenue": NaN,
        "Gross Profit": 662,
        "Operating Income": 372,
        "EBIT": 591,
        "Net Income": 278
    },
    "2012-09-30": {
        "Diluted EPS": 0.64,
        "Total Revenue": NaN,
        "Gross Profit": 683,
        "Operating Income": 158,
        "EBIT": 378,
        "Net Income": 139
    },
    "2012-06-30": {
        "Diluted EPS": 2.26,
        "Total Revenue": NaN,
        "Gross Profit": 649,
        "Operating Income": 483,
        "EBIT": 695,
        "Net Income": 485
    },
    "2012-03-31": {
        "Diluted EPS": 1.38,
        "Total Revenue": NaN,
        "Gross Profit": 629,
        "Operating Income": 288,
        "EBIT": 493,
        "Net Income": 296
    },
    "2011-12-31": {
        "Diluted EPS": 1.16,
        "Total Revenue": NaN,
        "Gross Profit": 599,
        "Operating Income": 354,
        "EBIT": 557,
        "Net Income": 248
    },
    "2011-09-30": {
        "Diluted EPS": 1.51,
        "Total Revenue": NaN,
        "Gross Profit": 603,
        "Operating Income": 366,
        "EBIT": 573,
        "Net Income": 325
    },
    "2011-06-30": {
        "Diluted EPS": 1.5,
        "Total Revenue": NaN,
        "Gross Profit": 646,
        "Operating Income": 388,
        "EBIT": 600,
        "Net Income": 327
    },
    "2011-03-31": {
        "Diluted EPS": 1.39,
        "Total Revenue": NaN,
        "Gross Profit": 655,
        "Operating Income": 394,
        "EBIT": 592,
        "Net Income": 304
    },
    "2010-12-31": {
        "Diluted EPS": 1.23,
        "Total Revenue": NaN,
        "Gross Profit": 671,
        "Operating Income": 361,
        "EBIT": 578,
        "Net Income": 269
    },
    "2010-09-30": {
        "Diluted EPS": 1.25,
        "Total Revenue": NaN,
        "Gross Profit": 461,
        "Operating Income": 246,
        "EBIT": 424,
        "Net Income": 272
    },
    "2010-06-30": {
        "Diluted EPS": 1.17,
        "Total Revenue": NaN,
        "Gross Profit": 641,
        "Operating Income": 336,
        "EBIT": 551,
        "Net Income": 253
    },
    "2010-03-31": {
        "Diluted EPS": 1.16,
        "Total Revenue": NaN,
        "Gross Profit": 620,
        "Operating Income": 341,
        "EBIT": 558,
        "Net Income": 252
    },
    "2009-12-31": {
        "Diluted EPS": 1.16,
        "Total Revenue": NaN,
        "Gross Profit": 605,
        "Operating Income": 345,
        "EBIT": 562,
        "Net Income": 252
    },
    "2009-09-30": {
        "Diluted EPS": 1.14,
        "Total Revenue": NaN,
        "Gross Profit": 584,
        "Operating Income": 328,
        "EBIT": 554,
        "Net Income": 244
    },
    "2009-06-30": {
        "Diluted EPS": 0.53,
        "Total Revenue": NaN,
        "Gross Profit": 549,
        "Operating Income": 144,
        "EBIT": 361,
        "Net Income": 113
    },
    "2009-03-31": {
        "Diluted EPS": 0.97,
        "Total Revenue": NaN,
        "Gross Profit": 516,
        "Operating Income": 260,
        "EBIT": 458,
        "Net Income": 206
    },
    "2023-08-31": {
        "Tax Effect Of Unusual Items": NaN,
        "Tax Rate For Calcs": NaN,
        "Normalized EBITDA": NaN,
        "Total Unusual Items": NaN,
        "Total Unusual Items Excluding Goodwill": NaN,
        "Net Income From Continuing Operation Net Minority Interest": NaN,
        "Reconciled Depreciation": NaN,
        "Reconciled Cost Of Revenue": NaN,
        "EBITDA": NaN,
        "EBIT": NaN,
        "Net Interest Income": NaN,
        "Interest Expense": NaN,
        "Interest Income": NaN,
        "Normalized Income": NaN,
        "Net Income From Continuing And Discontinued Operation": NaN,
        "Total Expenses": NaN,
        "Total Operating Income As Reported": NaN,
        "Diluted Average Shares": NaN,
        "Basic Average Shares": NaN,
        "Diluted EPS": NaN,
        "Basic EPS": NaN,
        "Diluted NI Availto Com Stockholders": NaN,
        "Net Income Common Stockholders": NaN,
        "Otherunder Preferred Stock Dividend": 0.0,
        "Net Income": NaN,
        "Net Income Including Noncontrolling Interests": NaN,
        "Net Income Discontinuous Operations": 0.0,
        "Net Income Continuous Operations": NaN,
        "Tax Provision": NaN,
        "Pretax Income": NaN,
        "Other Income Expense": NaN,
        "Other Non Operating Income Expenses": NaN,
        "Special Income Charges": NaN,
        "Gain On Sale Of Business": NaN,
        "Other Special Charges": 26700000.0,
        "Earnings From Equity Interest": NaN,
        "Net Non Operating Interest Income Expense": NaN,
        "Interest Expense Non Operating": NaN,
        "Interest Income Non Operating": NaN,
        "Operating Income": NaN,
        "Operating Expense": NaN,
        "Provision For Doubtful Accounts": NaN,
        "Selling General And Administration": NaN,
        "General And Administrative Expense": 74700000.0,
        "Other Gand A": 74700000.0,
        "Salaries And Wages": 26700000.0,
        "Gross Profit": NaN,
        "Cost Of Revenue": NaN,
        "Total Revenue": NaN,
        "Operating Revenue": NaN
    },
    "2023-11-30": {
        "Tax Effect Of Unusual Items": -224290.22082,
        "Tax Rate For Calcs": 0.249211,
        "Normalized EBITDA": 47500000.0,
        "Total Unusual Items": -900000.0,
        "Total Unusual Items Excluding Goodwill": -900000.0,
        "Net Income From Continuing Operation Net Minority Interest": 23800000.0,
        "Reconciled Depreciation": 8700000.0,
        "Reconciled Cost Of Revenue": 442000000.0,
        "EBITDA": 46600000.0,
        "EBIT": 37900000.0,
        "Net Interest Income": -5600000.0,
        "Interest Expense": 6200000.0,
        "Interest Income": 600000.0,
        "Normalized Income": 24475709.77918,
        "Net Income From Continuing And Discontinued Operation": 23800000.0,
        "Total Expenses": 507700000.0,
        "Total Operating Income As Reported": 38300000.0,
        "Diluted Average Shares": 35300000.0,
        "Basic Average Shares": 34900000.0,
        "Diluted EPS": 0.665722,
        "Basic EPS": 0.67,
        "Diluted NI Availto Com Stockholders": 23500000.0,
        "Net Income Common Stockholders": 23500000.0,
        "Otherunder Preferred Stock Dividend": 300000.0,
        "Net Income": 23800000.0,
        "Net Income Including Noncontrolling Interests": 23800000.0,
        "Net Income Discontinuous Operations": 0.0,
        "Net Income Continuous Operations": 23800000.0,
        "Tax Provision": 7900000.0,
        "Pretax Income": 31700000.0,
        "Other Income Expense": -400000.0,
        "Other Non Operating Income Expenses": -100000.0,
        "Special Income Charges": -900000.0,
        "Gain On Sale Of Business": -900000.0,
        "Other Special Charges": NaN,
        "Earnings From Equity Interest": 600000.0,
        "Net Non Operating Interest Income Expense": -5600000.0,
        "Interest Expense Non Operating": 6200000.0,
        "Interest Income Non Operating": 600000.0,
        "Operating Income": 37700000.0,
        "Operating Expense": 65700000.0,
        "Provision For Doubtful Accounts": 0.0,
        "Selling General And Administration": 65700000.0,
        "General And Administrative Expense": 65700000.0,
        "Other Gand A": 65700000.0,
        "Salaries And Wages": NaN,
        "Gross Profit": 103400000.0,
        "Cost Of Revenue": 442000000.0,
        "Total Revenue": 545400000.0,
        "Operating Revenue": 545400000.0
    },
    "2024-02-29": {
        "Tax Effect Of Unusual Items": -317000.0,
        "Tax Rate For Calcs": 0.317,
        "Normalized EBITDA": 42200000.0,
        "Total Unusual Items": -1000000.0,
        "Total Unusual Items Excluding Goodwill": -1000000.0,
        "Net Income From Continuing Operation Net Minority Interest": 14000000.0,
        "Reconciled Depreciation": 8800000.0,
        "Reconciled Cost Of Revenue": 457000000.0,
        "EBITDA": 41200000.0,
        "EBIT": 32400000.0,
        "Net Interest Income": -11300000.0,
        "Interest Expense": 11900000.0,
        "Interest Income": 600000.0,
        "Normalized Income": 14683000.0,
        "Net Income From Continuing And Discontinued Operation": 14000000.0,
        "Total Expenses": 534100000.0,
        "Total Operating Income As Reported": 33000000.0,
        "Diluted Average Shares": 35200000.0,
        "Basic Average Shares": 34800000.0,
        "Diluted EPS": 0.39,
        "Basic EPS": 0.4,
        "Diluted NI Availto Com Stockholders": 14000000.0,
        "Net Income Common Stockholders": 14000000.0,
        "Otherunder Preferred Stock Dividend": NaN,
        "Net Income": 14000000.0,
        "Net Income Including Noncontrolling Interests": 14000000.0,
        "Net Income Discontinuous Operations": 0.0,
        "Net Income Continuous Operations": 14000000.0,
        "Tax Provision": 6500000.0,
        "Pretax Income": 20500000.0,
        "Other Income Expense": -1400000.0,
        "Other Non Operating Income Expenses": -200000.0,
        "Special Income Charges": -1000000.0,
        "Gain On Sale Of Business": -1000000.0,
        "Other Special Charges": NaN,
        "Earnings From Equity Interest": -200000.0,
        "Net Non Operating Interest Income Expense": -11300000.0,
        "Interest Expense Non Operating": 11900000.0,
        "Interest Income Non Operating": 600000.0,
        "Operating Income": 33200000.0,
        "Operating Expense": 77100000.0,
        "Provision For Doubtful Accounts": 100000.0,
        "Selling General And Administration": 77000000.0,
        "General And Administrative Expense": NaN,
        "Other Gand A": NaN,
        "Salaries And Wages": NaN,
        "Gross Profit": 110300000.0,
        "Cost Of Revenue": 457000000.0,
        "Total Revenue": 567300000.0,
        "Operating Revenue": 567300000.0
    },
    "2024-05-31": {
        "Tax Effect Of Unusual Items": -66176.470588,
        "Tax Rate For Calcs": 0.330882,
        "Normalized EBITDA": 48400000.0,
        "Total Unusual Items": -200000.0,
        "Total Unusual Items Excluding Goodwill": -200000.0,
        "Net Income From Continuing Operation Net Minority Interest": 9100000.0,
        "Reconciled Depreciation": 15300000.0,
        "Reconciled Cost Of Revenue": 529200000.0,
        "EBITDA": 48200000.0,
        "EBIT": 32900000.0,
        "Net Interest Income": -18700000.0,
        "Interest Expense": 19300000.0,
        "Interest Income": 600000.0,
        "Normalized Income": 9233823.529412,
        "Net Income From Continuing And Discontinued Operation": 9100000.0,
        "Total Expenses": 624200000.0,
        "Total Operating Income As Reported": 32600000.0,
        "Diluted Average Shares": 35400000.0,
        "Basic Average Shares": 35100000.0,
        "Diluted EPS": 0.26,
        "Basic EPS": 0.26,
        "Diluted NI Availto Com Stockholders": 8600000.0,
        "Net Income Common Stockholders": 8600000.0,
        "Otherunder Preferred Stock Dividend": NaN,
        "Net Income": 9100000.0,
        "Net Income Including Noncontrolling Interests": 9100000.0,
        "Net Income Discontinuous Operations": 0.0,
        "Net Income Continuous Operations": 9100000.0,
        "Tax Provision": 4500000.0,
        "Pretax Income": 13600000.0,
        "Other Income Expense": 0.0,
        "Other Non Operating Income Expenses": -100000.0,
        "Special Income Charges": -200000.0,
        "Gain On Sale Of Business": -200000.0,
        "Other Special Charges": 0.0,
        "Earnings From Equity Interest": 300000.0,
        "Net Non Operating Interest Income Expense": -18700000.0,
        "Interest Expense Non Operating": 19300000.0,
        "Interest Income Non Operating": 600000.0,
        "Operating Income": 32300000.0,
        "Operating Expense": 95000000.0,
        "Provision For Doubtful Accounts": 200000.0,
        "Selling General And Administration": 94800000.0,
        "General And Administrative Expense": NaN,
        "Other Gand A": NaN,
        "Salaries And Wages": NaN,
        "Gross Profit": 127300000.0,
        "Cost Of Revenue": 529200000.0,
        "Total Revenue": 656500000.0,
        "Operating Revenue": 656500000.0
    },
    "2024-08-31": {
        "Tax Effect Of Unusual Items": -27700.0,
        "Tax Rate For Calcs": 0.277,
        "Normalized EBITDA": 58000000.0,
        "Total Unusual Items": -100000.0,
        "Total Unusual Items Excluding Goodwill": -100000.0,
        "Net Income From Continuing Operation Net Minority Interest": 18000000.0,
        "Reconciled Depreciation": 14200000.0,
        "Reconciled Cost Of Revenue": 544500000.0,
        "EBITDA": 57900000.0,
        "EBIT": 43700000.0,
        "Net Interest Income": -18300000.0,
        "Interest Expense": 18800000.0,
        "Interest Income": 500000.0,
        "Normalized Income": 18072300.0,
        "Net Income From Continuing And Discontinued Operation": 18000000.0,
        "Total Expenses": 620600000.0,
        "Total Operating Income As Reported": 43400000.0,
        "Diluted Average Shares": 35600000.0,
        "Basic Average Shares": 35200000.0,
        "Diluted EPS": 0.5,
        "Basic EPS": 0.5,
        "Diluted NI Availto Com Stockholders": 17800000.0,
        "Net Income Common Stockholders": 17800000.0,
        "Otherunder Preferred Stock Dividend": 200000.0,
        "Net Income": 18000000.0,
        "Net Income Including Noncontrolling Interests": 18000000.0,
        "Net Income Discontinuous Operations": NaN,
        "Net Income Continuous Operations": 18000000.0,
        "Tax Provision": 6900000.0,
        "Pretax Income": 24900000.0,
        "Other Income Expense": 2100000.0,
        "Other Non Operating Income Expenses": -100000.0,
        "Special Income Charges": -100000.0,
        "Gain On Sale Of Business": -100000.0,
        "Other Special Charges": NaN,
        "Earnings From Equity Interest": 2300000.0,
        "Net Non Operating Interest Income Expense": -18300000.0,
        "Interest Expense Non Operating": 18800000.0,
        "Interest Income Non Operating": 500000.0,
        "Operating Income": 41100000.0,
        "Operating Expense": 76100000.0,
        "Provision For Doubtful Accounts": 200000.0,
        "Selling General And Administration": 75900000.0,
        "General And Administrative Expense": NaN,
        "Other Gand A": NaN,
        "Salaries And Wages": NaN,
        "Gross Profit": 117200000.0,
        "Cost Of Revenue": 544500000.0,
        "Total Revenue": 661700000.0,
        "Operating Revenue": 661700000.0
    },
    "2024-11-30": {
        "Tax Effect Of Unusual Items": -252000.0,
        "Tax Rate For Calcs": 0.21,
        "Normalized EBITDA": 12600000.0,
        "Total Unusual Items": -1200000.0,
        "Total Unusual Items Excluding Goodwill": -1200000.0,
        "Net Income From Continuing Operation Net Minority Interest": -30600000.0,
        "Reconciled Depreciation": 14600000.0,
        "Reconciled Cost Of Revenue": 557500000.0,
        "EBITDA": 11400000.0,
        "EBIT": -3200000.0,
        "Net Interest Income": -18800000.0,
        "Interest Expense": 19300000.0,
        "Interest Income": 500000.0,
        "Normalized Income": -29652000.0,
        "Net Income From Continuing And Discontinued Operation": -30600000.0,
        "Total Expenses": 690300000.0,
        "Total Operating Income As Reported": -2300000.0,
        "Diluted Average Shares": 35200000.0,
        "Basic Average Shares": 35200000.0,
        "Diluted EPS": -0.87,
        "Basic EPS": -0.87,
        "Diluted NI Availto Com Stockholders": -30600000.0,
        "Net Income Common Stockholders": -30600000.0,
        "Otherunder Preferred Stock Dividend": 0.0,
        "Net Income": -30600000.0,
        "Net Income Including Noncontrolling Interests": -30600000.0,
        "Net Income Discontinuous Operations": NaN,
        "Net Income Continuous Operations": -30600000.0,
        "Tax Provision": 8100000.0,
        "Pretax Income": -22500000.0,
        "Other Income Expense": 500000.0,
        "Other Non Operating Income Expenses": -200000.0,
        "Special Income Charges": -1200000.0,
        "Gain On Sale Of Business": -1200000.0,
        "Other Special Charges": NaN,
        "Earnings From Equity Interest": 1900000.0,
        "Net Non Operating Interest Income Expense": -18800000.0,
        "Interest Expense Non Operating": 19300000.0,
        "Interest Income Non Operating": 500000.0,
        "Operating Income": -4200000.0,
        "Operating Expense": 132800000.0,
        "Provision For Doubtful Accounts": -300000.0,
        "Selling General And Administration": 133100000.0,
        "General And Administrative Expense": NaN,
        "Other Gand A": NaN,
        "Salaries And Wages": NaN,
        "Gross Profit": 128600000.0,
        "Cost Of Revenue": 557500000.0,
        "Total Revenue": 686100000.0,
        "Operating Revenue": 686100000.0
    }
}