{
    "2023-03-31": {
        "Tax Effect Of Unusual Items": NaN,
        "Tax Rate For Calcs": NaN,
        "Normalized EBITDA": NaN,
        "Total Unusual Items": NaN,
        "Total Unusual Items Excluding Goodwill": NaN,
        "Net Income From Continuing Operation Net Minority Interest": NaN,
        "Reconciled Depreciation": NaN,
        "Reconciled Cost Of Revenue": NaN,
        "EBITDA": NaN,
        "EBIT": NaN,
        "Net Interest Income": NaN,
        "Normalized Income": NaN,
        "Net Income From Continuing And Discontinued Operation": NaN,
        "Total Expenses": NaN,
        "Total Operating Income As Reported": NaN,
        "Diluted Average Shares": NaN,
        "Basic Average Shares": NaN,
        "Diluted EPS": NaN,
        "Basic EPS": NaN,
        "Diluted NI Availto Com Stockholders": NaN,
        "Net Income Common Stockholders": NaN,
        "Net Income": NaN,
        "Minority Interests": 0.0,
        "Net Income Including Noncontrolling Interests": NaN,
        "Net Income Continuous Operations": NaN,
        "Tax Provision": NaN,
        "Pretax Income": NaN,
        "Other Income Expense": NaN,
        "Other Non Operating Income Expenses": NaN,
        "Special Income Charges": NaN,
        "Other Special Charges": NaN,
        "Restructuring And Mergern Acquisition": -268000.0,
        "Gain On Sale Of Security": NaN,
        "Net Non Operating Interest Income Expense": NaN,
        "Total Other Finance Cost": 510000.0,
        "Operating Income": NaN,
        "Operating Expense": NaN,
        "Other Operating Expenses": NaN,
        "Research And Development": NaN,
        "Selling General And Administration": NaN,
        "General And Administrative Expense": NaN,
        "Other Gand A": NaN,
        "Gross Profit": NaN,
        "Cost Of Revenue": NaN,
        "Total Revenue": NaN,
        "Operating Revenue": NaN
    },
    "2022-12-31": {
        "Tax Effect Of Unusual Items": NaN,
        "Tax Rate For Calcs": NaN,
        "Normalized EBITDA": NaN,
        "Total Unusual Items": NaN,
        "Total Unusual Items Excluding Goodwill": NaN,
        "Net Income From Continuing Operation Net Minority Interest": NaN,
        "Reconciled Depreciation": NaN,
        "Reconciled Cost Of Revenue": NaN,
        "EBITDA": NaN,
        "EBIT": NaN,
        "Net Interest Income": NaN,
        "Normalized Income": NaN,
        "Net Income From Continuing And Discontinued Operation": NaN,
        "Total Expenses": NaN,
        "Total Operating Income As Reported": NaN,
        "Diluted Average Shares": NaN,
        "Basic Average Shares": NaN,
        "Diluted EPS": NaN,
        "Basic EPS": NaN,
        "Diluted NI Availto Com Stockholders": NaN,
        "Net Income Common Stockholders": NaN,
        "Net Income": NaN,
        "Minority Interests": 0.0,
        "Net Income Including Noncontrolling Interests": NaN,
        "Net Income Continuous Operations": NaN,
        "Tax Provision": NaN,
        "Pretax Income": NaN,
        "Other Income Expense": NaN,
        "Other Non Operating Income Expenses": NaN,
        "Special Income Charges": 1616000.0,
        "Restructuring And Mergern Acquisition": -1616000.0,
        "Gain On Sale Of Security": NaN,
        "Net Non Operating Interest Income Expense": NaN,
        "Total Other Finance Cost": 702000.0,
        "Operating Income": NaN,
        "Operating Expense": NaN,
        "Other Operating Expenses": NaN,
        "Research And Development": NaN,
        "Selling General And Administration": NaN,
        "General And Administrative Expense": NaN,
        "Other Gand A": NaN,
        "Gross Profit": NaN,
        "Cost Of Revenue": NaN,
        "Total Revenue": NaN,
        "Operating Revenue": NaN
    },
    "2022-09-30": {
        "Tax Effect Of Unusual Items": -1265.145185,
        "Tax Rate For Calcs": 0.002977,
        "Normalized EBITDA": -14994000.0,
        "Total Unusual Items": -425000.0,
        "Total Unusual Items Excluding Goodwill": -425000.0,
        "Net Income From Continuing Operation Net Minority Interest": -19091000.0,
        "Reconciled Depreciation": 2547000.0,
        "Reconciled Cost Of Revenue": 6453000.0,
        "EBITDA": -15419000.0,
        "EBIT": -17966000.0,
        "Net Interest Income": -743000.0,
        "Interest Expense": NaN,
        "Normalized Income": -18667265.145185,
        "Net Income From Continuing And Discontinued Operation": -19091000.0,
        "Total Expenses": 23532000.0,
        "Total Operating Income As Reported": -17966000.0,
        "Diluted Average Shares": 57154393.0,
        "Basic Average Shares": 57154393.0,
        "Diluted EPS": -0.33,
        "Basic EPS": -0.33,
        "Diluted NI Availto Com Stockholders": -19091000.0,
        "Net Income Common Stockholders": -19091000.0,
        "Net Income": -19091000.0,
        "Minority Interests": NaN,
        "Net Income Including Noncontrolling Interests": -19091000.0,
        "Net Income Continuous Operations": -19091000.0,
        "Tax Provision": -57000.0,
        "Pretax Income": -19148000.0,
        "Other Income Expense": -439000.0,
        "Other Non Operating Income Expenses": -14000.0,
        "Special Income Charges": -446000.0,
        "Gain On Sale Of Ppe": NaN,
        "Impairment Of Capital Assets": NaN,
        "Restructuring And Mergern Acquisition": 446000.0,
        "Gain On Sale Of Security": 21000.0,
        "Net Non Operating Interest Income Expense": -743000.0,
        "Total Other Finance Cost": 743000.0,
        "Interest Expense Non Operating": NaN,
        "Operating Income": -17966000.0,
        "Operating Expense": 17079000.0,
        "Research And Development": 10097000.0,
        "Selling General And Administration": 6982000.0,
        "General And Administrative Expense": 6982000.0,
        "Other Gand A": 6982000.0,
        "Gross Profit": -887000.0,
        "Cost Of Revenue": 6453000.0,
        "Total Revenue": 5566000.0,
        "Operating Revenue": 5566000.0
    },
    "2022-06-30": {
        "Tax Effect Of Unusual Items": 12902.14559,
        "Tax Rate For Calcs": 0.097744,
        "Normalized EBITDA": -15754000.0,
        "Total Unusual Items": 132000.0,
        "Total Unusual Items Excluding Goodwill": 132000.0,
        "Net Income From Continuing Operation Net Minority Interest": -16228000.0,
        "Reconciled Depreciation": 2430000.0,
        "Reconciled Cost Of Revenue": 6666000.0,
        "EBITDA": -15622000.0,
        "EBIT": -18052000.0,
        "Net Interest Income": -165000.0,
        "Interest Expense": NaN,
        "Normalized Income": -16347097.85441,
        "Net Income From Continuing And Discontinued Operation": -16228000.0,
        "Total Expenses": 22861000.0,
        "Total Operating Income As Reported": -17657000.0,
        "Diluted Average Shares": 56551783.0,
        "Basic Average Shares": 56551783.0,
        "Diluted EPS": -0.28,
        "Basic EPS": -0.28,
        "Diluted NI Availto Com Stockholders": -16228000.0,
        "Net Income Common Stockholders": -16228000.0,
        "Net Income": -16228000.0,
        "Minority Interests": 46000.0,
        "Net Income Including Noncontrolling Interests": -16274000.0,
        "Net Income Continuous Operations": -16274000.0,
        "Tax Provision": -1763000.0,
        "Pretax Income": -18037000.0,
        "Other Income Expense": -215000.0,
        "Other Non Operating Income Expenses": NaN,
        "Special Income Charges": 180000.0,
        "Gain On Sale Of Ppe": NaN,
        "Impairment Of Capital Assets": NaN,
        "Restructuring And Mergern Acquisition": NaN,
        "Gain On Sale Of Security": NaN,
        "Net Non Operating Interest Income Expense": -165000.0,
        "Total Other Finance Cost": NaN,
        "Interest Expense Non Operating": NaN,
        "Operating Income": -17657000.0,
        "Operating Expense": 16195000.0,
        "Research And Development": 10227000.0,
        "Selling General And Administration": 5968000.0,
        "General And Administrative Expense": 5968000.0,
        "Other Gand A": 5968000.0,
        "Gross Profit": -1462000.0,
        "Cost Of Revenue": 6666000.0,
        "Total Revenue": 5204000.0,
        "Operating Revenue": 5204000.0
    },
    "2022-03-31": {
        "Diluted EPS": -0.27,
        "Total Revenue": 5,
        "Gross Profit": -1,
        "Operating Income": -15,
        "EBIT": -12,
        "Net Income": -15
    },
    "2021-12-31": {
        "Diluted EPS": -0.29,
        "Total Revenue": 4,
        "Gross Profit": -1,
        "Operating Income": -15,
        "EBIT": -13,
        "Net Income": -15
    },
    "2021-09-30": {
        "Diluted EPS": -0.25,
        "Total Revenue": 2,
        "Gross Profit": -1,
        "Operating Income": -13,
        "EBIT": -11,
        "Net Income": -13
    },
    "2021-06-30": {
        "Diluted EPS": -0.19,
        "Total Revenue": 2,
        "Gross Profit": -1,
        "Operating Income": -12,
        "EBIT": -10,
        "Net Income": -10
    },
    "2021-03-31": {
        "Diluted EPS": -0.22,
        "Total Revenue": 3,
        "Gross Profit": 0,
        "Operating Income": -9,
        "EBIT": -6,
        "Net Income": -10
    },
    "2020-12-31": {
        "Diluted EPS": -0.3,
        "Total Revenue": 1,
        "Gross Profit": -1,
        "Operating Income": -10,
        "EBIT": -8,
        "Net Income": -12
    },
    "2020-09-30": {
        "Diluted EPS": -0.31,
        "Total Revenue": 1,
        "Gross Profit": -1,
        "Operating Income": -10,
        "EBIT": -8,
        "Net Income": -12
    },
    "2020-06-30": {
        "Diluted EPS": -0.26,
        "Total Revenue": 0,
        "Gross Profit": -1,
        "Operating Income": -8,
        "EBIT": -6,
        "Net Income": -10
    },
    "2020-03-31": {
        "Diluted EPS": -0.21,
        "Total Revenue": 0,
        "Gross Profit": 0,
        "Operating Income": -8,
        "EBIT": -7,
        "Net Income": -8
    },
    "2019-12-31": {
        "Diluted EPS": -0.3,
        "Total Revenue": 1,
        "Gross Profit": 0,
        "Operating Income": -8,
        "EBIT": -6,
        "Net Income": -9
    },
    "2019-09-30": {
        "Diluted EPS": -0.3,
        "Total Revenue": 1,
        "Gross Profit": 0,
        "Operating Income": -8,
        "EBIT": -6,
        "Net Income": -9
    },
    "2019-06-30": {
        "Diluted EPS": -0.18,
        "Total Revenue": 1,
        "Gross Profit": 0,
        "Operating Income": -6,
        "EBIT": -5,
        "Net Income": -6
    },
    "2019-03-31": {
        "Diluted EPS": -0.31,
        "Total Revenue": 0,
        "Gross Profit": 0,
        "Operating Income": -8,
        "EBIT": -7,
        "Net Income": -9
    },
    "2018-12-31": {
        "Diluted EPS": -0.24,
        "Total Revenue": 0,
        "Gross Profit": 0,
        "Operating Income": -6,
        "EBIT": -5,
        "Net Income": -7
    },
    "2018-09-30": {
        "Diluted EPS": -0.33,
        "Total Revenue": 0,
        "Gross Profit": 0,
        "Operating Income": -7,
        "EBIT": -6,
        "Net Income": -7
    },
    "2018-06-30": {
        "Diluted EPS": -0.31,
        "Total Revenue": 0,
        "Gross Profit": 0,
        "Operating Income": -6,
        "EBIT": -6,
        "Net Income": -7
    },
    "2018-03-31": {
        "Diluted EPS": -0.22,
        "Total Revenue": 0,
        "Gross Profit": 0,
        "Operating Income": -6,
        "EBIT": -5,
        "Net Income": -5
    },
    "2017-12-31": {
        "Diluted EPS": -0.27,
        "Total Revenue": 0,
        "Gross Profit": 0,
        "Operating Income": -6,
        "EBIT": -5,
        "Net Income": -6
    },
    "2017-09-30": {
        "Diluted EPS": -0.24,
        "Total Revenue": 0,
        "Gross Profit": 0,
        "Operating Income": -5,
        "EBIT": -4,
        "Net Income": -5
    },
    "2017-06-30": {
        "Diluted EPS": -0.12,
        "Total Revenue": 0,
        "Gross Profit": 0,
        "Operating Income": -4,
        "EBIT": -4,
        "Net Income": -2
    },
    "2017-03-31": {
        "Diluted EPS": -0.12,
        "Total Revenue": 0,
        "Gross Profit": 0,
        "Operating Income": -2,
        "EBIT": -2,
        "Net Income": -2
    },
    "2016-12-31": {
        "Diluted EPS": -0.21,
        "Total Revenue": 0,
        "Gross Profit": 0,
        "Operating Income": -3,
        "EBIT": -3,
        "Net Income": -3
    },
    "2016-09-30": {
        "Diluted EPS": -0.13,
        "Total Revenue": NaN,
        "Gross Profit": NaN,
        "Operating Income": -2,
        "EBIT": -2,
        "Net Income": -2
    },
    "2016-06-30": {
        "Diluted EPS": -0.17,
        "Total Revenue": 0,
        "Gross Profit": 0,
        "Operating Income": -2,
        "EBIT": -2,
        "Net Income": -3
    },
    "2016-03-31": {
        "Diluted EPS": -0.06,
        "Total Revenue": 0,
        "Gross Profit": 0,
        "Operating Income": -1,
        "EBIT": -1,
        "Net Income": -1
    },
    "2015-12-31": {
        "Diluted EPS": -0.08,
        "Total Revenue": NaN,
        "Gross Profit": NaN,
        "Operating Income": -1,
        "EBIT": -1,
        "Net Income": -1
    },
    "2015-09-30": {
        "Diluted EPS": -0.09,
        "Total Revenue": NaN,
        "Gross Profit": NaN,
        "Operating Income": -1,
        "EBIT": -1,
        "Net Income": -1
    },
    "2015-06-30": {
        "Diluted EPS": -0.11,
        "Total Revenue": NaN,
        "Gross Profit": NaN,
        "Operating Income": -1,
        "EBIT": -1,
        "Net Income": -1
    },
    "2015-04-30": {
        "Diluted EPS": -0.0,
        "Total Revenue": NaN,
        "Gross Profit": NaN,
        "Operating Income": 0,
        "EBIT": 0,
        "Net Income": 0
    },
    "2015-03-31": {
        "Diluted EPS": 0.0,
        "Total Revenue": NaN,
        "Gross Profit": NaN,
        "Operating Income": NaN,
        "EBIT": NaN,
        "Net Income": NaN
    },
    "2015-01-31": {
        "Diluted EPS": 0.0,
        "Total Revenue": NaN,
        "Gross Profit": NaN,
        "Operating Income": 0,
        "EBIT": 0,
        "Net Income": 0
    },
    "2014-12-31": {
        "Diluted EPS": -0.03,
        "Total Revenue": NaN,
        "Gross Profit": NaN,
        "Operating Income": 0,
        "EBIT": 0,
        "Net Income": 0
    },
    "2014-10-31": {
        "Diluted EPS": 0.0,
        "Total Revenue": NaN,
        "Gross Profit": NaN,
        "Operating Income": 0,
        "EBIT": 0,
        "Net Income": 0
    },
    "2014-09-30": {
        "Diluted EPS": -0.03,
        "Total Revenue": NaN,
        "Gross Profit": NaN,
        "Operating Income": 0,
        "EBIT": 0,
        "Net Income": 0
    },
    "2014-07-31": {
        "Diluted EPS": -0.0,
        "Total Revenue": NaN,
        "Gross Profit": NaN,
        "Operating Income": 0,
        "EBIT": 0,
        "Net Income": 0
    },
    "2014-06-30": {
        "Diluted EPS": 0.0,
        "Total Revenue": NaN,
        "Gross Profit": NaN,
        "Operating Income": NaN,
        "EBIT": NaN,
        "Net Income": NaN
    },
    "2014-04-30": {
        "Diluted EPS": 0.0,
        "Total Revenue": NaN,
        "Gross Profit": NaN,
        "Operating Income": 0,
        "EBIT": 0,
        "Net Income": 0
    },
    "2014-03-31": {
        "Diluted EPS": 0.0,
        "Total Revenue": NaN,
        "Gross Profit": NaN,
        "Operating Income": 0,
        "EBIT": 0,
        "Net Income": 0
    },
    "2014-01-31": {
        "Diluted EPS": 0.0,
        "Total Revenue": NaN,
        "Gross Profit": NaN,
        "Operating Income": 0,
        "EBIT": 0,
        "Net Income": 0
    },
    "2013-12-31": {
        "Diluted EPS": 0.0,
        "Total Revenue": NaN,
        "Gross Profit": NaN,
        "Operating Income": 0,
        "EBIT": 0,
        "Net Income": 0
    },
    "2013-10-31": {
        "Diluted EPS": -0.0,
        "Total Revenue": NaN,
        "Gross Profit": NaN,
        "Operating Income": 0,
        "EBIT": 0,
        "Net Income": 0
    },
    "2013-09-30": {
        "Diluted EPS": 0.0,
        "Total Revenue": NaN,
        "Gross Profit": NaN,
        "Operating Income": 0,
        "EBIT": 0,
        "Net Income": 0
    },
    "2013-07-31": {
        "Diluted EPS": 0.0,
        "Total Revenue": NaN,
        "Gross Profit": NaN,
        "Operating Income": NaN,
        "EBIT": NaN,
        "Net Income": NaN
    },
    "2013-06-30": {
        "Diluted EPS": 0.0,
        "Total Revenue": NaN,
        "Gross Profit": NaN,
        "Operating Income": NaN,
        "EBIT": NaN,
        "Net Income": NaN
    },
    "2023-06-30": {
        "Tax Effect Of Unusual Items": NaN,
        "Tax Rate For Calcs": NaN,
        "Normalized EBITDA": NaN,
        "Total Unusual Items": NaN,
        "Total Unusual Items Excluding Goodwill": NaN,
        "Net Income From Continuing Operation Net Minority Interest": NaN,
        "Reconciled Depreciation": NaN,
        "Reconciled Cost Of Revenue": NaN,
        "EBITDA": NaN,
        "EBIT": NaN,
        "Net Interest Income": NaN,
        "Normalized Income": NaN,
        "Net Income From Continuing And Discontinued Operation": NaN,
        "Total Expenses": NaN,
        "Total Operating Income As Reported": NaN,
        "Diluted Average Shares": 71741166.0,
        "Basic Average Shares": 71741166.0,
        "Diluted EPS": -0.25,
        "Basic EPS": -0.25,
        "Diluted NI Availto Com Stockholders": NaN,
        "Net Income Common Stockholders": NaN,
        "Net Income": NaN,
        "Minority Interests": 0.0,
        "Net Income Including Noncontrolling Interests": NaN,
        "Net Income Continuous Operations": NaN,
        "Tax Provision": NaN,
        "Pretax Income": NaN,
        "Other Income Expense": NaN,
        "Other Non Operating Income Expenses": 1448000.0,
        "Special Income Charges": NaN,
        "Other Special Charges": NaN,
        "Restructuring And Mergern Acquisition": NaN,
        "Gain On Sale Of Security": 492000.0,
        "Net Non Operating Interest Income Expense": NaN,
        "Total Other Finance Cost": NaN,
        "Operating Income": NaN,
        "Operating Expense": NaN,
        "Other Operating Expenses": NaN,
        "Research And Development": NaN,
        "Selling General And Administration": NaN,
        "General And Administrative Expense": NaN,
        "Other Gand A": NaN,
        "Gross Profit": NaN,
        "Cost Of Revenue": NaN,
        "Total Revenue": NaN,
        "Operating Revenue": NaN
    },
    "2023-09-30": {
        "Tax Effect Of Unusual Items": 422940.0,
        "Tax Rate For Calcs": 0.21,
        "Normalized EBITDA": -20538000.0,
        "Total Unusual Items": 2014000.0,
        "Total Unusual Items Excluding Goodwill": 2014000.0,
        "Net Income From Continuing Operation Net Minority Interest": -20129000.0,
        "Reconciled Depreciation": 3130000.0,
        "Reconciled Cost Of Revenue": 8086000.0,
        "EBITDA": -18524000.0,
        "EBIT": -21654000.0,
        "Net Interest Income": -485000.0,
        "Normalized Income": -21720060.0,
        "Net Income From Continuing And Discontinued Operation": -20129000.0,
        "Total Expenses": 28656000.0,
        "Total Operating Income As Reported": -21654000.0,
        "Diluted Average Shares": 72306689.0,
        "Basic Average Shares": 72306689.0,
        "Diluted EPS": -0.28,
        "Basic EPS": -0.28,
        "Diluted NI Availto Com Stockholders": -20129000.0,
        "Net Income Common Stockholders": -20129000.0,
        "Net Income": -20129000.0,
        "Minority Interests": NaN,
        "Net Income Including Noncontrolling Interests": -20129000.0,
        "Net Income Continuous Operations": -20129000.0,
        "Tax Provision": 1000.0,
        "Pretax Income": -20128000.0,
        "Other Income Expense": 2011000.0,
        "Other Non Operating Income Expenses": -3000.0,
        "Special Income Charges": 0.0,
        "Other Special Charges": NaN,
        "Restructuring And Mergern Acquisition": 0.0,
        "Gain On Sale Of Security": 2014000.0,
        "Net Non Operating Interest Income Expense": -485000.0,
        "Total Other Finance Cost": 485000.0,
        "Operating Income": -21654000.0,
        "Operating Expense": 20570000.0,
        "Other Operating Expenses": NaN,
        "Research And Development": 10346000.0,
        "Selling General And Administration": 10224000.0,
        "General And Administrative Expense": 10224000.0,
        "Other Gand A": 10224000.0,
        "Gross Profit": -1084000.0,
        "Cost Of Revenue": 8086000.0,
        "Total Revenue": 7002000.0,
        "Operating Revenue": 7002000.0
    },
    "2023-12-31": {
        "Tax Effect Of Unusual Items": -1470.0,
        "Tax Rate For Calcs": 0.21,
        "Normalized EBITDA": -11696000.0,
        "Total Unusual Items": -7000.0,
        "Total Unusual Items Excluding Goodwill": -7000.0,
        "Net Income From Continuing Operation Net Minority Interest": -15711000.0,
        "Reconciled Depreciation": 3321000.0,
        "Reconciled Cost Of Revenue": 6336000.0,
        "EBITDA": -11703000.0,
        "EBIT": -15024000.0,
        "Net Interest Income": -679000.0,
        "Normalized Income": -15705470.0,
        "Net Income From Continuing And Discontinued Operation": -15711000.0,
        "Total Expenses": 22041000.0,
        "Total Operating Income As Reported": -15024000.0,
        "Diluted Average Shares": 73084663.0,
        "Basic Average Shares": 73084663.0,
        "Diluted EPS": -0.21,
        "Basic EPS": -0.21,
        "Diluted NI Availto Com Stockholders": -15711000.0,
        "Net Income Common Stockholders": -15711000.0,
        "Net Income": -15711000.0,
        "Minority Interests": NaN,
        "Net Income Including Noncontrolling Interests": -15711000.0,
        "Net Income Continuous Operations": -15711000.0,
        "Tax Provision": 2000.0,
        "Pretax Income": -15709000.0,
        "Other Income Expense": -6000.0,
        "Other Non Operating Income Expenses": 1000.0,
        "Special Income Charges": 0.0,
        "Other Special Charges": NaN,
        "Restructuring And Mergern Acquisition": 0.0,
        "Gain On Sale Of Security": -7000.0,
        "Net Non Operating Interest Income Expense": -679000.0,
        "Total Other Finance Cost": 679000.0,
        "Operating Income": -15024000.0,
        "Operating Expense": 15705000.0,
        "Other Operating Expenses": NaN,
        "Research And Development": 6411000.0,
        "Selling General And Administration": 9294000.0,
        "General And Administrative Expense": 9294000.0,
        "Other Gand A": 9294000.0,
        "Gross Profit": 681000.0,
        "Cost Of Revenue": 6336000.0,
        "Total Revenue": 7017000.0,
        "Operating Revenue": 7017000.0
    },
    "2024-03-31": {
        "Tax Effect Of Unusual Items": 10920.0,
        "Tax Rate For Calcs": 0.21,
        "Normalized EBITDA": -19284000.0,
        "Total Unusual Items": 52000.0,
        "Total Unusual Items Excluding Goodwill": 52000.0,
        "Net Income From Continuing Operation Net Minority Interest": -23308000.0,
        "Reconciled Depreciation": 3376000.0,
        "Reconciled Cost Of Revenue": 7161000.0,
        "EBITDA": -19232000.0,
        "EBIT": -22608000.0,
        "Net Interest Income": -745000.0,
        "Normalized Income": -23349080.0,
        "Net Income From Continuing And Discontinued Operation": -23308000.0,
        "Total Expenses": 30118000.0,
        "Total Operating Income As Reported": -22608000.0,
        "Diluted Average Shares": 91281779.0,
        "Basic Average Shares": 91281779.0,
        "Diluted EPS": -0.26,
        "Basic EPS": -0.26,
        "Diluted NI Availto Com Stockholders": -23308000.0,
        "Net Income Common Stockholders": -23308000.0,
        "Net Income": -23308000.0,
        "Minority Interests": NaN,
        "Net Income Including Noncontrolling Interests": -23308000.0,
        "Net Income Continuous Operations": -23308000.0,
        "Tax Provision": 2000.0,
        "Pretax Income": -23306000.0,
        "Other Income Expense": 47000.0,
        "Other Non Operating Income Expenses": -5000.0,
        "Special Income Charges": 0.0,
        "Other Special Charges": NaN,
        "Restructuring And Mergern Acquisition": 0.0,
        "Gain On Sale Of Security": 52000.0,
        "Net Non Operating Interest Income Expense": -745000.0,
        "Total Other Finance Cost": 745000.0,
        "Operating Income": -22608000.0,
        "Operating Expense": 22957000.0,
        "Other Operating Expenses": 8051000.0,
        "Research And Development": 5971000.0,
        "Selling General And Administration": 8935000.0,
        "General And Administrative Expense": 8935000.0,
        "Other Gand A": 8935000.0,
        "Gross Profit": 349000.0,
        "Cost Of Revenue": 7161000.0,
        "Total Revenue": 7510000.0,
        "Operating Revenue": 7510000.0
    },
    "2024-06-30": {
        "Tax Effect Of Unusual Items": -21164220.0,
        "Tax Rate For Calcs": 0.21,
        "Normalized EBITDA": -1834000.0,
        "Total Unusual Items": -100782000.0,
        "Total Unusual Items Excluding Goodwill": -100782000.0,
        "Net Income From Continuing Operation Net Minority Interest": -108803000.0,
        "Reconciled Depreciation": 3383000.0,
        "Reconciled Cost Of Revenue": 6490000.0,
        "EBITDA": -102616000.0,
        "EBIT": -105999000.0,
        "Net Interest Income": -749000.0,
        "Normalized Income": -29185220.0,
        "Net Income From Continuing And Discontinued Operation": -108803000.0,
        "Total Expenses": 13130000.0,
        "Total Operating Income As Reported": -50704000.0,
        "Diluted Average Shares": NaN,
        "Basic Average Shares": NaN,
        "Diluted EPS": NaN,
        "Basic EPS": NaN,
        "Diluted NI Availto Com Stockholders": -108803000.0,
        "Net Income Common Stockholders": -108803000.0,
        "Net Income": -108803000.0,
        "Minority Interests": NaN,
        "Net Income Including Noncontrolling Interests": -108803000.0,
        "Net Income Continuous Operations": -108803000.0,
        "Tax Provision": 1000.0,
        "Pretax Income": -108802000.0,
        "Other Income Expense": -100778000.0,
        "Other Non Operating Income Expenses": NaN,
        "Special Income Charges": -100803000.0,
        "Other Special Charges": NaN,
        "Restructuring And Mergern Acquisition": NaN,
        "Gain On Sale Of Security": 21000.0,
        "Net Non Operating Interest Income Expense": -749000.0,
        "Total Other Finance Cost": NaN,
        "Operating Income": -7275000.0,
        "Operating Expense": 6640000.0,
        "Other Operating Expenses": NaN,
        "Research And Development": 7260000.0,
        "Selling General And Administration": 7431000.0,
        "General And Administrative Expense": 7431000.0,
        "Other Gand A": 7431000.0,
        "Gross Profit": -635000.0,
        "Cost Of Revenue": 6490000.0,
        "Total Revenue": 5855000.0,
        "Operating Revenue": 5855000.0
    },
    "2024-09-30": {
        "Tax Effect Of Unusual Items": -76860.0,
        "Tax Rate For Calcs": 0.21,
        "Normalized EBITDA": -3655000.0,
        "Total Unusual Items": -366000.0,
        "Total Unusual Items Excluding Goodwill": -366000.0,
        "Net Income From Continuing Operation Net Minority Interest": -6420000.0,
        "Reconciled Depreciation": 1315000.0,
        "Reconciled Cost Of Revenue": 4725000.0,
        "EBITDA": -4021000.0,
        "EBIT": -5336000.0,
        "Net Interest Income": -713000.0,
        "Normalized Income": -6130860.0,
        "Net Income From Continuing And Discontinued Operation": -6420000.0,
        "Total Expenses": 14363000.0,
        "Total Operating Income As Reported": -5336000.0,
        "Diluted Average Shares": 154426333.0,
        "Basic Average Shares": 154426333.0,
        "Diluted EPS": -0.04,
        "Basic EPS": -0.04,
        "Diluted NI Availto Com Stockholders": -6420000.0,
        "Net Income Common Stockholders": -6420000.0,
        "Net Income": -6420000.0,
        "Minority Interests": NaN,
        "Net Income Including Noncontrolling Interests": -6420000.0,
        "Net Income Continuous Operations": -6420000.0,
        "Tax Provision": 1000.0,
        "Pretax Income": -6419000.0,
        "Other Income Expense": -370000.0,
        "Other Non Operating Income Expenses": -4000.0,
        "Special Income Charges": -366000.0,
        "Other Special Charges": 366000.0,
        "Restructuring And Mergern Acquisition": NaN,
        "Gain On Sale Of Security": NaN,
        "Net Non Operating Interest Income Expense": -713000.0,
        "Total Other Finance Cost": 713000.0,
        "Operating Income": -5336000.0,
        "Operating Expense": 9638000.0,
        "Other Operating Expenses": NaN,
        "Research And Development": 2694000.0,
        "Selling General And Administration": 6944000.0,
        "General And Administrative Expense": 6944000.0,
        "Other Gand A": 6944000.0,
        "Gross Profit": 4302000.0,
        "Cost Of Revenue": 4725000.0,
        "Total Revenue": 9027000.0,
        "Operating Revenue": 9027000.0
    }
}