{
    "2023-03-31": {
        "Tax Effect Of Unusual Items": NaN,
        "Tax Rate For Calcs": NaN,
        "Normalized EBITDA": NaN,
        "Total Unusual Items": 0.0,
        "Total Unusual Items Excluding Goodwill": 0.0,
        "Net Income From Continuing Operation Net Minority Interest": NaN,
        "Reconciled Depreciation": NaN,
        "Reconciled Cost Of Revenue": NaN,
        "EBITDA": NaN,
        "EBIT": NaN,
        "Net Interest Income": NaN,
        "Interest Expense": NaN,
        "Normalized Income": NaN,
        "Net Income From Continuing And Discontinued Operation": NaN,
        "Total Expenses": NaN,
        "Diluted Average Shares": NaN,
        "Basic Average Shares": NaN,
        "Diluted EPS": NaN,
        "Basic EPS": NaN,
        "Diluted NI Availto Com Stockholders": NaN,
        "Net Income Common Stockholders": NaN,
        "Preferred Stock Dividends": NaN,
        "Net Income": NaN,
        "Net Income Including Noncontrolling Interests": NaN,
        "Net Income Continuous Operations": NaN,
        "Tax Provision": NaN,
        "Pretax Income": NaN,
        "Other Income Expense": NaN,
        "Special Income Charges": 0.0,
        "Impairment Of Capital Assets": 0.0,
        "Net Non Operating Interest Income Expense": NaN,
        "Interest Expense Non Operating": NaN,
        "Operating Income": NaN,
        "Operating Expense": NaN,
        "Selling General And Administration": NaN,
        "Selling And Marketing Expense": NaN,
        "General And Administrative Expense": NaN,
        "Salaries And Wages": NaN,
        "Gross Profit": NaN,
        "Cost Of Revenue": NaN,
        "Total Revenue": NaN,
        "Operating Revenue": NaN
    },
    "2022-12-31": {
        "Tax Effect Of Unusual Items": NaN,
        "Tax Rate For Calcs": NaN,
        "Normalized EBITDA": NaN,
        "Total Unusual Items": 30876000.0,
        "Total Unusual Items Excluding Goodwill": 30876000.0,
        "Net Income From Continuing Operation Net Minority Interest": NaN,
        "Reconciled Depreciation": NaN,
        "Reconciled Cost Of Revenue": NaN,
        "EBITDA": NaN,
        "EBIT": NaN,
        "Net Interest Income": NaN,
        "Interest Expense": NaN,
        "Normalized Income": NaN,
        "Net Income From Continuing And Discontinued Operation": NaN,
        "Total Expenses": NaN,
        "Diluted Average Shares": NaN,
        "Basic Average Shares": NaN,
        "Diluted EPS": NaN,
        "Basic EPS": NaN,
        "Diluted NI Availto Com Stockholders": NaN,
        "Net Income Common Stockholders": NaN,
        "Preferred Stock Dividends": NaN,
        "Net Income": NaN,
        "Net Income Including Noncontrolling Interests": NaN,
        "Net Income Continuous Operations": NaN,
        "Tax Provision": NaN,
        "Pretax Income": NaN,
        "Other Income Expense": 30876000.0,
        "Special Income Charges": 30876000.0,
        "Impairment Of Capital Assets": -30876000.0,
        "Net Non Operating Interest Income Expense": NaN,
        "Interest Expense Non Operating": NaN,
        "Operating Income": NaN,
        "Operating Expense": NaN,
        "Selling General And Administration": NaN,
        "Selling And Marketing Expense": NaN,
        "General And Administrative Expense": NaN,
        "Salaries And Wages": NaN,
        "Gross Profit": NaN,
        "Cost Of Revenue": NaN,
        "Total Revenue": NaN,
        "Operating Revenue": NaN
    },
    "2022-09-30": {
        "Tax Effect Of Unusual Items": 0.0,
        "Tax Rate For Calcs": 0.199,
        "Normalized EBITDA": 393505000.0,
        "Total Unusual Items": 0.0,
        "Total Unusual Items Excluding Goodwill": 0.0,
        "Net Income From Continuing Operation Net Minority Interest": 110381000.0,
        "Reconciled Depreciation": 242504000.0,
        "Reconciled Cost Of Revenue": 364851000.0,
        "EBITDA": 393505000.0,
        "EBIT": 151001000.0,
        "Net Interest Income": -13162000.0,
        "Interest Expense": 13162000.0,
        "Normalized Income": 110381000.0,
        "Net Income From Continuing And Discontinued Operation": 110381000.0,
        "Total Expenses": 410333000.0,
        "Diluted Average Shares": 111090133.0,
        "Basic Average Shares": 110892097.0,
        "Diluted EPS": 0.9,
        "Basic EPS": 0.9,
        "Diluted NI Availto Com Stockholders": 99956000.0,
        "Net Income Common Stockholders": 99956000.0,
        "Preferred Stock Dividends": 10425000.0,
        "Net Income": 110381000.0,
        "Net Income Including Noncontrolling Interests": 110381000.0,
        "Net Income Continuous Operations": 110381000.0,
        "Tax Provision": 27458000.0,
        "Pretax Income": 137839000.0,
        "Other Income Expense": NaN,
        "Special Income Charges": 0.0,
        "Impairment Of Capital Assets": 0.0,
        "Net Non Operating Interest Income Expense": -13162000.0,
        "Interest Expense Non Operating": 13162000.0,
        "Operating Income": 151001000.0,
        "Operating Expense": 45482000.0,
        "Selling General And Administration": 45482000.0,
        "Selling And Marketing Expense": 39718000.0,
        "General And Administrative Expense": 5764000.0,
        "Salaries And Wages": 5764000.0,
        "Gross Profit": 196483000.0,
        "Cost Of Revenue": 364851000.0,
        "Total Revenue": 561334000.0,
        "Operating Revenue": 541397000.0
    },
    "2022-06-30": {
        "Tax Effect Of Unusual Items": 0.0,
        "Tax Rate For Calcs": 0.197713,
        "Normalized EBITDA": 393628000.0,
        "Total Unusual Items": 0.0,
        "Total Unusual Items Excluding Goodwill": 0.0,
        "Net Income From Continuing Operation Net Minority Interest": 116277000.0,
        "Reconciled Depreciation": 235283000.0,
        "Reconciled Cost Of Revenue": 354281000.0,
        "EBITDA": 393628000.0,
        "EBIT": 158345000.0,
        "Net Interest Income": -13413000.0,
        "Interest Expense": 13413000.0,
        "Normalized Income": 116277000.0,
        "Net Income From Continuing And Discontinued Operation": 116277000.0,
        "Total Expenses": 399351000.0,
        "Diluted Average Shares": 111043836.0,
        "Basic Average Shares": 110868040.0,
        "Diluted EPS": 0.95,
        "Basic EPS": 0.95,
        "Diluted NI Availto Com Stockholders": 105852000.0,
        "Net Income Common Stockholders": 105852000.0,
        "Preferred Stock Dividends": 10425000.0,
        "Net Income": 116277000.0,
        "Net Income Including Noncontrolling Interests": 116277000.0,
        "Net Income Continuous Operations": 116277000.0,
        "Tax Provision": 28655000.0,
        "Pretax Income": 144932000.0,
        "Other Income Expense": NaN,
        "Special Income Charges": 0.0,
        "Impairment Of Capital Assets": 0.0,
        "Net Non Operating Interest Income Expense": -13413000.0,
        "Interest Expense Non Operating": 13413000.0,
        "Operating Income": 158345000.0,
        "Operating Expense": 45070000.0,
        "Selling General And Administration": 45070000.0,
        "Selling And Marketing Expense": 38512000.0,
        "General And Administrative Expense": 6558000.0,
        "Salaries And Wages": 6558000.0,
        "Gross Profit": 203415000.0,
        "Cost Of Revenue": 354281000.0,
        "Total Revenue": 557696000.0,
        "Operating Revenue": 557696000.0
    },
    "2023-06-30": {
        "Tax Effect Of Unusual Items": 0.0,
        "Tax Rate For Calcs": 0.192,
        "Normalized EBITDA": 446183000.0,
        "Total Unusual Items": 0.0,
        "Total Unusual Items Excluding Goodwill": 0.0,
        "Net Income From Continuing Operation Net Minority Interest": 132401000.0,
        "Reconciled Depreciation": 268586000.0,
        "Reconciled Cost Of Revenue": 440760000.0,
        "EBITDA": 446183000.0,
        "EBIT": 177597000.0,
        "Net Interest Income": -13646000.0,
        "Interest Expense": 13646000.0,
        "Normalized Income": 132401000.0,
        "Net Income From Continuing And Discontinued Operation": 132401000.0,
        "Total Expenses": 495307000.0,
        "Diluted Average Shares": 111239004.0,
        "Basic Average Shares": 111021133.0,
        "Diluted EPS": 1.1,
        "Basic EPS": 1.1,
        "Diluted NI Availto Com Stockholders": 121976000.0,
        "Net Income Common Stockholders": 121976000.0,
        "Preferred Stock Dividends": 10425000.0,
        "Net Income": 132401000.0,
        "Net Income Including Noncontrolling Interests": 132401000.0,
        "Net Income Continuous Operations": 132401000.0,
        "Tax Provision": 31550000.0,
        "Pretax Income": 163951000.0,
        "Other Income Expense": NaN,
        "Special Income Charges": 0.0,
        "Impairment Of Capital Assets": 0.0,
        "Net Non Operating Interest Income Expense": -13646000.0,
        "Interest Expense Non Operating": 13646000.0,
        "Operating Income": 177597000.0,
        "Operating Expense": 54547000.0,
        "Selling General And Administration": 54547000.0,
        "Selling And Marketing Expense": 45832000.0,
        "General And Administrative Expense": 8715000.0,
        "Salaries And Wages": 8715000.0,
        "Gross Profit": 232144000.0,
        "Cost Of Revenue": 440760000.0,
        "Total Revenue": 672904000.0,
        "Operating Revenue": 672904000.0
    },
    "2023-09-30": {
        "Tax Effect Of Unusual Items": 0.0,
        "Tax Rate For Calcs": 0.197,
        "Normalized EBITDA": 446106000.0,
        "Total Unusual Items": 0.0,
        "Total Unusual Items Excluding Goodwill": 0.0,
        "Net Income From Continuing Operation Net Minority Interest": 132450000.0,
        "Reconciled Depreciation": 267393000.0,
        "Reconciled Cost Of Revenue": 429162000.0,
        "EBITDA": 446106000.0,
        "EBIT": 178713000.0,
        "Net Interest Income": -13695000.0,
        "Interest Expense": 13695000.0,
        "Normalized Income": 132450000.0,
        "Net Income From Continuing And Discontinued Operation": 132450000.0,
        "Total Expenses": 480651000.0,
        "Diluted Average Shares": 111346799.0,
        "Basic Average Shares": 111027252.0,
        "Diluted EPS": 1.1,
        "Basic EPS": 1.1,
        "Diluted NI Availto Com Stockholders": 122025000.0,
        "Net Income Common Stockholders": 122025000.0,
        "Preferred Stock Dividends": 10425000.0,
        "Net Income": 132450000.0,
        "Net Income Including Noncontrolling Interests": 132450000.0,
        "Net Income Continuous Operations": 132450000.0,
        "Tax Provision": 32568000.0,
        "Pretax Income": 165018000.0,
        "Other Income Expense": NaN,
        "Special Income Charges": 0.0,
        "Impairment Of Capital Assets": 0.0,
        "Net Non Operating Interest Income Expense": -13695000.0,
        "Interest Expense Non Operating": 13695000.0,
        "Operating Income": 178713000.0,
        "Operating Expense": 51489000.0,
        "Selling General And Administration": 51489000.0,
        "Selling And Marketing Expense": 42770000.0,
        "General And Administrative Expense": 8719000.0,
        "Salaries And Wages": 8719000.0,
        "Gross Profit": 230202000.0,
        "Cost Of Revenue": 429162000.0,
        "Total Revenue": 659364000.0,
        "Operating Revenue": 659364000.0
    },
    "2023-12-31": {
        "Tax Effect Of Unusual Items": 11408877.871163,
        "Tax Rate For Calcs": 0.170226,
        "Normalized EBITDA": 486129000.0,
        "Total Unusual Items": 67022000.0,
        "Total Unusual Items Excluding Goodwill": 67022000.0,
        "Net Income From Continuing Operation Net Minority Interest": 221051000.0,
        "Reconciled Depreciation": 273113000.0,
        "Reconciled Cost Of Revenue": 442468000.0,
        "EBITDA": 553151000.0,
        "EBIT": 280038000.0,
        "Net Interest Income": -13639000.0,
        "Interest Expense": 13639000.0,
        "Normalized Income": 165437877.871163,
        "Net Income From Continuing And Discontinued Operation": 221051000.0,
        "Total Expenses": 503552000.0,
        "Diluted Average Shares": 111410767.0,
        "Basic Average Shares": 111027252.0,
        "Diluted EPS": 1.89,
        "Basic EPS": 1.9,
        "Diluted NI Availto Com Stockholders": 210626000.0,
        "Net Income Common Stockholders": 210626000.0,
        "Preferred Stock Dividends": 10425000.0,
        "Net Income": 221051000.0,
        "Net Income Including Noncontrolling Interests": 221051000.0,
        "Net Income Continuous Operations": 221051000.0,
        "Tax Provision": 45348000.0,
        "Pretax Income": 266399000.0,
        "Other Income Expense": NaN,
        "Special Income Charges": 67022000.0,
        "Impairment Of Capital Assets": -67022000.0,
        "Net Non Operating Interest Income Expense": -13639000.0,
        "Interest Expense Non Operating": 13639000.0,
        "Operating Income": 213016000.0,
        "Operating Expense": 61084000.0,
        "Selling General And Administration": 61084000.0,
        "Selling And Marketing Expense": 49799000.0,
        "General And Administrative Expense": 11285000.0,
        "Salaries And Wages": 11285000.0,
        "Gross Profit": 274100000.0,
        "Cost Of Revenue": 442468000.0,
        "Total Revenue": 716568000.0,
        "Operating Revenue": 716568000.0
    },
    "2024-03-31": {
        "Tax Effect Of Unusual Items": 0.0,
        "Tax Rate For Calcs": 0.203,
        "Normalized EBITDA": 425697000.0,
        "Total Unusual Items": NaN,
        "Total Unusual Items Excluding Goodwill": NaN,
        "Net Income From Continuing Operation Net Minority Interest": 107866000.0,
        "Reconciled Depreciation": 277260000.0,
        "Reconciled Cost Of Revenue": 458855000.0,
        "EBITDA": 425697000.0,
        "EBIT": 148437000.0,
        "Net Interest Income": -13108000.0,
        "Interest Expense": 13108000.0,
        "Normalized Income": 107866000.0,
        "Net Income From Continuing And Discontinued Operation": 107866000.0,
        "Total Expenses": 514873000.0,
        "Diluted Average Shares": 111529770.0,
        "Basic Average Shares": 111174593.0,
        "Diluted EPS": 0.87,
        "Basic EPS": 0.88,
        "Diluted NI Availto Com Stockholders": 97441000.0,
        "Net Income Common Stockholders": 97441000.0,
        "Preferred Stock Dividends": 10425000.0,
        "Net Income": 107866000.0,
        "Net Income Including Noncontrolling Interests": 107866000.0,
        "Net Income Continuous Operations": 107866000.0,
        "Tax Provision": 27463000.0,
        "Pretax Income": 135329000.0,
        "Other Income Expense": NaN,
        "Special Income Charges": NaN,
        "Impairment Of Capital Assets": NaN,
        "Net Non Operating Interest Income Expense": -13108000.0,
        "Interest Expense Non Operating": 13108000.0,
        "Operating Income": 148437000.0,
        "Operating Expense": 56018000.0,
        "Selling General And Administration": 56018000.0,
        "Selling And Marketing Expense": 47743000.0,
        "General And Administrative Expense": 8275000.0,
        "Salaries And Wages": 8275000.0,
        "Gross Profit": 204455000.0,
        "Cost Of Revenue": 458855000.0,
        "Total Revenue": 663310000.0,
        "Operating Revenue": 663310000.0
    },
    "2024-06-30": {
        "Tax Effect Of Unusual Items": 0.0,
        "Tax Rate For Calcs": 0.194,
        "Normalized EBITDA": 423015000.0,
        "Total Unusual Items": NaN,
        "Total Unusual Items Excluding Goodwill": NaN,
        "Net Income From Continuing Operation Net Minority Interest": 102946000.0,
        "Reconciled Depreciation": 281982000.0,
        "Reconciled Cost Of Revenue": 471986000.0,
        "EBITDA": 423015000.0,
        "EBIT": 141033000.0,
        "Net Interest Income": -13292000.0,
        "Interest Expense": 13292000.0,
        "Normalized Income": 102946000.0,
        "Net Income From Continuing And Discontinued Operation": 102946000.0,
        "Total Expenses": 526255000.0,
        "Diluted Average Shares": 111740821.0,
        "Basic Average Shares": 111372434.0,
        "Diluted EPS": 0.81,
        "Basic EPS": 0.81,
        "Diluted NI Availto Com Stockholders": 90438000.0,
        "Net Income Common Stockholders": 90438000.0,
        "Preferred Stock Dividends": 12508000.0,
        "Net Income": 102946000.0,
        "Net Income Including Noncontrolling Interests": 102946000.0,
        "Net Income Continuous Operations": 102946000.0,
        "Tax Provision": 24795000.0,
        "Pretax Income": 127741000.0,
        "Other Income Expense": NaN,
        "Special Income Charges": NaN,
        "Impairment Of Capital Assets": NaN,
        "Net Non Operating Interest Income Expense": -13292000.0,
        "Interest Expense Non Operating": 13292000.0,
        "Operating Income": 141033000.0,
        "Operating Expense": 54269000.0,
        "Selling General And Administration": 54269000.0,
        "Selling And Marketing Expense": 45432000.0,
        "General And Administrative Expense": 8837000.0,
        "Salaries And Wages": 8837000.0,
        "Gross Profit": 195302000.0,
        "Cost Of Revenue": 471986000.0,
        "Total Revenue": 667288000.0,
        "Operating Revenue": 667288000.0
    }
}