{
    "2023-03-31": {
        "Tax Effect Of Unusual Items": NaN,
        "Tax Rate For Calcs": NaN,
        "Normalized EBITDA": NaN,
        "Total Unusual Items": NaN,
        "Total Unusual Items Excluding Goodwill": NaN,
        "Net Income From Continuing Operation Net Minority Interest": NaN,
        "Reconciled Cost Of Revenue": NaN,
        "EBITDA": NaN,
        "EBIT": NaN,
        "Net Interest Income": NaN,
        "Interest Expense": NaN,
        "Interest Income": NaN,
        "Normalized Income": NaN,
        "Net Income From Continuing And Discontinued Operation": NaN,
        "Total Expenses": NaN,
        "Total Operating Income As Reported": NaN,
        "Diluted Average Shares": 3445000.0,
        "Basic Average Shares": 3445000.0,
        "Diluted EPS": -0.2,
        "Basic EPS": -0.2,
        "Diluted NI Availto Com Stockholders": NaN,
        "Net Income Common Stockholders": NaN,
        "Net Income": NaN,
        "Net Income Including Noncontrolling Interests": NaN,
        "Net Income Discontinuous Operations": NaN,
        "Net Income Continuous Operations": NaN,
        "Tax Provision": NaN,
        "Pretax Income": NaN,
        "Other Income Expense": NaN,
        "Special Income Charges": NaN,
        "Impairment Of Capital Assets": NaN,
        "Restructuring And Mergern Acquisition": 0.0,
        "Net Non Operating Interest Income Expense": NaN,
        "Total Other Finance Cost": 197000.0,
        "Interest Expense Non Operating": NaN,
        "Interest Income Non Operating": NaN,
        "Operating Income": NaN,
        "Operating Expense": NaN,
        "Research And Development": NaN,
        "Selling General And Administration": NaN,
        "Selling And Marketing Expense": NaN,
        "General And Administrative Expense": NaN,
        "Other Gand A": NaN,
        "Gross Profit": NaN,
        "Cost Of Revenue": NaN,
        "Total Revenue": NaN,
        "Operating Revenue": NaN
    },
    "2022-12-31": {
        "Tax Effect Of Unusual Items": NaN,
        "Tax Rate For Calcs": NaN,
        "Normalized EBITDA": NaN,
        "Total Unusual Items": NaN,
        "Total Unusual Items Excluding Goodwill": NaN,
        "Net Income From Continuing Operation Net Minority Interest": NaN,
        "Reconciled Cost Of Revenue": NaN,
        "EBITDA": NaN,
        "EBIT": NaN,
        "Net Interest Income": NaN,
        "Interest Expense": NaN,
        "Interest Income": -9000.0,
        "Normalized Income": NaN,
        "Net Income From Continuing And Discontinued Operation": NaN,
        "Total Expenses": NaN,
        "Total Operating Income As Reported": NaN,
        "Diluted Average Shares": NaN,
        "Basic Average Shares": NaN,
        "Diluted EPS": NaN,
        "Basic EPS": NaN,
        "Diluted NI Availto Com Stockholders": NaN,
        "Net Income Common Stockholders": NaN,
        "Net Income": NaN,
        "Net Income Including Noncontrolling Interests": NaN,
        "Net Income Discontinuous Operations": NaN,
        "Net Income Continuous Operations": NaN,
        "Tax Provision": NaN,
        "Pretax Income": NaN,
        "Other Income Expense": 259000.0,
        "Special Income Charges": NaN,
        "Impairment Of Capital Assets": NaN,
        "Restructuring And Mergern Acquisition": 0.0,
        "Net Non Operating Interest Income Expense": NaN,
        "Total Other Finance Cost": NaN,
        "Interest Expense Non Operating": NaN,
        "Interest Income Non Operating": -9000.0,
        "Operating Income": NaN,
        "Operating Expense": NaN,
        "Research And Development": NaN,
        "Selling General And Administration": NaN,
        "Selling And Marketing Expense": NaN,
        "General And Administrative Expense": NaN,
        "Other Gand A": NaN,
        "Gross Profit": NaN,
        "Cost Of Revenue": NaN,
        "Total Revenue": NaN,
        "Operating Revenue": NaN
    },
    "2022-09-30": {
        "Tax Effect Of Unusual Items": NaN,
        "Tax Rate For Calcs": NaN,
        "Normalized EBITDA": NaN,
        "Total Unusual Items": NaN,
        "Total Unusual Items Excluding Goodwill": NaN,
        "Net Income From Continuing Operation Net Minority Interest": NaN,
        "Reconciled Cost Of Revenue": NaN,
        "EBITDA": NaN,
        "EBIT": NaN,
        "Net Interest Income": NaN,
        "Interest Expense": NaN,
        "Interest Income": 35000.0,
        "Normalized Income": NaN,
        "Net Income From Continuing And Discontinued Operation": NaN,
        "Total Expenses": NaN,
        "Total Operating Income As Reported": NaN,
        "Diluted Average Shares": NaN,
        "Basic Average Shares": NaN,
        "Diluted EPS": NaN,
        "Basic EPS": NaN,
        "Diluted NI Availto Com Stockholders": NaN,
        "Net Income Common Stockholders": NaN,
        "Net Income": NaN,
        "Net Income Including Noncontrolling Interests": NaN,
        "Net Income Discontinuous Operations": -104000.0,
        "Net Income Continuous Operations": NaN,
        "Tax Provision": NaN,
        "Pretax Income": NaN,
        "Other Income Expense": NaN,
        "Special Income Charges": NaN,
        "Impairment Of Capital Assets": NaN,
        "Restructuring And Mergern Acquisition": 0.0,
        "Net Non Operating Interest Income Expense": NaN,
        "Total Other Finance Cost": NaN,
        "Interest Expense Non Operating": NaN,
        "Interest Income Non Operating": 35000.0,
        "Operating Income": NaN,
        "Operating Expense": NaN,
        "Research And Development": NaN,
        "Selling General And Administration": NaN,
        "Selling And Marketing Expense": NaN,
        "General And Administrative Expense": NaN,
        "Other Gand A": NaN,
        "Gross Profit": NaN,
        "Cost Of Revenue": NaN,
        "Total Revenue": NaN,
        "Operating Revenue": NaN
    },
    "2022-06-30": {
        "Tax Effect Of Unusual Items": -12683.591331,
        "Tax Rate For Calcs": 0.022291,
        "Normalized EBITDA": -2326000.0,
        "Total Unusual Items": -569000.0,
        "Total Unusual Items Excluding Goodwill": -569000.0,
        "Net Income From Continuing Operation Net Minority Interest": -3158000.0,
        "Reconciled Cost Of Revenue": 2161000.0,
        "EBITDA": -2895000.0,
        "EBIT": -2895000.0,
        "Net Interest Income": 234000.0,
        "Interest Income": NaN,
        "Normalized Income": -2601683.591331,
        "Net Income From Continuing And Discontinued Operation": -3158000.0,
        "Total Expenses": 7672000.0,
        "Total Operating Income As Reported": -3464000.0,
        "Diluted Average Shares": 3158000.0,
        "Basic Average Shares": 3158000.0,
        "Diluted EPS": -1.0,
        "Basic EPS": -1.0,
        "Diluted NI Availto Com Stockholders": -3158000.0,
        "Net Income Common Stockholders": -3158000.0,
        "Net Income": -3158000.0,
        "Net Income Including Noncontrolling Interests": -3158000.0,
        "Net Income Continuous Operations": -3158000.0,
        "Tax Provision": -72000.0,
        "Pretax Income": -3230000.0,
        "Other Income Expense": -569000.0,
        "Special Income Charges": -569000.0,
        "Impairment Of Capital Assets": 569000.0,
        "Restructuring And Mergern Acquisition": 0.0,
        "Net Non Operating Interest Income Expense": 234000.0,
        "Total Other Finance Cost": -234000.0,
        "Interest Income Non Operating": NaN,
        "Operating Income": -2895000.0,
        "Operating Expense": 5511000.0,
        "Research And Development": 889000.0,
        "Selling General And Administration": 4622000.0,
        "Selling And Marketing Expense": 2624000.0,
        "General And Administrative Expense": 1998000.0,
        "Other Gand A": 1998000.0,
        "Gross Profit": 2616000.0,
        "Cost Of Revenue": 2161000.0,
        "Total Revenue": 4777000.0,
        "Operating Revenue": 4777000.0
    },
    "2022-03-31": {
        "Diluted EPS": -1.6,
        "Total Revenue": 4,
        "Gross Profit": 2,
        "Operating Income": -5,
        "EBIT": -5,
        "Net Income": -5
    },
    "2021-12-31": {
        "Diluted EPS": 45.3,
        "Total Revenue": 4,
        "Gross Profit": 2,
        "Operating Income": -6,
        "EBIT": -6,
        "Net Income": -5
    },
    "2021-09-30": {
        "Diluted EPS": -5.2,
        "Total Revenue": 3,
        "Gross Profit": 2,
        "Operating Income": -4,
        "EBIT": -4,
        "Net Income": -4
    },
    "2021-06-30": {
        "Diluted EPS": -0.9,
        "Total Revenue": 2,
        "Gross Profit": 1,
        "Operating Income": -2,
        "EBIT": -2,
        "Net Income": -2
    },
    "2021-03-31": {
        "Diluted EPS": -44.0,
        "Total Revenue": 1,
        "Gross Profit": 0,
        "Operating Income": -2,
        "EBIT": -2,
        "Net Income": -3
    },
    "2020-12-31": {
        "Diluted EPS": -292.0,
        "Total Revenue": 1,
        "Gross Profit": 0,
        "Operating Income": -5,
        "EBIT": -5,
        "Net Income": -5
    },
    "2020-09-30": {
        "Diluted EPS": -48.0,
        "Total Revenue": 1,
        "Gross Profit": 1,
        "Operating Income": -2,
        "EBIT": -2,
        "Net Income": -1
    },
    "2020-06-30": {
        "Diluted EPS": -4.0,
        "Total Revenue": 1,
        "Gross Profit": 1,
        "Operating Income": -2,
        "EBIT": -2,
        "Net Income": -2
    },
    "2020-03-31": {
        "Diluted EPS": 8.0,
        "Total Revenue": 1,
        "Gross Profit": 1,
        "Operating Income": -3,
        "EBIT": -3,
        "Net Income": 1
    },
    "2019-12-31": {
        "Diluted EPS": -144.0,
        "Total Revenue": 1,
        "Gross Profit": 0,
        "Operating Income": -4,
        "EBIT": -4,
        "Net Income": -11
    },
    "2019-09-30": {
        "Diluted EPS": -32.0,
        "Total Revenue": 1,
        "Gross Profit": 1,
        "Operating Income": -2,
        "EBIT": -2,
        "Net Income": 1
    },
    "2019-06-30": {
        "Diluted EPS": -48.0,
        "Total Revenue": 0,
        "Gross Profit": 0,
        "Operating Income": -2,
        "EBIT": -2,
        "Net Income": 0
    },
    "2019-03-31": {
        "Diluted EPS": -188.0,
        "Total Revenue": 0,
        "Gross Profit": 0,
        "Operating Income": -2,
        "EBIT": -2,
        "Net Income": -2
    },
    "2018-12-31": {
        "Diluted EPS": NaN,
        "Total Revenue": 0,
        "Gross Profit": 0,
        "Operating Income": -2,
        "EBIT": -2,
        "Net Income": -3
    },
    "2018-09-30": {
        "Diluted EPS": -976.0,
        "Total Revenue": 0,
        "Gross Profit": 0,
        "Operating Income": -2,
        "EBIT": -2,
        "Net Income": -5
    },
    "2018-06-30": {
        "Diluted EPS": -800.0,
        "Total Revenue": 0,
        "Gross Profit": 0,
        "Operating Income": -2,
        "EBIT": -2,
        "Net Income": -2
    },
    "2018-03-31": {
        "Diluted EPS": -800.0,
        "Total Revenue": 0,
        "Gross Profit": 0,
        "Operating Income": -2,
        "EBIT": -2,
        "Net Income": -2
    },
    "2017-12-31": {
        "Diluted EPS": -320.0,
        "Total Revenue": 0,
        "Gross Profit": 0,
        "Operating Income": -2,
        "EBIT": -2,
        "Net Income": -2
    },
    "2017-09-30": {
        "Diluted EPS": -720.0,
        "Total Revenue": 0,
        "Gross Profit": 0,
        "Operating Income": -2,
        "EBIT": -2,
        "Net Income": -1
    },
    "2017-06-30": {
        "Diluted EPS": -480.0,
        "Total Revenue": 0,
        "Gross Profit": 0,
        "Operating Income": -2,
        "EBIT": -2,
        "Net Income": -1
    },
    "2017-03-31": {
        "Diluted EPS": -800.0,
        "Total Revenue": 0,
        "Gross Profit": 0,
        "Operating Income": -1,
        "EBIT": -1,
        "Net Income": -1
    },
    "2016-12-31": {
        "Diluted EPS": 0.0,
        "Total Revenue": NaN,
        "Gross Profit": NaN,
        "Operating Income": NaN,
        "EBIT": NaN,
        "Net Income": NaN
    },
    "2023-06-30": {
        "Tax Effect Of Unusual Items": -192301.939058,
        "Tax Rate For Calcs": 0.030471,
        "Normalized EBITDA": 4367000.0,
        "Total Unusual Items": -6311000.0,
        "Total Unusual Items Excluding Goodwill": -6311000.0,
        "Net Income From Continuing Operation Net Minority Interest": -7700000.0,
        "Reconciled Cost Of Revenue": 2463000.0,
        "EBITDA": -1944000.0,
        "EBIT": -1944000.0,
        "Net Interest Income": 313000.0,
        "Interest Expense": NaN,
        "Interest Income": NaN,
        "Normalized Income": -1581301.939058,
        "Net Income From Continuing And Discontinued Operation": -7700000.0,
        "Total Expenses": 8929000.0,
        "Total Operating Income As Reported": -8255000.0,
        "Diluted Average Shares": 3347826.0,
        "Basic Average Shares": 3347826.0,
        "Diluted EPS": -2.3,
        "Basic EPS": -2.3,
        "Diluted NI Availto Com Stockholders": -7700000.0,
        "Net Income Common Stockholders": -7700000.0,
        "Net Income": -7700000.0,
        "Net Income Including Noncontrolling Interests": -7700000.0,
        "Net Income Discontinuous Operations": 0.0,
        "Net Income Continuous Operations": -7700000.0,
        "Tax Provision": -242000.0,
        "Pretax Income": -7942000.0,
        "Other Income Expense": -6311000.0,
        "Special Income Charges": -6311000.0,
        "Impairment Of Capital Assets": 6311000.0,
        "Restructuring And Mergern Acquisition": NaN,
        "Net Non Operating Interest Income Expense": 313000.0,
        "Total Other Finance Cost": -313000.0,
        "Interest Expense Non Operating": NaN,
        "Interest Income Non Operating": NaN,
        "Operating Income": -1944000.0,
        "Operating Expense": 6466000.0,
        "Research And Development": 886000.0,
        "Selling General And Administration": 5580000.0,
        "Selling And Marketing Expense": 4289000.0,
        "General And Administrative Expense": 1291000.0,
        "Other Gand A": 1291000.0,
        "Gross Profit": 4522000.0,
        "Cost Of Revenue": 2463000.0,
        "Total Revenue": 6985000.0,
        "Operating Revenue": 6985000.0
    },
    "2023-09-30": {
        "Tax Effect Of Unusual Items": 0.0,
        "Tax Rate For Calcs": 0.23,
        "Normalized EBITDA": 1496000.0,
        "Total Unusual Items": 0.0,
        "Total Unusual Items Excluding Goodwill": 0.0,
        "Net Income From Continuing Operation Net Minority Interest": 1110000.0,
        "Reconciled Cost Of Revenue": 1543000.0,
        "EBITDA": 1496000.0,
        "EBIT": 1496000.0,
        "Net Interest Income": -652000.0,
        "Interest Expense": 652000.0,
        "Interest Income": NaN,
        "Normalized Income": 1110000.0,
        "Net Income From Continuing And Discontinued Operation": 1192000.0,
        "Total Expenses": 5254000.0,
        "Total Operating Income As Reported": 1496000.0,
        "Diluted Average Shares": 5841905.0,
        "Basic Average Shares": 5841905.0,
        "Diluted EPS": 0.3,
        "Basic EPS": 0.3,
        "Diluted NI Availto Com Stockholders": 1192000.0,
        "Net Income Common Stockholders": 1192000.0,
        "Net Income": 1192000.0,
        "Net Income Including Noncontrolling Interests": 1192000.0,
        "Net Income Discontinuous Operations": 82000.0,
        "Net Income Continuous Operations": 1110000.0,
        "Tax Provision": -266000.0,
        "Pretax Income": 844000.0,
        "Other Income Expense": NaN,
        "Special Income Charges": 0.0,
        "Impairment Of Capital Assets": 0.0,
        "Restructuring And Mergern Acquisition": NaN,
        "Net Non Operating Interest Income Expense": -652000.0,
        "Total Other Finance Cost": NaN,
        "Interest Expense Non Operating": 652000.0,
        "Interest Income Non Operating": NaN,
        "Operating Income": 1496000.0,
        "Operating Expense": 3711000.0,
        "Research And Development": 814000.0,
        "Selling General And Administration": 2897000.0,
        "Selling And Marketing Expense": 1984000.0,
        "General And Administrative Expense": 913000.0,
        "Other Gand A": 913000.0,
        "Gross Profit": 5207000.0,
        "Cost Of Revenue": 1543000.0,
        "Total Revenue": 6750000.0,
        "Operating Revenue": 6750000.0
    },
    "2023-12-31": {
        "Tax Effect Of Unusual Items": -350.649351,
        "Tax Rate For Calcs": 0.012987,
        "Normalized EBITDA": 1614000.0,
        "Total Unusual Items": -27000.0,
        "Total Unusual Items Excluding Goodwill": -27000.0,
        "Net Income From Continuing Operation Net Minority Interest": 1672000.0,
        "Reconciled Cost Of Revenue": 1778000.0,
        "EBITDA": 1587000.0,
        "EBIT": 1587000.0,
        "Net Interest Income": -25000.0,
        "Interest Expense": -107000.0,
        "Interest Income": NaN,
        "Normalized Income": 1698649.350649,
        "Net Income From Continuing And Discontinued Operation": 1672000.0,
        "Total Expenses": 5359000.0,
        "Total Operating Income As Reported": 1748000.0,
        "Diluted Average Shares": NaN,
        "Basic Average Shares": NaN,
        "Diluted EPS": NaN,
        "Basic EPS": NaN,
        "Diluted NI Availto Com Stockholders": 1672000.0,
        "Net Income Common Stockholders": 1672000.0,
        "Net Income": 1672000.0,
        "Net Income Including Noncontrolling Interests": 1672000.0,
        "Net Income Discontinuous Operations": 0.0,
        "Net Income Continuous Operations": 1672000.0,
        "Tax Provision": 22000.0,
        "Pretax Income": 1694000.0,
        "Other Income Expense": -29000.0,
        "Special Income Charges": 0.0,
        "Impairment Of Capital Assets": 0.0,
        "Restructuring And Mergern Acquisition": NaN,
        "Net Non Operating Interest Income Expense": -25000.0,
        "Total Other Finance Cost": NaN,
        "Interest Expense Non Operating": -107000.0,
        "Interest Income Non Operating": NaN,
        "Operating Income": 1748000.0,
        "Operating Expense": 3581000.0,
        "Research And Development": 795000.0,
        "Selling General And Administration": 21000.0,
        "Selling And Marketing Expense": -5859000.0,
        "General And Administrative Expense": 5880000.0,
        "Other Gand A": -627000.0,
        "Gross Profit": 5329000.0,
        "Cost Of Revenue": 1778000.0,
        "Total Revenue": 7107000.0,
        "Operating Revenue": 7107000.0
    },
    "2024-03-31": {
        "Tax Effect Of Unusual Items": 0.0,
        "Tax Rate For Calcs": 0.171461,
        "Normalized EBITDA": 2586000.0,
        "Total Unusual Items": 0.0,
        "Total Unusual Items Excluding Goodwill": 0.0,
        "Net Income From Continuing Operation Net Minority Interest": 1440000.0,
        "Reconciled Cost Of Revenue": 1803000.0,
        "EBITDA": 2586000.0,
        "EBIT": 2586000.0,
        "Net Interest Income": -848000.0,
        "Interest Expense": NaN,
        "Interest Income": NaN,
        "Normalized Income": 1440000.0,
        "Net Income From Continuing And Discontinued Operation": 1440000.0,
        "Total Expenses": 5790000.0,
        "Total Operating Income As Reported": 2586000.0,
        "Diluted Average Shares": 7200000.0,
        "Basic Average Shares": 7200000.0,
        "Diluted EPS": 0.2,
        "Basic EPS": 0.2,
        "Diluted NI Availto Com Stockholders": 1440000.0,
        "Net Income Common Stockholders": 1440000.0,
        "Net Income": 1440000.0,
        "Net Income Including Noncontrolling Interests": 1440000.0,
        "Net Income Discontinuous Operations": 0.0,
        "Net Income Continuous Operations": 1440000.0,
        "Tax Provision": 298000.0,
        "Pretax Income": 1738000.0,
        "Other Income Expense": NaN,
        "Special Income Charges": 0.0,
        "Impairment Of Capital Assets": 0.0,
        "Restructuring And Mergern Acquisition": NaN,
        "Net Non Operating Interest Income Expense": -848000.0,
        "Total Other Finance Cost": 848000.0,
        "Interest Expense Non Operating": NaN,
        "Interest Income Non Operating": NaN,
        "Operating Income": 2586000.0,
        "Operating Expense": 3987000.0,
        "Research And Development": 1022000.0,
        "Selling General And Administration": 2965000.0,
        "Selling And Marketing Expense": 1725000.0,
        "General And Administrative Expense": 1240000.0,
        "Other Gand A": 1240000.0,
        "Gross Profit": 6573000.0,
        "Cost Of Revenue": 1803000.0,
        "Total Revenue": 8376000.0,
        "Operating Revenue": 8376000.0
    },
    "2024-06-30": {
        "Tax Effect Of Unusual Items": 0.0,
        "Tax Rate For Calcs": 0.23,
        "Normalized EBITDA": 2679000.0,
        "Total Unusual Items": 0.0,
        "Total Unusual Items Excluding Goodwill": 0.0,
        "Net Income From Continuing Operation Net Minority Interest": -351000.0,
        "Reconciled Cost Of Revenue": 2051000.0,
        "EBITDA": 2679000.0,
        "EBIT": 2679000.0,
        "Net Interest Income": -2497000.0,
        "Interest Expense": NaN,
        "Interest Income": NaN,
        "Normalized Income": -351000.0,
        "Net Income From Continuing And Discontinued Operation": -351000.0,
        "Total Expenses": 6205000.0,
        "Total Operating Income As Reported": 2679000.0,
        "Diluted Average Shares": 6835601.0,
        "Basic Average Shares": 6835601.0,
        "Diluted EPS": -0.1,
        "Basic EPS": -0.1,
        "Diluted NI Availto Com Stockholders": -351000.0,
        "Net Income Common Stockholders": -351000.0,
        "Net Income": -351000.0,
        "Net Income Including Noncontrolling Interests": -351000.0,
        "Net Income Discontinuous Operations": 0.0,
        "Net Income Continuous Operations": -351000.0,
        "Tax Provision": 533000.0,
        "Pretax Income": 182000.0,
        "Other Income Expense": NaN,
        "Special Income Charges": 0.0,
        "Impairment Of Capital Assets": 0.0,
        "Restructuring And Mergern Acquisition": NaN,
        "Net Non Operating Interest Income Expense": -2497000.0,
        "Total Other Finance Cost": 2497000.0,
        "Interest Expense Non Operating": NaN,
        "Interest Income Non Operating": NaN,
        "Operating Income": 2679000.0,
        "Operating Expense": 4154000.0,
        "Research And Development": 1121000.0,
        "Selling General And Administration": 3033000.0,
        "Selling And Marketing Expense": 1647000.0,
        "General And Administrative Expense": 1386000.0,
        "Other Gand A": 1386000.0,
        "Gross Profit": 6833000.0,
        "Cost Of Revenue": 2051000.0,
        "Total Revenue": 8884000.0,
        "Operating Revenue": 8884000.0
    }
}