{
    "2023-03-31": {
        "Tax Effect Of Unusual Items": 0.0,
        "Tax Rate For Calcs": 0.0,
        "Normalized EBITDA": -2531744.0,
        "Total Unusual Items": NaN,
        "Total Unusual Items Excluding Goodwill": NaN,
        "Net Income From Continuing Operation Net Minority Interest": -2783914.0,
        "Reconciled Depreciation": 95944.0,
        "Reconciled Cost Of Revenue": 248445.0,
        "EBITDA": -2531744.0,
        "EBIT": -2627688.0,
        "Net Interest Income": -156226.0,
        "Interest Expense": 156226.0,
        "Normalized Income": -2783914.0,
        "Net Income From Continuing And Discontinued Operation": -2783914.0,
        "Total Expenses": 2960401.0,
        "Rent Expense Supplemental": 17288.0,
        "Total Operating Income As Reported": -2664236.0,
        "Diluted Average Shares": 10015637.0,
        "Basic Average Shares": 10015637.0,
        "Diluted EPS": -0.28,
        "Basic EPS": -0.28,
        "Diluted NI Availto Com Stockholders": -2783914.0,
        "Net Income Common Stockholders": -2783914.0,
        "Net Income": -2783914.0,
        "Minority Interests": 0.0,
        "Net Income Including Noncontrolling Interests": -2783914.0,
        "Net Income Continuous Operations": -2783914.0,
        "Tax Provision": 0.0,
        "Pretax Income": -2783914.0,
        "Other Income Expense": 36548.0,
        "Other Non Operating Income Expenses": -737.0,
        "Special Income Charges": NaN,
        "Other Special Charges": NaN,
        "Write Off": NaN,
        "Earnings From Equity Interest": 37285.0,
        "Gain On Sale Of Security": NaN,
        "Net Non Operating Interest Income Expense": -156226.0,
        "Interest Expense Non Operating": 156226.0,
        "Operating Income": -2664236.0,
        "Operating Expense": 2711956.0,
        "Research And Development": 92350.0,
        "Selling General And Administration": 2619606.0,
        "Selling And Marketing Expense": 691753.0,
        "General And Administrative Expense": 1927853.0,
        "Other Gand A": 1459010.0,
        "Rent And Landing Fees": 17288.0,
        "Salaries And Wages": 451555.0,
        "Gross Profit": 47720.0,
        "Cost Of Revenue": 248445.0,
        "Total Revenue": 296165.0,
        "Operating Revenue": 296165.0
    },
    "2022-12-31": {
        "Tax Effect Of Unusual Items": 0.0,
        "Tax Rate For Calcs": 0.0,
        "Normalized EBITDA": -2164532.0,
        "Total Unusual Items": 0.0,
        "Total Unusual Items Excluding Goodwill": 0.0,
        "Net Income From Continuing Operation Net Minority Interest": -2417681.0,
        "Reconciled Depreciation": 113747.0,
        "Reconciled Cost Of Revenue": 252138.0,
        "EBITDA": -2164532.0,
        "EBIT": -2278279.0,
        "Net Interest Income": -139402.0,
        "Interest Expense": 139402.0,
        "Normalized Income": -2417681.0,
        "Net Income From Continuing And Discontinued Operation": -2417681.0,
        "Total Expenses": 2529610.0,
        "Rent Expense Supplemental": NaN,
        "Total Operating Income As Reported": -2233283.0,
        "Diluted Average Shares": NaN,
        "Basic Average Shares": NaN,
        "Diluted EPS": NaN,
        "Basic EPS": NaN,
        "Diluted NI Availto Com Stockholders": -2417681.0,
        "Net Income Common Stockholders": -2417681.0,
        "Net Income": -2417681.0,
        "Minority Interests": 0.0,
        "Net Income Including Noncontrolling Interests": -2417681.0,
        "Net Income Continuous Operations": -2417681.0,
        "Tax Provision": 0.0,
        "Pretax Income": -2417681.0,
        "Other Income Expense": -44996.0,
        "Other Non Operating Income Expenses": -36942.0,
        "Special Income Charges": 0.0,
        "Other Special Charges": 0.0,
        "Write Off": NaN,
        "Earnings From Equity Interest": -8054.0,
        "Gain On Sale Of Security": 0.0,
        "Net Non Operating Interest Income Expense": -139402.0,
        "Interest Expense Non Operating": 139402.0,
        "Operating Income": -2233283.0,
        "Operating Expense": 2277472.0,
        "Research And Development": 189762.0,
        "Selling General And Administration": 2087710.0,
        "Selling And Marketing Expense": 517492.0,
        "General And Administrative Expense": 1570218.0,
        "Other Gand A": 1592094.0,
        "Rent And Landing Fees": NaN,
        "Salaries And Wages": 37274.0,
        "Gross Profit": 44189.0,
        "Cost Of Revenue": 252138.0,
        "Total Revenue": 296327.0,
        "Operating Revenue": 296327.0
    },
    "2022-09-30": {
        "Tax Effect Of Unusual Items": NaN,
        "Tax Rate For Calcs": NaN,
        "Normalized EBITDA": NaN,
        "Total Unusual Items": -168520.0,
        "Total Unusual Items Excluding Goodwill": -168520.0,
        "Net Income From Continuing Operation Net Minority Interest": NaN,
        "Reconciled Depreciation": NaN,
        "Reconciled Cost Of Revenue": NaN,
        "EBITDA": NaN,
        "EBIT": NaN,
        "Net Interest Income": NaN,
        "Interest Expense": NaN,
        "Normalized Income": NaN,
        "Net Income From Continuing And Discontinued Operation": NaN,
        "Total Expenses": NaN,
        "Rent Expense Supplemental": 18938.0,
        "Total Operating Income As Reported": NaN,
        "Diluted Average Shares": 9703603.0,
        "Basic Average Shares": 9703603.0,
        "Diluted EPS": -0.56,
        "Basic EPS": -0.56,
        "Diluted NI Availto Com Stockholders": NaN,
        "Net Income Common Stockholders": NaN,
        "Net Income": NaN,
        "Minority Interests": NaN,
        "Net Income Including Noncontrolling Interests": NaN,
        "Net Income Continuous Operations": NaN,
        "Tax Provision": NaN,
        "Pretax Income": NaN,
        "Other Income Expense": NaN,
        "Other Non Operating Income Expenses": NaN,
        "Special Income Charges": 0.0,
        "Other Special Charges": NaN,
        "Write Off": 0.0,
        "Earnings From Equity Interest": NaN,
        "Gain On Sale Of Security": -168520.0,
        "Net Non Operating Interest Income Expense": NaN,
        "Interest Expense Non Operating": NaN,
        "Operating Income": NaN,
        "Operating Expense": NaN,
        "Research And Development": NaN,
        "Selling General And Administration": NaN,
        "Selling And Marketing Expense": NaN,
        "General And Administrative Expense": NaN,
        "Other Gand A": NaN,
        "Rent And Landing Fees": 18938.0,
        "Salaries And Wages": NaN,
        "Gross Profit": NaN,
        "Cost Of Revenue": NaN,
        "Total Revenue": NaN,
        "Operating Revenue": NaN
    },
    "2022-06-30": {
        "Tax Effect Of Unusual Items": 0.0,
        "Tax Rate For Calcs": 0.0,
        "Normalized EBITDA": -1236461.0,
        "Total Unusual Items": -580731.0,
        "Total Unusual Items Excluding Goodwill": -580731.0,
        "Net Income From Continuing Operation Net Minority Interest": -2028474.0,
        "Reconciled Depreciation": 117539.0,
        "Reconciled Cost Of Revenue": 211703.0,
        "EBITDA": -1817192.0,
        "EBIT": -1934731.0,
        "Net Interest Income": -93743.0,
        "Interest Expense": 93743.0,
        "Normalized Income": -1447743.0,
        "Net Income From Continuing And Discontinued Operation": -2028474.0,
        "Total Expenses": 1784392.0,
        "Rent Expense Supplemental": 19656.0,
        "Total Operating Income As Reported": -2843571.0,
        "Diluted Average Shares": 8893281.0,
        "Basic Average Shares": 8893281.0,
        "Diluted EPS": -0.23,
        "Basic EPS": -0.23,
        "Diluted NI Availto Com Stockholders": -2028474.0,
        "Net Income Common Stockholders": -2028474.0,
        "Net Income": -2028474.0,
        "Minority Interests": 0.0,
        "Net Income Including Noncontrolling Interests": -2028474.0,
        "Net Income Continuous Operations": -2028474.0,
        "Tax Provision": 0.0,
        "Pretax Income": -2028474.0,
        "Other Income Expense": -441160.0,
        "Other Non Operating Income Expenses": 151453.0,
        "Special Income Charges": -1350000.0,
        "Other Special Charges": 1350000.0,
        "Write Off": NaN,
        "Earnings From Equity Interest": -11882.0,
        "Gain On Sale Of Security": 769269.0,
        "Net Non Operating Interest Income Expense": -93743.0,
        "Interest Expense Non Operating": 93743.0,
        "Operating Income": -1493571.0,
        "Operating Expense": 1572689.0,
        "Research And Development": 254476.0,
        "Selling General And Administration": 1318213.0,
        "Selling And Marketing Expense": 130395.0,
        "General And Administrative Expense": 1187818.0,
        "Other Gand A": 561037.0,
        "Rent And Landing Fees": 19656.0,
        "Salaries And Wages": 607125.0,
        "Gross Profit": 79118.0,
        "Cost Of Revenue": 211703.0,
        "Total Revenue": 290821.0,
        "Operating Revenue": 290821.0
    },
    "2022-03-31": {
        "Diluted EPS": -0.23,
        "Total Revenue": 0,
        "Gross Profit": 0,
        "Operating Income": -2,
        "EBIT": -2,
        "Net Income": -2
    },
    "2021-12-31": {
        "Diluted EPS": -0.27,
        "Total Revenue": 0,
        "Gross Profit": 0,
        "Operating Income": -2,
        "EBIT": -2,
        "Net Income": -2
    },
    "2021-09-30": {
        "Diluted EPS": -0.2,
        "Total Revenue": 0,
        "Gross Profit": 0,
        "Operating Income": -2,
        "EBIT": -2,
        "Net Income": -2
    },
    "2021-06-30": {
        "Diluted EPS": -0.3,
        "Total Revenue": 0,
        "Gross Profit": 0,
        "Operating Income": -2,
        "EBIT": -2,
        "Net Income": -2
    },
    "2021-03-31": {
        "Diluted EPS": -0.3,
        "Total Revenue": 0,
        "Gross Profit": 0,
        "Operating Income": -2,
        "EBIT": -2,
        "Net Income": -2
    },
    "2020-12-31": {
        "Diluted EPS": -0.4,
        "Total Revenue": 0,
        "Gross Profit": 0,
        "Operating Income": -3,
        "EBIT": -3,
        "Net Income": -3
    },
    "2020-09-30": {
        "Diluted EPS": -0.4,
        "Total Revenue": 0,
        "Gross Profit": 0,
        "Operating Income": -3,
        "EBIT": -3,
        "Net Income": -3
    },
    "2020-06-30": {
        "Diluted EPS": -0.4,
        "Total Revenue": 0,
        "Gross Profit": 0,
        "Operating Income": -3,
        "EBIT": -3,
        "Net Income": -3
    },
    "2020-03-31": {
        "Diluted EPS": -0.4,
        "Total Revenue": 0,
        "Gross Profit": 0,
        "Operating Income": -3,
        "EBIT": -3,
        "Net Income": -3
    },
    "2019-12-31": {
        "Diluted EPS": -0.7,
        "Total Revenue": 0,
        "Gross Profit": 0,
        "Operating Income": -5,
        "EBIT": -5,
        "Net Income": -5
    },
    "2019-09-30": {
        "Diluted EPS": -0.5,
        "Total Revenue": 0,
        "Gross Profit": 0,
        "Operating Income": -5,
        "EBIT": -5,
        "Net Income": -4
    },
    "2019-06-30": {
        "Diluted EPS": -0.6,
        "Total Revenue": 0,
        "Gross Profit": 0,
        "Operating Income": -4,
        "EBIT": -4,
        "Net Income": -4
    },
    "2019-03-31": {
        "Diluted EPS": -0.6,
        "Total Revenue": 0,
        "Gross Profit": 0,
        "Operating Income": -4,
        "EBIT": -4,
        "Net Income": -4
    },
    "2018-12-31": {
        "Diluted EPS": -0.4,
        "Total Revenue": 0,
        "Gross Profit": 0,
        "Operating Income": -3,
        "EBIT": -3,
        "Net Income": -3
    },
    "2018-09-30": {
        "Diluted EPS": -0.3,
        "Total Revenue": 0,
        "Gross Profit": 0,
        "Operating Income": -2,
        "EBIT": -2,
        "Net Income": -2
    },
    "2018-06-30": {
        "Diluted EPS": -0.2,
        "Total Revenue": 0,
        "Gross Profit": 0,
        "Operating Income": -1,
        "EBIT": -1,
        "Net Income": -1
    },
    "2018-03-31": {
        "Diluted EPS": -0.2,
        "Total Revenue": 0,
        "Gross Profit": 0,
        "Operating Income": -1,
        "EBIT": -1,
        "Net Income": -1
    },
    "2017-12-31": {
        "Diluted EPS": -0.2,
        "Total Revenue": 0,
        "Gross Profit": 0,
        "Operating Income": -2,
        "EBIT": -2,
        "Net Income": -2
    },
    "2017-09-30": {
        "Diluted EPS": -0.1,
        "Total Revenue": 0,
        "Gross Profit": 0,
        "Operating Income": -1,
        "EBIT": -1,
        "Net Income": -1
    },
    "2017-06-30": {
        "Diluted EPS": -0.1,
        "Total Revenue": 0,
        "Gross Profit": 0,
        "Operating Income": 0,
        "EBIT": 0,
        "Net Income": 0
    },
    "2017-03-31": {
        "Diluted EPS": -0.1,
        "Total Revenue": 0,
        "Gross Profit": 0,
        "Operating Income": 0,
        "EBIT": 0,
        "Net Income": -1
    },
    "2016-12-31": {
        "Diluted EPS": -0.02,
        "Total Revenue": 0,
        "Gross Profit": 0,
        "Operating Income": 0,
        "EBIT": 0,
        "Net Income": 0
    },
    "2016-09-30": {
        "Diluted EPS": 0.04,
        "Total Revenue": 0,
        "Gross Profit": 0,
        "Operating Income": 0,
        "EBIT": 0,
        "Net Income": 0
    },
    "2016-06-30": {
        "Diluted EPS": -0.01,
        "Total Revenue": NaN,
        "Gross Profit": NaN,
        "Operating Income": 0,
        "EBIT": 0,
        "Net Income": 0
    },
    "2016-03-31": {
        "Diluted EPS": -0.01,
        "Total Revenue": NaN,
        "Gross Profit": NaN,
        "Operating Income": 0,
        "EBIT": 0,
        "Net Income": 0
    },
    "2015-12-31": {
        "Diluted EPS": 0.1,
        "Total Revenue": NaN,
        "Gross Profit": NaN,
        "Operating Income": 0,
        "EBIT": 0,
        "Net Income": 0
    },
    "2015-09-30": {
        "Diluted EPS": -0.1,
        "Total Revenue": NaN,
        "Gross Profit": NaN,
        "Operating Income": 0,
        "EBIT": 0,
        "Net Income": 0
    },
    "2015-06-30": {
        "Diluted EPS": 0.0,
        "Total Revenue": NaN,
        "Gross Profit": NaN,
        "Operating Income": 0,
        "EBIT": 0,
        "Net Income": 0
    },
    "2015-03-31": {
        "Diluted EPS": 0.0,
        "Total Revenue": NaN,
        "Gross Profit": NaN,
        "Operating Income": 0,
        "EBIT": 0,
        "Net Income": 0
    },
    "2014-12-31": {
        "Diluted EPS": 0.0,
        "Total Revenue": NaN,
        "Gross Profit": NaN,
        "Operating Income": NaN,
        "EBIT": NaN,
        "Net Income": NaN
    },
    "2014-09-30": {
        "Diluted EPS": 0.0,
        "Total Revenue": NaN,
        "Gross Profit": NaN,
        "Operating Income": NaN,
        "EBIT": NaN,
        "Net Income": NaN
    },
    "2023-06-30": {
        "Tax Effect Of Unusual Items": 0.0,
        "Tax Rate For Calcs": 0.0,
        "Normalized EBITDA": -1784827.0,
        "Total Unusual Items": -422685.0,
        "Total Unusual Items Excluding Goodwill": -422685.0,
        "Net Income From Continuing Operation Net Minority Interest": -2543313.0,
        "Reconciled Depreciation": 89523.0,
        "Reconciled Cost Of Revenue": 245403.0,
        "EBITDA": -2207512.0,
        "EBIT": -2297035.0,
        "Net Interest Income": -246278.0,
        "Interest Expense": 246278.0,
        "Normalized Income": -2120628.0,
        "Net Income From Continuing And Discontinued Operation": -2543313.0,
        "Total Expenses": 2479924.0,
        "Rent Expense Supplemental": 15973.0,
        "Total Operating Income As Reported": -1864624.0,
        "Diluted Average Shares": 10248193.0,
        "Basic Average Shares": 10248193.0,
        "Diluted EPS": -0.25,
        "Basic EPS": -0.25,
        "Diluted NI Availto Com Stockholders": -2543313.0,
        "Net Income Common Stockholders": -2543313.0,
        "Net Income": -2543313.0,
        "Minority Interests": 0.0,
        "Net Income Including Noncontrolling Interests": -2543313.0,
        "Net Income Continuous Operations": -2543313.0,
        "Tax Provision": 0.0,
        "Pretax Income": -2543313.0,
        "Other Income Expense": -124016.0,
        "Other Non Operating Income Expenses": -616.0,
        "Special Income Charges": -464406.0,
        "Other Special Charges": NaN,
        "Write Off": 464406.0,
        "Earnings From Equity Interest": 299285.0,
        "Gain On Sale Of Security": 41721.0,
        "Net Non Operating Interest Income Expense": -246278.0,
        "Interest Expense Non Operating": 246278.0,
        "Operating Income": -2173019.0,
        "Operating Expense": 2234521.0,
        "Research And Development": 17810.0,
        "Selling General And Administration": 2216711.0,
        "Selling And Marketing Expense": 505217.0,
        "General And Administrative Expense": 1711494.0,
        "Other Gand A": 1241398.0,
        "Rent And Landing Fees": 15973.0,
        "Salaries And Wages": 454123.0,
        "Gross Profit": 61502.0,
        "Cost Of Revenue": 245403.0,
        "Total Revenue": 306905.0,
        "Operating Revenue": 306905.0
    },
    "2023-09-30": {
        "Tax Effect Of Unusual Items": 0.0,
        "Tax Rate For Calcs": 0.0,
        "Normalized EBITDA": -1061602.0,
        "Total Unusual Items": 87173.0,
        "Total Unusual Items Excluding Goodwill": 87173.0,
        "Net Income From Continuing Operation Net Minority Interest": -1485075.0,
        "Reconciled Depreciation": 71654.0,
        "Reconciled Cost Of Revenue": 288083.0,
        "EBITDA": -974429.0,
        "EBIT": -1046083.0,
        "Net Interest Income": -438992.0,
        "Interest Expense": 438992.0,
        "Normalized Income": -1572248.0,
        "Net Income From Continuing And Discontinued Operation": -1485075.0,
        "Total Expenses": 1826926.0,
        "Rent Expense Supplemental": 15338.0,
        "Total Operating Income As Reported": -1141136.0,
        "Diluted Average Shares": 10795489.0,
        "Basic Average Shares": 10795489.0,
        "Diluted EPS": -0.14,
        "Basic EPS": -0.14,
        "Diluted NI Availto Com Stockholders": -1485075.0,
        "Net Income Common Stockholders": -1485075.0,
        "Net Income": -1485075.0,
        "Minority Interests": 0.0,
        "Net Income Including Noncontrolling Interests": -1485075.0,
        "Net Income Continuous Operations": -1485075.0,
        "Tax Provision": 0.0,
        "Pretax Income": -1485075.0,
        "Other Income Expense": 449553.0,
        "Other Non Operating Income Expenses": 7880.0,
        "Special Income Charges": 0.0,
        "Other Special Charges": NaN,
        "Write Off": 0.0,
        "Earnings From Equity Interest": 354500.0,
        "Gain On Sale Of Security": 87173.0,
        "Net Non Operating Interest Income Expense": -438992.0,
        "Interest Expense Non Operating": 438992.0,
        "Operating Income": -1495636.0,
        "Operating Expense": 1538843.0,
        "Research And Development": 0.0,
        "Selling General And Administration": 1538843.0,
        "Selling And Marketing Expense": 437750.0,
        "General And Administrative Expense": 1101093.0,
        "Other Gand A": 542961.0,
        "Rent And Landing Fees": 15338.0,
        "Salaries And Wages": 542794.0,
        "Gross Profit": 43207.0,
        "Cost Of Revenue": 288083.0,
        "Total Revenue": 331290.0,
        "Operating Revenue": 331290.0
    },
    "2023-12-31": {
        "Tax Effect Of Unusual Items": 0.0,
        "Tax Rate For Calcs": 0.0,
        "Normalized EBITDA": -9724489.0,
        "Total Unusual Items": 752186.0,
        "Total Unusual Items Excluding Goodwill": 752186.0,
        "Net Income From Continuing Operation Net Minority Interest": -9555134.0,
        "Reconciled Depreciation": 72825.0,
        "Reconciled Cost Of Revenue": 235562.0,
        "EBITDA": -8972303.0,
        "EBIT": -9045128.0,
        "Net Interest Income": -510006.0,
        "Interest Expense": 510006.0,
        "Normalized Income": -10307320.0,
        "Net Income From Continuing And Discontinued Operation": -9555134.0,
        "Total Expenses": 1170466.0,
        "Rent Expense Supplemental": NaN,
        "Total Operating Income As Reported": -9790852.0,
        "Diluted Average Shares": NaN,
        "Basic Average Shares": NaN,
        "Diluted EPS": NaN,
        "Basic EPS": NaN,
        "Diluted NI Availto Com Stockholders": -9555134.0,
        "Net Income Common Stockholders": -9555134.0,
        "Net Income": -9555134.0,
        "Minority Interests": 0.0,
        "Net Income Including Noncontrolling Interests": -9555134.0,
        "Net Income Continuous Operations": -9555134.0,
        "Tax Provision": 0.0,
        "Pretax Income": -9555134.0,
        "Other Income Expense": -8195983.0,
        "Other Non Operating Income Expenses": -6851.0,
        "Special Income Charges": 692706.0,
        "Other Special Charges": NaN,
        "Write Off": -9727.0,
        "Earnings From Equity Interest": -8941318.0,
        "Gain On Sale Of Security": 59480.0,
        "Net Non Operating Interest Income Expense": -510006.0,
        "Interest Expense Non Operating": 510006.0,
        "Operating Income": -849145.0,
        "Operating Expense": 934904.0,
        "Research And Development": -542.0,
        "Selling General And Administration": 935446.0,
        "Selling And Marketing Expense": 32001.0,
        "General And Administrative Expense": 903445.0,
        "Other Gand A": 839670.0,
        "Rent And Landing Fees": NaN,
        "Salaries And Wages": 112374.0,
        "Gross Profit": 85759.0,
        "Cost Of Revenue": 235562.0,
        "Total Revenue": 321321.0,
        "Operating Revenue": 321321.0
    }
}