{
    "2023-03-31": {
        "Tax Effect Of Unusual Items": NaN,
        "Tax Rate For Calcs": NaN,
        "Normalized EBITDA": NaN,
        "Net Income From Continuing Operation Net Minority Interest": NaN,
        "Reconciled Depreciation": 302000000.0,
        "Reconciled Cost Of Revenue": NaN,
        "EBITDA": NaN,
        "EBIT": NaN,
        "Net Interest Income": NaN,
        "Interest Expense": NaN,
        "Normalized Income": NaN,
        "Net Income From Continuing And Discontinued Operation": NaN,
        "Total Expenses": NaN,
        "Total Operating Income As Reported": NaN,
        "Diluted Average Shares": 495500000.0,
        "Basic Average Shares": 492400000.0,
        "Diluted EPS": 0.35,
        "Basic EPS": 0.35,
        "Diluted NI Availto Com Stockholders": NaN,
        "Net Income Common Stockholders": NaN,
        "Net Income": NaN,
        "Net Income Including Noncontrolling Interests": NaN,
        "Net Income Continuous Operations": NaN,
        "Tax Provision": NaN,
        "Pretax Income": NaN,
        "Net Non Operating Interest Income Expense": NaN,
        "Total Other Finance Cost": NaN,
        "Interest Expense Non Operating": NaN,
        "Operating Income": NaN,
        "Operating Expense": NaN,
        "Other Operating Expenses": NaN,
        "Research And Development": NaN,
        "Selling General And Administration": NaN,
        "Gross Profit": NaN,
        "Cost Of Revenue": NaN,
        "Total Revenue": NaN,
        "Operating Revenue": NaN
    },
    "2022-12-31": {
        "Tax Effect Of Unusual Items": NaN,
        "Tax Rate For Calcs": NaN,
        "Normalized EBITDA": NaN,
        "Net Income From Continuing Operation Net Minority Interest": NaN,
        "Reconciled Depreciation": 276000000.0,
        "Reconciled Cost Of Revenue": NaN,
        "EBITDA": NaN,
        "EBIT": NaN,
        "Net Interest Income": NaN,
        "Interest Expense": NaN,
        "Normalized Income": NaN,
        "Net Income From Continuing And Discontinued Operation": NaN,
        "Total Expenses": NaN,
        "Total Operating Income As Reported": NaN,
        "Diluted Average Shares": NaN,
        "Basic Average Shares": NaN,
        "Diluted EPS": NaN,
        "Basic EPS": NaN,
        "Diluted NI Availto Com Stockholders": NaN,
        "Net Income Common Stockholders": NaN,
        "Net Income": NaN,
        "Net Income Including Noncontrolling Interests": NaN,
        "Net Income Continuous Operations": NaN,
        "Tax Provision": NaN,
        "Pretax Income": NaN,
        "Net Non Operating Interest Income Expense": NaN,
        "Total Other Finance Cost": NaN,
        "Interest Expense Non Operating": NaN,
        "Operating Income": NaN,
        "Operating Expense": NaN,
        "Other Operating Expenses": NaN,
        "Research And Development": NaN,
        "Selling General And Administration": NaN,
        "Gross Profit": NaN,
        "Cost Of Revenue": NaN,
        "Total Revenue": NaN,
        "Operating Revenue": NaN
    },
    "2022-09-30": {
        "Tax Effect Of Unusual Items": NaN,
        "Tax Rate For Calcs": NaN,
        "Normalized EBITDA": NaN,
        "Net Income From Continuing Operation Net Minority Interest": NaN,
        "Reconciled Depreciation": 263000000.0,
        "Reconciled Cost Of Revenue": NaN,
        "EBITDA": NaN,
        "EBIT": NaN,
        "Net Interest Income": NaN,
        "Interest Expense": NaN,
        "Normalized Income": NaN,
        "Net Income From Continuing And Discontinued Operation": NaN,
        "Total Expenses": NaN,
        "Total Operating Income As Reported": NaN,
        "Diluted Average Shares": NaN,
        "Basic Average Shares": NaN,
        "Diluted EPS": NaN,
        "Basic EPS": NaN,
        "Diluted NI Availto Com Stockholders": NaN,
        "Net Income Common Stockholders": NaN,
        "Net Income": NaN,
        "Net Income Including Noncontrolling Interests": NaN,
        "Net Income Continuous Operations": NaN,
        "Tax Provision": NaN,
        "Pretax Income": NaN,
        "Net Non Operating Interest Income Expense": NaN,
        "Total Other Finance Cost": NaN,
        "Interest Expense Non Operating": NaN,
        "Operating Income": NaN,
        "Operating Expense": NaN,
        "Other Operating Expenses": NaN,
        "Research And Development": NaN,
        "Selling General And Administration": NaN,
        "Gross Profit": NaN,
        "Cost Of Revenue": NaN,
        "Total Revenue": NaN,
        "Operating Revenue": NaN
    },
    "2022-06-30": {
        "Tax Effect Of Unusual Items": 0.0,
        "Tax Rate For Calcs": 0.4,
        "Normalized EBITDA": 499000000.0,
        "Net Income From Continuing Operation Net Minority Interest": 148000000.0,
        "Reconciled Depreciation": 321000000.0,
        "Reconciled Cost Of Revenue": 1013000000.0,
        "EBITDA": 499000000.0,
        "EBIT": 178000000.0,
        "Net Interest Income": -53000000.0,
        "Interest Expense": 31000000.0,
        "Normalized Income": 148000000.0,
        "Net Income From Continuing And Discontinued Operation": 148000000.0,
        "Total Expenses": 2017000000.0,
        "Total Operating Income As Reported": 200000000.0,
        "Diluted Average Shares": 494300000.0,
        "Basic Average Shares": 491700000.0,
        "Diluted EPS": 0.3,
        "Basic EPS": 0.3,
        "Diluted NI Availto Com Stockholders": 148000000.0,
        "Net Income Common Stockholders": 148000000.0,
        "Net Income": 148000000.0,
        "Net Income Including Noncontrolling Interests": 148000000.0,
        "Net Income Continuous Operations": 148000000.0,
        "Tax Provision": -1000000.0,
        "Pretax Income": 147000000.0,
        "Net Non Operating Interest Income Expense": -53000000.0,
        "Total Other Finance Cost": 22000000.0,
        "Interest Expense Non Operating": 31000000.0,
        "Operating Income": 200000000.0,
        "Operating Expense": 1004000000.0,
        "Other Operating Expenses": 20000000.0,
        "Research And Development": 181000000.0,
        "Selling General And Administration": 803000000.0,
        "Gross Profit": 1204000000.0,
        "Cost Of Revenue": 1013000000.0,
        "Total Revenue": 2217000000.0,
        "Operating Revenue": 2200000000.0
    },
    "2022-03-31": {
        "Diluted EPS": 0.34,
        "Total Revenue": NaN,
        "Gross Profit": NaN,
        "Operating Income": 246,
        "EBIT": 509,
        "Net Income": 168
    },
    "2021-12-31": {
        "Diluted EPS": 0.28,
        "Total Revenue": NaN,
        "Gross Profit": NaN,
        "Operating Income": 182,
        "EBIT": 439,
        "Net Income": 139
    },
    "2021-09-30": {
        "Diluted EPS": 0.0,
        "Total Revenue": NaN,
        "Gross Profit": NaN,
        "Operating Income": 20,
        "EBIT": 453,
        "Net Income": 2
    },
    "2021-06-30": {
        "Diluted EPS": 0.31,
        "Total Revenue": NaN,
        "Gross Profit": NaN,
        "Operating Income": 229,
        "EBIT": 475,
        "Net Income": 151
    },
    "2021-03-31": {
        "Diluted EPS": 0.17,
        "Total Revenue": NaN,
        "Gross Profit": NaN,
        "Operating Income": 149,
        "EBIT": 433,
        "Net Income": 84
    },
    "2020-12-31": {
        "Diluted EPS": 0.19,
        "Total Revenue": NaN,
        "Gross Profit": 875,
        "Operating Income": 141,
        "EBIT": 558,
        "Net Income": 95
    },
    "2020-09-30": {
        "Diluted EPS": -0.3,
        "Total Revenue": NaN,
        "Gross Profit": 848,
        "Operating Income": -129,
        "EBIT": 301,
        "Net Income": -147
    },
    "2020-06-30": {
        "Diluted EPS": -0.86,
        "Total Revenue": NaN,
        "Gross Profit": 345,
        "Operating Income": -466,
        "EBIT": -67,
        "Net Income": -422
    },
    "2020-03-31": {
        "Diluted EPS": -0.12,
        "Total Revenue": NaN,
        "Gross Profit": 872,
        "Operating Income": -28,
        "EBIT": 352,
        "Net Income": -57
    },
    "2019-12-31": {
        "Diluted EPS": -0.18,
        "Total Revenue": NaN,
        "Gross Profit": 913,
        "Operating Income": -68,
        "EBIT": 310,
        "Net Income": -91
    },
    "2019-09-30": {
        "Diluted EPS": -0.14,
        "Total Revenue": NaN,
        "Gross Profit": 950,
        "Operating Income": -18,
        "EBIT": 351,
        "Net Income": -66
    },
    "2019-06-30": {
        "Diluted EPS": -0.8,
        "Total Revenue": NaN,
        "Gross Profit": 947,
        "Operating Income": -53,
        "EBIT": 308,
        "Net Income": -390
    },
    "2019-03-31": {
        "Diluted EPS": -0.22,
        "Total Revenue": NaN,
        "Gross Profit": 852,
        "Operating Income": -48,
        "EBIT": 300,
        "Net Income": -109
    },
    "2018-12-31": {
        "Diluted EPS": 0.0,
        "Total Revenue": NaN,
        "Gross Profit": NaN,
        "Operating Income": NaN,
        "EBIT": NaN,
        "Net Income": NaN
    },
    "2018-09-30": {
        "Diluted EPS": -0.42,
        "Total Revenue": NaN,
        "Gross Profit": 568,
        "Operating Income": -284,
        "EBIT": 388,
        "Net Income": -207
    },
    "2018-06-30": {
        "Diluted EPS": 0.03,
        "Total Revenue": NaN,
        "Gross Profit": 878,
        "Operating Income": 38,
        "EBIT": 38,
        "Net Income": 15
    },
    "2023-06-30": {
        "Tax Effect Of Unusual Items": 0.0,
        "Tax Rate For Calcs": 0.207,
        "Normalized EBITDA": 558000000.0,
        "Net Income From Continuing Operation Net Minority Interest": 169000000.0,
        "Reconciled Depreciation": 297000000.0,
        "Reconciled Cost Of Revenue": 1059000000.0,
        "EBITDA": 558000000.0,
        "EBIT": 261000000.0,
        "Net Interest Income": -57000000.0,
        "Interest Expense": 48000000.0,
        "Normalized Income": 169000000.0,
        "Net Income From Continuing And Discontinued Operation": 169000000.0,
        "Total Expenses": 2152000000.0,
        "Total Operating Income As Reported": 270000000.0,
        "Diluted Average Shares": 495700000.0,
        "Basic Average Shares": 493200000.0,
        "Diluted EPS": 0.34,
        "Basic EPS": 0.34,
        "Diluted NI Availto Com Stockholders": 169000000.0,
        "Net Income Common Stockholders": 169000000.0,
        "Net Income": 169000000.0,
        "Net Income Including Noncontrolling Interests": 169000000.0,
        "Net Income Continuous Operations": 169000000.0,
        "Tax Provision": 44000000.0,
        "Pretax Income": 213000000.0,
        "Net Non Operating Interest Income Expense": -57000000.0,
        "Total Other Finance Cost": 9000000.0,
        "Interest Expense Non Operating": 48000000.0,
        "Operating Income": 270000000.0,
        "Operating Expense": 1093000000.0,
        "Other Operating Expenses": 44000000.0,
        "Research And Development": 217000000.0,
        "Selling General And Administration": 832000000.0,
        "Gross Profit": 1363000000.0,
        "Cost Of Revenue": 1059000000.0,
        "Total Revenue": 2422000000.0,
        "Operating Revenue": 2402000000.0
    },
    "2023-09-30": {
        "Tax Effect Of Unusual Items": 0.0,
        "Tax Rate For Calcs": 0.143,
        "Normalized EBITDA": 285000000.0,
        "Net Income From Continuing Operation Net Minority Interest": 204000000.0,
        "Reconciled Depreciation": NaN,
        "Reconciled Cost Of Revenue": 1040000000.0,
        "EBITDA": 285000000.0,
        "EBIT": 285000000.0,
        "Net Interest Income": -55000000.0,
        "Interest Expense": 47000000.0,
        "Normalized Income": 204000000.0,
        "Net Income From Continuing And Discontinued Operation": 204000000.0,
        "Total Expenses": 2036000000.0,
        "Total Operating Income As Reported": 293000000.0,
        "Diluted Average Shares": 496300000.0,
        "Basic Average Shares": 493200000.0,
        "Diluted EPS": 0.41,
        "Basic EPS": 0.41,
        "Diluted NI Availto Com Stockholders": 204000000.0,
        "Net Income Common Stockholders": 204000000.0,
        "Net Income": 204000000.0,
        "Net Income Including Noncontrolling Interests": 204000000.0,
        "Net Income Continuous Operations": 204000000.0,
        "Tax Provision": 34000000.0,
        "Pretax Income": 238000000.0,
        "Net Non Operating Interest Income Expense": -55000000.0,
        "Total Other Finance Cost": 8000000.0,
        "Interest Expense Non Operating": 47000000.0,
        "Operating Income": 293000000.0,
        "Operating Expense": 996000000.0,
        "Other Operating Expenses": -3000000.0,
        "Research And Development": 201000000.0,
        "Selling General And Administration": 798000000.0,
        "Gross Profit": 1289000000.0,
        "Cost Of Revenue": 1040000000.0,
        "Total Revenue": 2329000000.0,
        "Operating Revenue": 2303000000.0
    },
    "2023-12-31": {
        "Tax Effect Of Unusual Items": 0.0,
        "Tax Rate For Calcs": 0.085,
        "Normalized EBITDA": 215000000.0,
        "Net Income From Continuing Operation Net Minority Interest": 427000000.0,
        "Reconciled Depreciation": NaN,
        "Reconciled Cost Of Revenue": 1062000000.0,
        "EBITDA": 215000000.0,
        "EBIT": 215000000.0,
        "Net Interest Income": 12000000.0,
        "Interest Expense": 47000000.0,
        "Normalized Income": 427000000.0,
        "Net Income From Continuing And Discontinued Operation": 427000000.0,
        "Total Expenses": 2144000000.0,
        "Total Operating Income As Reported": 208000000.0,
        "Diluted Average Shares": NaN,
        "Basic Average Shares": NaN,
        "Diluted EPS": NaN,
        "Basic EPS": NaN,
        "Diluted NI Availto Com Stockholders": 427000000.0,
        "Net Income Common Stockholders": 427000000.0,
        "Net Income": 427000000.0,
        "Net Income Including Noncontrolling Interests": 427000000.0,
        "Net Income Continuous Operations": 427000000.0,
        "Tax Provision": -259000000.0,
        "Pretax Income": 168000000.0,
        "Net Non Operating Interest Income Expense": 12000000.0,
        "Total Other Finance Cost": -14000000.0,
        "Interest Expense Non Operating": 47000000.0,
        "Operating Income": 208000000.0,
        "Operating Expense": 1082000000.0,
        "Other Operating Expenses": 80000000.0,
        "Research And Development": 208000000.0,
        "Selling General And Administration": 794000000.0,
        "Gross Profit": 1290000000.0,
        "Cost Of Revenue": 1062000000.0,
        "Total Revenue": 2352000000.0,
        "Operating Revenue": 2332000000.0
    },
    "2024-03-31": {
        "Tax Effect Of Unusual Items": 0.0,
        "Tax Rate For Calcs": 0.26,
        "Normalized EBITDA": 676000000.0,
        "Net Income From Continuing Operation Net Minority Interest": 248000000.0,
        "Reconciled Depreciation": 296000000.0,
        "Reconciled Cost Of Revenue": 1077000000.0,
        "EBITDA": 676000000.0,
        "EBIT": 380000000.0,
        "Net Interest Income": -33000000.0,
        "Interest Expense": 45000000.0,
        "Normalized Income": 248000000.0,
        "Net Income From Continuing And Discontinued Operation": 248000000.0,
        "Total Expenses": 2091000000.0,
        "Total Operating Income As Reported": 368000000.0,
        "Diluted Average Shares": 496600000.0,
        "Basic Average Shares": 493800000.0,
        "Diluted EPS": 0.5,
        "Basic EPS": 0.5,
        "Diluted NI Availto Com Stockholders": 248000000.0,
        "Net Income Common Stockholders": 248000000.0,
        "Net Income": 248000000.0,
        "Net Income Including Noncontrolling Interests": 248000000.0,
        "Net Income Continuous Operations": 248000000.0,
        "Tax Provision": 87000000.0,
        "Pretax Income": 335000000.0,
        "Net Non Operating Interest Income Expense": -33000000.0,
        "Total Other Finance Cost": -12000000.0,
        "Interest Expense Non Operating": 45000000.0,
        "Operating Income": 368000000.0,
        "Operating Expense": 1014000000.0,
        "Other Operating Expenses": 13000000.0,
        "Research And Development": 199000000.0,
        "Selling General And Administration": 802000000.0,
        "Gross Profit": 1382000000.0,
        "Cost Of Revenue": 1077000000.0,
        "Total Revenue": 2459000000.0,
        "Operating Revenue": 2444000000.0
    },
    "2024-06-30": {
        "Tax Effect Of Unusual Items": 0.0,
        "Tax Rate For Calcs": 0.204,
        "Normalized EBITDA": 641000000.0,
        "Net Income From Continuing Operation Net Minority Interest": 223000000.0,
        "Reconciled Depreciation": 311000000.0,
        "Reconciled Cost Of Revenue": 1122000000.0,
        "EBITDA": 641000000.0,
        "EBIT": 330000000.0,
        "Net Interest Income": -38000000.0,
        "Interest Expense": 50000000.0,
        "Normalized Income": 223000000.0,
        "Net Income From Continuing And Discontinued Operation": 223000000.0,
        "Total Expenses": 2178000000.0,
        "Total Operating Income As Reported": 318000000.0,
        "Diluted Average Shares": 497000000.0,
        "Basic Average Shares": 494500000.0,
        "Diluted EPS": 0.45,
        "Basic EPS": 0.45,
        "Diluted NI Availto Com Stockholders": 223000000.0,
        "Net Income Common Stockholders": 223000000.0,
        "Net Income": 223000000.0,
        "Net Income Including Noncontrolling Interests": 223000000.0,
        "Net Income Continuous Operations": 223000000.0,
        "Tax Provision": 57000000.0,
        "Pretax Income": 280000000.0,
        "Net Non Operating Interest Income Expense": -38000000.0,
        "Total Other Finance Cost": -12000000.0,
        "Interest Expense Non Operating": 50000000.0,
        "Operating Income": 318000000.0,
        "Operating Expense": 1056000000.0,
        "Other Operating Expenses": -1000000.0,
        "Research And Development": 220000000.0,
        "Selling General And Administration": 837000000.0,
        "Gross Profit": 1374000000.0,
        "Cost Of Revenue": 1122000000.0,
        "Total Revenue": 2496000000.0,
        "Operating Revenue": 2482000000.0
    }
}