{
    "2023-03-31": {
        "Tax Effect Of Unusual Items": NaN,
        "Tax Rate For Calcs": NaN,
        "Normalized EBITDA": NaN,
        "Net Income From Continuing Operation Net Minority Interest": NaN,
        "Reconciled Depreciation": NaN,
        "EBITDA": NaN,
        "EBIT": NaN,
        "Net Interest Income": NaN,
        "Interest Expense": NaN,
        "Interest Income": NaN,
        "Normalized Income": NaN,
        "Net Income From Continuing And Discontinued Operation": NaN,
        "Total Expenses": NaN,
        "Total Operating Income As Reported": NaN,
        "Diluted Average Shares": 58791603.0,
        "Basic Average Shares": 58791603.0,
        "Diluted EPS": -0.27,
        "Basic EPS": -0.27,
        "Diluted NI Availto Com Stockholders": NaN,
        "Net Income Common Stockholders": NaN,
        "Net Income": NaN,
        "Net Income Including Noncontrolling Interests": NaN,
        "Net Income Continuous Operations": NaN,
        "Pretax Income": NaN,
        "Net Non Operating Interest Income Expense": NaN,
        "Interest Expense Non Operating": NaN,
        "Interest Income Non Operating": NaN,
        "Operating Income": NaN,
        "Operating Expense": NaN,
        "Research And Development": NaN,
        "Selling General And Administration": NaN,
        "General And Administrative Expense": NaN,
        "Other Gand A": NaN,
        "Total Revenue": NaN,
        "Operating Revenue": NaN
    },
    "2022-12-31": {
        "Tax Effect Of Unusual Items": 0.0,
        "Tax Rate For Calcs": 0.0,
        "Normalized EBITDA": -12374700.0,
        "Net Income From Continuing Operation Net Minority Interest": -12902162.0,
        "Reconciled Depreciation": 66643.0,
        "EBITDA": -12374700.0,
        "EBIT": -12441343.0,
        "Net Interest Income": 794629.0,
        "Interest Expense": 460819.0,
        "Interest Income": 1255448.0,
        "Normalized Income": -12902162.0,
        "Net Income From Continuing And Discontinued Operation": -12902162.0,
        "Total Expenses": 13696791.0,
        "Total Operating Income As Reported": -13696791.0,
        "Diluted Average Shares": NaN,
        "Basic Average Shares": NaN,
        "Diluted EPS": NaN,
        "Basic EPS": NaN,
        "Diluted NI Availto Com Stockholders": -12902162.0,
        "Net Income Common Stockholders": -12902162.0,
        "Net Income": -12902162.0,
        "Net Income Including Noncontrolling Interests": -12902162.0,
        "Net Income Continuous Operations": -12902162.0,
        "Pretax Income": -12902162.0,
        "Net Non Operating Interest Income Expense": 794629.0,
        "Interest Expense Non Operating": 460819.0,
        "Interest Income Non Operating": 1255448.0,
        "Operating Income": -13696791.0,
        "Operating Expense": 13696791.0,
        "Research And Development": 8961472.0,
        "Selling General And Administration": 4735319.0,
        "General And Administrative Expense": 4735319.0,
        "Other Gand A": 4735319.0,
        "Total Revenue": 0.0,
        "Operating Revenue": 0.0
    },
    "2022-09-30": {
        "Tax Effect Of Unusual Items": NaN,
        "Tax Rate For Calcs": NaN,
        "Normalized EBITDA": NaN,
        "Net Income From Continuing Operation Net Minority Interest": NaN,
        "Reconciled Depreciation": NaN,
        "EBITDA": NaN,
        "EBIT": NaN,
        "Net Interest Income": NaN,
        "Interest Expense": NaN,
        "Interest Income": NaN,
        "Normalized Income": NaN,
        "Net Income From Continuing And Discontinued Operation": NaN,
        "Total Expenses": NaN,
        "Total Operating Income As Reported": NaN,
        "Diluted Average Shares": 58457863.0,
        "Basic Average Shares": 58457863.0,
        "Diluted EPS": -0.25,
        "Basic EPS": -0.25,
        "Diluted NI Availto Com Stockholders": NaN,
        "Net Income Common Stockholders": NaN,
        "Net Income": NaN,
        "Net Income Including Noncontrolling Interests": NaN,
        "Net Income Continuous Operations": NaN,
        "Pretax Income": NaN,
        "Net Non Operating Interest Income Expense": NaN,
        "Interest Expense Non Operating": NaN,
        "Interest Income Non Operating": NaN,
        "Operating Income": NaN,
        "Operating Expense": NaN,
        "Research And Development": NaN,
        "Selling General And Administration": NaN,
        "General And Administrative Expense": NaN,
        "Other Gand A": NaN,
        "Total Revenue": NaN,
        "Operating Revenue": NaN
    },
    "2022-06-30": {
        "Tax Effect Of Unusual Items": 0.0,
        "Tax Rate For Calcs": 0.0,
        "Normalized EBITDA": -17306544.0,
        "Net Income From Continuing Operation Net Minority Interest": -17780951.0,
        "Reconciled Depreciation": 64012.0,
        "EBITDA": -17306544.0,
        "EBIT": -17370556.0,
        "Net Interest Income": -66017.0,
        "Interest Expense": 410395.0,
        "Interest Income": 344378.0,
        "Normalized Income": -17780951.0,
        "Net Income From Continuing And Discontinued Operation": -17780951.0,
        "Total Expenses": 17714934.0,
        "Total Operating Income As Reported": -17714934.0,
        "Diluted Average Shares": 58301491.0,
        "Basic Average Shares": 58301491.0,
        "Diluted EPS": -0.3,
        "Basic EPS": -0.3,
        "Diluted NI Availto Com Stockholders": -17780951.0,
        "Net Income Common Stockholders": -17780951.0,
        "Net Income": -17780951.0,
        "Net Income Including Noncontrolling Interests": -17780951.0,
        "Net Income Continuous Operations": -17780951.0,
        "Pretax Income": -17780951.0,
        "Net Non Operating Interest Income Expense": -66017.0,
        "Interest Expense Non Operating": 410395.0,
        "Interest Income Non Operating": 344378.0,
        "Operating Income": -17714934.0,
        "Operating Expense": 17714934.0,
        "Research And Development": 14570654.0,
        "Selling General And Administration": 3144280.0,
        "General And Administrative Expense": 3144280.0,
        "Other Gand A": 3144280.0,
        "Total Revenue": 0.0,
        "Operating Revenue": 0.0
    },
    "2022-03-31": {
        "Diluted EPS": -0.29,
        "Total Revenue": NaN,
        "Gross Profit": NaN,
        "Operating Income": -16,
        "EBIT": -16,
        "Net Income": -17
    },
    "2021-12-31": {
        "Diluted EPS": -0.27,
        "Total Revenue": NaN,
        "Gross Profit": NaN,
        "Operating Income": -15,
        "EBIT": -16,
        "Net Income": -16
    },
    "2021-09-30": {
        "Diluted EPS": -0.27,
        "Total Revenue": NaN,
        "Gross Profit": NaN,
        "Operating Income": -15,
        "EBIT": -15,
        "Net Income": -16
    },
    "2021-06-30": {
        "Diluted EPS": -0.28,
        "Total Revenue": NaN,
        "Gross Profit": NaN,
        "Operating Income": -15,
        "EBIT": -14,
        "Net Income": -15
    },
    "2021-03-31": {
        "Diluted EPS": -0.25,
        "Total Revenue": NaN,
        "Gross Profit": NaN,
        "Operating Income": -11,
        "EBIT": -11,
        "Net Income": -11
    },
    "2020-12-31": {
        "Diluted EPS": -0.29,
        "Total Revenue": NaN,
        "Gross Profit": NaN,
        "Operating Income": -11,
        "EBIT": -11,
        "Net Income": -11
    },
    "2020-09-30": {
        "Diluted EPS": -0.23,
        "Total Revenue": NaN,
        "Gross Profit": NaN,
        "Operating Income": -8,
        "EBIT": -8,
        "Net Income": -9
    },
    "2020-06-30": {
        "Diluted EPS": -0.25,
        "Total Revenue": NaN,
        "Gross Profit": NaN,
        "Operating Income": -7,
        "EBIT": -7,
        "Net Income": -8
    },
    "2020-03-31": {
        "Diluted EPS": -0.34,
        "Total Revenue": NaN,
        "Gross Profit": NaN,
        "Operating Income": -10,
        "EBIT": -9,
        "Net Income": -10
    },
    "2019-12-31": {
        "Diluted EPS": -0.48,
        "Total Revenue": NaN,
        "Gross Profit": NaN,
        "Operating Income": -13,
        "EBIT": -13,
        "Net Income": -13
    },
    "2019-09-30": {
        "Diluted EPS": -0.69,
        "Total Revenue": NaN,
        "Gross Profit": NaN,
        "Operating Income": -19,
        "EBIT": -19,
        "Net Income": -19
    },
    "2019-06-30": {
        "Diluted EPS": -0.49,
        "Total Revenue": NaN,
        "Gross Profit": NaN,
        "Operating Income": -14,
        "EBIT": -14,
        "Net Income": -13
    },
    "2019-03-31": {
        "Diluted EPS": -0.58,
        "Total Revenue": NaN,
        "Gross Profit": NaN,
        "Operating Income": -17,
        "EBIT": -18,
        "Net Income": -16
    },
    "2018-12-31": {
        "Diluted EPS": -0.38,
        "Total Revenue": NaN,
        "Gross Profit": NaN,
        "Operating Income": -11,
        "EBIT": -11,
        "Net Income": -11
    },
    "2018-09-30": {
        "Diluted EPS": -0.52,
        "Total Revenue": NaN,
        "Gross Profit": NaN,
        "Operating Income": -11,
        "EBIT": -11,
        "Net Income": -11
    },
    "2018-06-30": {
        "Diluted EPS": -0.46,
        "Total Revenue": NaN,
        "Gross Profit": NaN,
        "Operating Income": -9,
        "EBIT": -9,
        "Net Income": -9
    },
    "2018-03-31": {
        "Diluted EPS": -0.43,
        "Total Revenue": NaN,
        "Gross Profit": NaN,
        "Operating Income": -8,
        "EBIT": -8,
        "Net Income": -8
    },
    "2017-12-31": {
        "Diluted EPS": -0.36,
        "Total Revenue": NaN,
        "Gross Profit": NaN,
        "Operating Income": -7,
        "EBIT": -7,
        "Net Income": -7
    },
    "2017-09-30": {
        "Diluted EPS": -0.32,
        "Total Revenue": NaN,
        "Gross Profit": NaN,
        "Operating Income": -5,
        "EBIT": -5,
        "Net Income": -5
    },
    "2017-06-30": {
        "Diluted EPS": -0.35,
        "Total Revenue": NaN,
        "Gross Profit": NaN,
        "Operating Income": -5,
        "EBIT": -5,
        "Net Income": -5
    },
    "2017-03-31": {
        "Diluted EPS": -0.37,
        "Total Revenue": NaN,
        "Gross Profit": NaN,
        "Operating Income": -5,
        "EBIT": -5,
        "Net Income": -5
    },
    "2016-12-31": {
        "Diluted EPS": -0.35,
        "Total Revenue": NaN,
        "Gross Profit": NaN,
        "Operating Income": -5,
        "EBIT": -5,
        "Net Income": -5
    },
    "2016-09-30": {
        "Diluted EPS": -0.38,
        "Total Revenue": NaN,
        "Gross Profit": NaN,
        "Operating Income": -5,
        "EBIT": -5,
        "Net Income": -5
    },
    "2016-06-30": {
        "Diluted EPS": -0.41,
        "Total Revenue": NaN,
        "Gross Profit": NaN,
        "Operating Income": -4,
        "EBIT": -4,
        "Net Income": -4
    },
    "2016-03-31": {
        "Diluted EPS": -0.51,
        "Total Revenue": NaN,
        "Gross Profit": NaN,
        "Operating Income": -5,
        "EBIT": -5,
        "Net Income": -5
    },
    "2015-12-31": {
        "Diluted EPS": -0.46,
        "Total Revenue": NaN,
        "Gross Profit": NaN,
        "Operating Income": -4,
        "EBIT": -4,
        "Net Income": -4
    },
    "2015-09-30": {
        "Diluted EPS": -0.35,
        "Total Revenue": NaN,
        "Gross Profit": NaN,
        "Operating Income": -3,
        "EBIT": -3,
        "Net Income": -3
    },
    "2015-06-30": {
        "Diluted EPS": -0.27,
        "Total Revenue": NaN,
        "Gross Profit": NaN,
        "Operating Income": -2,
        "EBIT": -2,
        "Net Income": -2
    },
    "2015-03-31": {
        "Diluted EPS": -0.32,
        "Total Revenue": NaN,
        "Gross Profit": NaN,
        "Operating Income": -2,
        "EBIT": -2,
        "Net Income": -2
    },
    "2014-12-31": {
        "Diluted EPS": 2.87,
        "Total Revenue": NaN,
        "Gross Profit": NaN,
        "Operating Income": -2,
        "EBIT": -2,
        "Net Income": -2
    },
    "2014-09-30": {
        "Diluted EPS": -0.36,
        "Total Revenue": NaN,
        "Gross Profit": NaN,
        "Operating Income": -2,
        "EBIT": -2,
        "Net Income": -2
    },
    "2014-06-30": {
        "Diluted EPS": -1.56,
        "Total Revenue": NaN,
        "Gross Profit": NaN,
        "Operating Income": -2,
        "EBIT": -2,
        "Net Income": -5
    },
    "2014-03-31": {
        "Diluted EPS": -4.04,
        "Total Revenue": NaN,
        "Gross Profit": NaN,
        "Operating Income": -1,
        "EBIT": -1,
        "Net Income": 0
    },
    "2013-12-31": {
        "Diluted EPS": 10.7,
        "Total Revenue": NaN,
        "Gross Profit": NaN,
        "Operating Income": -1,
        "EBIT": -1,
        "Net Income": 9
    },
    "2013-09-30": {
        "Diluted EPS": -9.81,
        "Total Revenue": NaN,
        "Gross Profit": NaN,
        "Operating Income": -1,
        "EBIT": -1,
        "Net Income": 1
    },
    "2013-06-30": {
        "Diluted EPS": -5.47,
        "Total Revenue": NaN,
        "Gross Profit": NaN,
        "Operating Income": -1,
        "EBIT": -1,
        "Net Income": -2
    },
    "2013-03-31": {
        "Diluted EPS": -13.03,
        "Total Revenue": NaN,
        "Gross Profit": NaN,
        "Operating Income": 0,
        "EBIT": 0,
        "Net Income": -4
    },
    "2023-06-30": {
        "Tax Effect Of Unusual Items": NaN,
        "Tax Rate For Calcs": NaN,
        "Normalized EBITDA": NaN,
        "Net Income From Continuing Operation Net Minority Interest": NaN,
        "Reconciled Depreciation": NaN,
        "EBITDA": NaN,
        "EBIT": NaN,
        "Net Interest Income": NaN,
        "Interest Expense": NaN,
        "Interest Income": NaN,
        "Normalized Income": NaN,
        "Net Income From Continuing And Discontinued Operation": NaN,
        "Total Expenses": NaN,
        "Total Operating Income As Reported": NaN,
        "Diluted Average Shares": 58791920.0,
        "Basic Average Shares": 58791920.0,
        "Diluted EPS": -0.15,
        "Basic EPS": -0.15,
        "Diluted NI Availto Com Stockholders": NaN,
        "Net Income Common Stockholders": NaN,
        "Net Income": NaN,
        "Net Income Including Noncontrolling Interests": NaN,
        "Net Income Continuous Operations": NaN,
        "Pretax Income": NaN,
        "Net Non Operating Interest Income Expense": NaN,
        "Interest Expense Non Operating": NaN,
        "Interest Income Non Operating": NaN,
        "Operating Income": NaN,
        "Operating Expense": NaN,
        "Research And Development": NaN,
        "Selling General And Administration": NaN,
        "General And Administrative Expense": NaN,
        "Other Gand A": NaN,
        "Total Revenue": NaN,
        "Operating Revenue": NaN
    },
    "2023-09-30": {
        "Tax Effect Of Unusual Items": 0.0,
        "Tax Rate For Calcs": 0.0,
        "Normalized EBITDA": -7583129.0,
        "Net Income From Continuing Operation Net Minority Interest": -8186871.0,
        "Reconciled Depreciation": 64999.0,
        "EBITDA": -7583129.0,
        "EBIT": -7648128.0,
        "Net Interest Income": 1363499.0,
        "Interest Expense": 538743.0,
        "Interest Income": 1902242.0,
        "Normalized Income": -8186871.0,
        "Net Income From Continuing And Discontinued Operation": -8186871.0,
        "Total Expenses": 9550370.0,
        "Total Operating Income As Reported": -9550370.0,
        "Diluted Average Shares": 58990189.0,
        "Basic Average Shares": 58990189.0,
        "Diluted EPS": -0.14,
        "Basic EPS": -0.14,
        "Diluted NI Availto Com Stockholders": -8186871.0,
        "Net Income Common Stockholders": -8186871.0,
        "Net Income": -8186871.0,
        "Net Income Including Noncontrolling Interests": -8186871.0,
        "Net Income Continuous Operations": -8186871.0,
        "Pretax Income": -8186871.0,
        "Net Non Operating Interest Income Expense": 1363499.0,
        "Interest Expense Non Operating": 538743.0,
        "Interest Income Non Operating": 1902242.0,
        "Operating Income": -9550370.0,
        "Operating Expense": 9550370.0,
        "Research And Development": 6961669.0,
        "Selling General And Administration": 2588701.0,
        "General And Administrative Expense": 2588701.0,
        "Other Gand A": 2588701.0,
        "Total Revenue": 0.0,
        "Operating Revenue": 0.0
    },
    "2023-12-31": {
        "Tax Effect Of Unusual Items": 0.0,
        "Tax Rate For Calcs": 0.0,
        "Normalized EBITDA": -4172229.0,
        "Net Income From Continuing Operation Net Minority Interest": -4752962.0,
        "Reconciled Depreciation": 66469.0,
        "EBITDA": -4172229.0,
        "EBIT": -4238698.0,
        "Net Interest Income": 1344816.0,
        "Interest Expense": 514264.0,
        "Interest Income": 1859080.0,
        "Normalized Income": -4752962.0,
        "Net Income From Continuing And Discontinued Operation": -4752962.0,
        "Total Expenses": 6097778.0,
        "Total Operating Income As Reported": -6097778.0,
        "Diluted Average Shares": NaN,
        "Basic Average Shares": NaN,
        "Diluted EPS": NaN,
        "Basic EPS": NaN,
        "Diluted NI Availto Com Stockholders": -4752962.0,
        "Net Income Common Stockholders": -4752962.0,
        "Net Income": -4752962.0,
        "Net Income Including Noncontrolling Interests": -4752962.0,
        "Net Income Continuous Operations": -4752962.0,
        "Pretax Income": -4752962.0,
        "Net Non Operating Interest Income Expense": 1344816.0,
        "Interest Expense Non Operating": 514264.0,
        "Interest Income Non Operating": 1859080.0,
        "Operating Income": -6097778.0,
        "Operating Expense": 6097778.0,
        "Research And Development": 4298282.0,
        "Selling General And Administration": 1799496.0,
        "General And Administrative Expense": 1799496.0,
        "Other Gand A": 1799496.0,
        "Total Revenue": 0.0,
        "Operating Revenue": 0.0
    },
    "2024-03-31": {
        "Tax Effect Of Unusual Items": 0.0,
        "Tax Rate For Calcs": 0.0,
        "Normalized EBITDA": -7522964.0,
        "Net Income From Continuing Operation Net Minority Interest": -8082122.0,
        "Reconciled Depreciation": 60632.0,
        "EBITDA": -7522964.0,
        "EBIT": -7583596.0,
        "Net Interest Income": 1311743.0,
        "Interest Expense": 498526.0,
        "Interest Income": 1810269.0,
        "Normalized Income": -8082122.0,
        "Net Income From Continuing And Discontinued Operation": -8082122.0,
        "Total Expenses": 9393865.0,
        "Total Operating Income As Reported": -9393865.0,
        "Diluted Average Shares": 59414489.0,
        "Basic Average Shares": 59414489.0,
        "Diluted EPS": -0.14,
        "Basic EPS": -0.14,
        "Diluted NI Availto Com Stockholders": -8082122.0,
        "Net Income Common Stockholders": -8082122.0,
        "Net Income": -8082122.0,
        "Net Income Including Noncontrolling Interests": -8082122.0,
        "Net Income Continuous Operations": -8082122.0,
        "Pretax Income": -8082122.0,
        "Net Non Operating Interest Income Expense": 1311743.0,
        "Interest Expense Non Operating": 498526.0,
        "Interest Income Non Operating": 1810269.0,
        "Operating Income": -9393865.0,
        "Operating Expense": 9393865.0,
        "Research And Development": 6183508.0,
        "Selling General And Administration": 3210357.0,
        "General And Administrative Expense": 3210357.0,
        "Other Gand A": 3210357.0,
        "Total Revenue": 0.0,
        "Operating Revenue": 0.0
    },
    "2024-06-30": {
        "Tax Effect Of Unusual Items": 0.0,
        "Tax Rate For Calcs": 0.0,
        "Normalized EBITDA": -16308340.0,
        "Net Income From Continuing Operation Net Minority Interest": -16847572.0,
        "Reconciled Depreciation": 61631.0,
        "EBITDA": -16308340.0,
        "EBIT": -16369971.0,
        "Net Interest Income": 1160235.0,
        "Interest Expense": 477601.0,
        "Interest Income": 1637836.0,
        "Normalized Income": -16847572.0,
        "Net Income From Continuing And Discontinued Operation": -16847572.0,
        "Total Expenses": 18007807.0,
        "Total Operating Income As Reported": -18007807.0,
        "Diluted Average Shares": 59414489.0,
        "Basic Average Shares": 59414489.0,
        "Diluted EPS": -0.28,
        "Basic EPS": -0.28,
        "Diluted NI Availto Com Stockholders": -16847572.0,
        "Net Income Common Stockholders": -16847572.0,
        "Net Income": -16847572.0,
        "Net Income Including Noncontrolling Interests": -16847572.0,
        "Net Income Continuous Operations": -16847572.0,
        "Pretax Income": -16847572.0,
        "Net Non Operating Interest Income Expense": 1160235.0,
        "Interest Expense Non Operating": 477601.0,
        "Interest Income Non Operating": 1637836.0,
        "Operating Income": -18007807.0,
        "Operating Expense": 18007807.0,
        "Research And Development": 14969743.0,
        "Selling General And Administration": 3038064.0,
        "General And Administrative Expense": 3038064.0,
        "Other Gand A": 3038064.0,
        "Total Revenue": 0.0,
        "Operating Revenue": 0.0
    },
    "2024-09-30": {
        "Tax Effect Of Unusual Items": 0.0,
        "Tax Rate For Calcs": 0.0,
        "Normalized EBITDA": -14570744.0,
        "Net Income From Continuing Operation Net Minority Interest": -15112983.0,
        "Reconciled Depreciation": 62987.0,
        "EBITDA": -14570744.0,
        "EBIT": -14633731.0,
        "Net Interest Income": 1024593.0,
        "Interest Expense": 479252.0,
        "Interest Income": 1503845.0,
        "Normalized Income": -15112983.0,
        "Net Income From Continuing And Discontinued Operation": -15112983.0,
        "Total Expenses": 16137576.0,
        "Total Operating Income As Reported": -16137576.0,
        "Diluted Average Shares": 59530113.0,
        "Basic Average Shares": 59530113.0,
        "Diluted EPS": -0.25,
        "Basic EPS": -0.25,
        "Diluted NI Availto Com Stockholders": -15112983.0,
        "Net Income Common Stockholders": -15112983.0,
        "Net Income": -15112983.0,
        "Net Income Including Noncontrolling Interests": -15112983.0,
        "Net Income Continuous Operations": -15112983.0,
        "Pretax Income": -15112983.0,
        "Net Non Operating Interest Income Expense": 1024593.0,
        "Interest Expense Non Operating": 479252.0,
        "Interest Income Non Operating": 1503845.0,
        "Operating Income": -16137576.0,
        "Operating Expense": 16137576.0,
        "Research And Development": 12441509.0,
        "Selling General And Administration": 3696067.0,
        "General And Administrative Expense": 3696067.0,
        "Other Gand A": 3696067.0,
        "Total Revenue": 0.0,
        "Operating Revenue": 0.0
    }
}