{
    "2023-03-31": {
        "Tax Effect Of Unusual Items": NaN,
        "Tax Rate For Calcs": NaN,
        "Normalized EBITDA": NaN,
        "Net Income From Continuing Operation Net Minority Interest": NaN,
        "Reconciled Depreciation": NaN,
        "EBITDA": NaN,
        "EBIT": NaN,
        "Net Interest Income": NaN,
        "Interest Income": NaN,
        "Normalized Income": NaN,
        "Net Income From Continuing And Discontinued Operation": NaN,
        "Total Expenses": NaN,
        "Total Operating Income As Reported": NaN,
        "Diluted Average Shares": 42910065.0,
        "Basic Average Shares": 42910065.0,
        "Diluted EPS": -0.53,
        "Basic EPS": -0.53,
        "Diluted NI Availto Com Stockholders": NaN,
        "Net Income Common Stockholders": NaN,
        "Net Income": NaN,
        "Net Income Including Noncontrolling Interests": NaN,
        "Net Income Continuous Operations": NaN,
        "Tax Provision": NaN,
        "Pretax Income": NaN,
        "Other Income Expense": 254000.0,
        "Other Non Operating Income Expenses": 254000.0,
        "Net Non Operating Interest Income Expense": NaN,
        "Interest Income Non Operating": NaN,
        "Operating Income": NaN,
        "Operating Expense": NaN,
        "Research And Development": NaN,
        "Selling General And Administration": NaN,
        "General And Administrative Expense": NaN,
        "Other Gand A": NaN,
        "Salaries And Wages": NaN,
        "Total Revenue": NaN,
        "Operating Revenue": NaN
    },
    "2022-12-31": {
        "Tax Effect Of Unusual Items": NaN,
        "Tax Rate For Calcs": NaN,
        "Normalized EBITDA": NaN,
        "Net Income From Continuing Operation Net Minority Interest": NaN,
        "Reconciled Depreciation": NaN,
        "EBITDA": NaN,
        "EBIT": NaN,
        "Net Interest Income": NaN,
        "Interest Income": NaN,
        "Normalized Income": NaN,
        "Net Income From Continuing And Discontinued Operation": NaN,
        "Total Expenses": NaN,
        "Total Operating Income As Reported": NaN,
        "Diluted Average Shares": 42836163.0,
        "Basic Average Shares": 42836163.0,
        "Diluted EPS": -0.51,
        "Basic EPS": -0.51,
        "Diluted NI Availto Com Stockholders": NaN,
        "Net Income Common Stockholders": NaN,
        "Net Income": NaN,
        "Net Income Including Noncontrolling Interests": NaN,
        "Net Income Continuous Operations": NaN,
        "Tax Provision": NaN,
        "Pretax Income": NaN,
        "Other Income Expense": NaN,
        "Other Non Operating Income Expenses": NaN,
        "Net Non Operating Interest Income Expense": NaN,
        "Interest Income Non Operating": NaN,
        "Operating Income": NaN,
        "Operating Expense": NaN,
        "Research And Development": NaN,
        "Selling General And Administration": NaN,
        "General And Administrative Expense": NaN,
        "Other Gand A": NaN,
        "Salaries And Wages": NaN,
        "Total Revenue": NaN,
        "Operating Revenue": NaN
    },
    "2022-09-30": {
        "Tax Effect Of Unusual Items": NaN,
        "Tax Rate For Calcs": NaN,
        "Normalized EBITDA": NaN,
        "Net Income From Continuing Operation Net Minority Interest": NaN,
        "Reconciled Depreciation": NaN,
        "EBITDA": NaN,
        "EBIT": NaN,
        "Net Interest Income": NaN,
        "Interest Income": NaN,
        "Normalized Income": NaN,
        "Net Income From Continuing And Discontinued Operation": NaN,
        "Total Expenses": NaN,
        "Total Operating Income As Reported": NaN,
        "Diluted Average Shares": NaN,
        "Basic Average Shares": NaN,
        "Diluted EPS": NaN,
        "Basic EPS": NaN,
        "Diluted NI Availto Com Stockholders": NaN,
        "Net Income Common Stockholders": NaN,
        "Net Income": NaN,
        "Net Income Including Noncontrolling Interests": NaN,
        "Net Income Continuous Operations": NaN,
        "Tax Provision": NaN,
        "Pretax Income": NaN,
        "Other Income Expense": -182000.0,
        "Other Non Operating Income Expenses": -182000.0,
        "Net Non Operating Interest Income Expense": NaN,
        "Interest Income Non Operating": NaN,
        "Operating Income": NaN,
        "Operating Expense": NaN,
        "Research And Development": NaN,
        "Selling General And Administration": NaN,
        "General And Administrative Expense": NaN,
        "Other Gand A": NaN,
        "Salaries And Wages": NaN,
        "Total Revenue": NaN,
        "Operating Revenue": NaN
    },
    "2022-06-30": {
        "Tax Effect Of Unusual Items": 0.0,
        "Tax Rate For Calcs": 0.4,
        "Normalized EBITDA": -19504000.0,
        "Net Income From Continuing Operation Net Minority Interest": -19924000.0,
        "Reconciled Depreciation": 889000.0,
        "EBITDA": -19504000.0,
        "EBIT": -20393000.0,
        "Net Interest Income": 212000.0,
        "Interest Income": 212000.0,
        "Normalized Income": -19924000.0,
        "Net Income From Continuing And Discontinued Operation": -19924000.0,
        "Total Expenses": 24086000.0,
        "Total Operating Income As Reported": -20393000.0,
        "Diluted Average Shares": 42665598.0,
        "Basic Average Shares": 42665598.0,
        "Diluted EPS": -0.47,
        "Basic EPS": -0.47,
        "Diluted NI Availto Com Stockholders": -19924000.0,
        "Net Income Common Stockholders": -19924000.0,
        "Net Income": -19924000.0,
        "Net Income Including Noncontrolling Interests": -19924000.0,
        "Net Income Continuous Operations": -19924000.0,
        "Tax Provision": 47000.0,
        "Pretax Income": -19877000.0,
        "Other Income Expense": 304000.0,
        "Other Non Operating Income Expenses": 304000.0,
        "Net Non Operating Interest Income Expense": 212000.0,
        "Total Other Finance Cost": NaN,
        "Interest Income Non Operating": 212000.0,
        "Operating Income": -20393000.0,
        "Operating Expense": 24086000.0,
        "Research And Development": 16510000.0,
        "Selling General And Administration": 7576000.0,
        "General And Administrative Expense": 7576000.0,
        "Other Gand A": 7576000.0,
        "Salaries And Wages": NaN,
        "Total Revenue": 3693000.0,
        "Operating Revenue": 3693000.0
    },
    "2022-03-31": {
        "Diluted EPS": -0.84,
        "Total Revenue": 3,
        "Gross Profit": 3,
        "Operating Income": -36,
        "EBIT": -35,
        "Net Income": -36
    },
    "2021-12-31": {
        "Diluted EPS": -0.91,
        "Total Revenue": 0,
        "Gross Profit": 0,
        "Operating Income": -38,
        "EBIT": -37,
        "Net Income": -38
    },
    "2021-09-30": {
        "Diluted EPS": -0.78,
        "Total Revenue": 2,
        "Gross Profit": 2,
        "Operating Income": -33,
        "EBIT": -32,
        "Net Income": -33
    },
    "2021-06-30": {
        "Diluted EPS": -0.79,
        "Total Revenue": 2,
        "Gross Profit": 2,
        "Operating Income": -30,
        "EBIT": -29,
        "Net Income": -30
    },
    "2021-03-31": {
        "Diluted EPS": -0.74,
        "Total Revenue": 1,
        "Gross Profit": 1,
        "Operating Income": -28,
        "EBIT": -27,
        "Net Income": -28
    },
    "2020-12-31": {
        "Diluted EPS": -1.09,
        "Total Revenue": NaN,
        "Gross Profit": NaN,
        "Operating Income": -34,
        "EBIT": -33,
        "Net Income": -34
    },
    "2020-09-30": {
        "Diluted EPS": -11.0,
        "Total Revenue": NaN,
        "Gross Profit": NaN,
        "Operating Income": -22,
        "EBIT": -21,
        "Net Income": -33
    },
    "2020-06-30": {
        "Diluted EPS": -7.4,
        "Total Revenue": NaN,
        "Gross Profit": NaN,
        "Operating Income": -21,
        "EBIT": -20,
        "Net Income": -21
    },
    "2020-03-31": {
        "Diluted EPS": -7.56,
        "Total Revenue": NaN,
        "Gross Profit": NaN,
        "Operating Income": -21,
        "EBIT": -20,
        "Net Income": -20
    },
    "2019-12-31": {
        "Diluted EPS": 0.0,
        "Total Revenue": NaN,
        "Gross Profit": NaN,
        "Operating Income": NaN,
        "EBIT": NaN,
        "Net Income": NaN
    },
    "2018-12-31": {
        "Diluted EPS": 0.0,
        "Total Revenue": NaN,
        "Gross Profit": NaN,
        "Operating Income": NaN,
        "EBIT": NaN,
        "Net Income": NaN
    },
    "2023-06-30": {
        "Tax Effect Of Unusual Items": NaN,
        "Tax Rate For Calcs": NaN,
        "Normalized EBITDA": NaN,
        "Net Income From Continuing Operation Net Minority Interest": NaN,
        "Reconciled Depreciation": NaN,
        "EBITDA": NaN,
        "EBIT": NaN,
        "Net Interest Income": NaN,
        "Interest Income": NaN,
        "Normalized Income": NaN,
        "Net Income From Continuing And Discontinued Operation": NaN,
        "Total Expenses": NaN,
        "Total Operating Income As Reported": NaN,
        "Diluted Average Shares": 1728619.0,
        "Basic Average Shares": 1728619.0,
        "Diluted EPS": -10.75,
        "Basic EPS": -10.75,
        "Diluted NI Availto Com Stockholders": NaN,
        "Net Income Common Stockholders": NaN,
        "Net Income": NaN,
        "Net Income Including Noncontrolling Interests": NaN,
        "Net Income Continuous Operations": NaN,
        "Tax Provision": NaN,
        "Pretax Income": NaN,
        "Other Income Expense": 152000.0,
        "Other Non Operating Income Expenses": 152000.0,
        "Net Non Operating Interest Income Expense": NaN,
        "Interest Income Non Operating": NaN,
        "Operating Income": NaN,
        "Operating Expense": NaN,
        "Research And Development": NaN,
        "Selling General And Administration": NaN,
        "General And Administrative Expense": NaN,
        "Other Gand A": NaN,
        "Salaries And Wages": 1625000.0,
        "Total Revenue": NaN,
        "Operating Revenue": NaN
    },
    "2023-09-30": {
        "Tax Effect Of Unusual Items": 0.0,
        "Tax Rate For Calcs": 0.21,
        "Normalized EBITDA": -18390000.0,
        "Net Income From Continuing Operation Net Minority Interest": -18041000.0,
        "Reconciled Depreciation": 681000.0,
        "EBITDA": -18390000.0,
        "EBIT": -19071000.0,
        "Net Interest Income": 1005000.0,
        "Interest Income": 1005000.0,
        "Normalized Income": -18041000.0,
        "Net Income From Continuing And Discontinued Operation": -18041000.0,
        "Total Expenses": 22310000.0,
        "Total Operating Income As Reported": -19071000.0,
        "Diluted Average Shares": 1739847.0,
        "Basic Average Shares": 1739847.0,
        "Diluted EPS": -10.37,
        "Basic EPS": -10.37,
        "Diluted NI Availto Com Stockholders": -18041000.0,
        "Net Income Common Stockholders": -18041000.0,
        "Net Income": -18041000.0,
        "Net Income Including Noncontrolling Interests": -18041000.0,
        "Net Income Continuous Operations": -18041000.0,
        "Tax Provision": 29000.0,
        "Pretax Income": -18012000.0,
        "Other Income Expense": 54000.0,
        "Other Non Operating Income Expenses": 54000.0,
        "Net Non Operating Interest Income Expense": 1005000.0,
        "Interest Income Non Operating": 1005000.0,
        "Operating Income": -19071000.0,
        "Operating Expense": 22310000.0,
        "Research And Development": 15867000.0,
        "Selling General And Administration": 6443000.0,
        "General And Administrative Expense": 6443000.0,
        "Other Gand A": 6443000.0,
        "Salaries And Wages": NaN,
        "Total Revenue": 3239000.0,
        "Operating Revenue": 3239000.0
    },
    "2023-12-31": {
        "Tax Effect Of Unusual Items": 0.0,
        "Tax Rate For Calcs": 0.001074,
        "Normalized EBITDA": -25222000.0,
        "Net Income From Continuing Operation Net Minority Interest": -27892000.0,
        "Reconciled Depreciation": 775000.0,
        "EBITDA": -25222000.0,
        "EBIT": -25997000.0,
        "Net Interest Income": -1465000.0,
        "Interest Income": -1465000.0,
        "Normalized Income": -27892000.0,
        "Net Income From Continuing And Discontinued Operation": -27892000.0,
        "Total Expenses": 28678000.0,
        "Total Operating Income As Reported": -25997000.0,
        "Diluted Average Shares": NaN,
        "Basic Average Shares": NaN,
        "Diluted EPS": NaN,
        "Basic EPS": NaN,
        "Diluted NI Availto Com Stockholders": -27892000.0,
        "Net Income Common Stockholders": -27892000.0,
        "Net Income": -27892000.0,
        "Net Income Including Noncontrolling Interests": -27892000.0,
        "Net Income Continuous Operations": -27892000.0,
        "Tax Provision": -30000.0,
        "Pretax Income": -27922000.0,
        "Other Income Expense": NaN,
        "Other Non Operating Income Expenses": NaN,
        "Net Non Operating Interest Income Expense": -1465000.0,
        "Interest Income Non Operating": -1465000.0,
        "Operating Income": -25997000.0,
        "Operating Expense": 28678000.0,
        "Research And Development": 22257000.0,
        "Selling General And Administration": 6421000.0,
        "General And Administrative Expense": 6421000.0,
        "Other Gand A": 6421000.0,
        "Salaries And Wages": NaN,
        "Total Revenue": 2681000.0,
        "Operating Revenue": 2681000.0
    },
    "2024-03-31": {
        "Tax Effect Of Unusual Items": 0.0,
        "Tax Rate For Calcs": 0.21,
        "Normalized EBITDA": -21372000.0,
        "Net Income From Continuing Operation Net Minority Interest": -34863000.0,
        "Reconciled Depreciation": 674000.0,
        "EBITDA": -21372000.0,
        "EBIT": -22046000.0,
        "Net Interest Income": 580000.0,
        "Interest Income": 580000.0,
        "Normalized Income": -34863000.0,
        "Net Income From Continuing And Discontinued Operation": -34863000.0,
        "Total Expenses": 23032000.0,
        "Total Operating Income As Reported": -22046000.0,
        "Diluted Average Shares": 6246166.0,
        "Basic Average Shares": 6246166.0,
        "Diluted EPS": -5.5,
        "Basic EPS": -5.5,
        "Diluted NI Availto Com Stockholders": -34863000.0,
        "Net Income Common Stockholders": -34863000.0,
        "Net Income": -34863000.0,
        "Net Income Including Noncontrolling Interests": -34863000.0,
        "Net Income Continuous Operations": -34863000.0,
        "Tax Provision": 24000.0,
        "Pretax Income": -34839000.0,
        "Other Income Expense": -13373000.0,
        "Other Non Operating Income Expenses": -13373000.0,
        "Net Non Operating Interest Income Expense": 580000.0,
        "Interest Income Non Operating": 580000.0,
        "Operating Income": -22046000.0,
        "Operating Expense": 23032000.0,
        "Research And Development": 16366000.0,
        "Selling General And Administration": 6666000.0,
        "General And Administrative Expense": 6666000.0,
        "Other Gand A": 6666000.0,
        "Salaries And Wages": NaN,
        "Total Revenue": 986000.0,
        "Operating Revenue": 986000.0
    },
    "2024-06-30": {
        "Tax Effect Of Unusual Items": 0.0,
        "Tax Rate For Calcs": 0.036,
        "Normalized EBITDA": -25804000.0,
        "Net Income From Continuing Operation Net Minority Interest": 5061000.0,
        "Reconciled Depreciation": 610000.0,
        "EBITDA": -25804000.0,
        "EBIT": -26414000.0,
        "Net Interest Income": 319000.0,
        "Interest Income": 319000.0,
        "Normalized Income": 5061000.0,
        "Net Income From Continuing And Discontinued Operation": 5061000.0,
        "Total Expenses": 27475000.0,
        "Total Operating Income As Reported": -26414000.0,
        "Diluted Average Shares": 6265916.0,
        "Basic Average Shares": 6257776.0,
        "Diluted EPS": 0.75,
        "Basic EPS": 0.75,
        "Diluted NI Availto Com Stockholders": 5061000.0,
        "Net Income Common Stockholders": 5061000.0,
        "Net Income": 5061000.0,
        "Net Income Including Noncontrolling Interests": 5061000.0,
        "Net Income Continuous Operations": 5061000.0,
        "Tax Provision": 189000.0,
        "Pretax Income": 5250000.0,
        "Other Income Expense": 31345000.0,
        "Other Non Operating Income Expenses": 31345000.0,
        "Net Non Operating Interest Income Expense": 319000.0,
        "Interest Income Non Operating": 319000.0,
        "Operating Income": -26414000.0,
        "Operating Expense": 27475000.0,
        "Research And Development": 21099000.0,
        "Selling General And Administration": 6376000.0,
        "General And Administrative Expense": 6376000.0,
        "Other Gand A": 6376000.0,
        "Salaries And Wages": NaN,
        "Total Revenue": 1061000.0,
        "Operating Revenue": 1061000.0
    },
    "2024-09-30": {
        "Tax Effect Of Unusual Items": 0.0,
        "Tax Rate For Calcs": 0.21,
        "Normalized EBITDA": -19464000.0,
        "Net Income From Continuing Operation Net Minority Interest": -19259000.0,
        "Reconciled Depreciation": 667000.0,
        "EBITDA": -19464000.0,
        "EBIT": -20131000.0,
        "Net Interest Income": 457000.0,
        "Interest Income": 457000.0,
        "Normalized Income": -19259000.0,
        "Net Income From Continuing And Discontinued Operation": -19259000.0,
        "Total Expenses": 21400000.0,
        "Total Operating Income As Reported": -20131000.0,
        "Diluted Average Shares": 6272291.0,
        "Basic Average Shares": 6272291.0,
        "Diluted EPS": -3.07,
        "Basic EPS": -3.07,
        "Diluted NI Availto Com Stockholders": -19259000.0,
        "Net Income Common Stockholders": -19259000.0,
        "Net Income": -19259000.0,
        "Net Income Including Noncontrolling Interests": -19259000.0,
        "Net Income Continuous Operations": -19259000.0,
        "Tax Provision": 91000.0,
        "Pretax Income": -19168000.0,
        "Other Income Expense": 506000.0,
        "Other Non Operating Income Expenses": 506000.0,
        "Net Non Operating Interest Income Expense": 457000.0,
        "Interest Income Non Operating": 457000.0,
        "Operating Income": -20131000.0,
        "Operating Expense": 21400000.0,
        "Research And Development": 16774000.0,
        "Selling General And Administration": 4626000.0,
        "General And Administrative Expense": 4626000.0,
        "Other Gand A": 4626000.0,
        "Salaries And Wages": NaN,
        "Total Revenue": 1269000.0,
        "Operating Revenue": 1269000.0
    }
}