{
    "2023-03-31": {
        "Tax Effect Of Unusual Items": 0.0,
        "Tax Rate For Calcs": 0.258,
        "Normalized EBITDA": 1331000.0,
        "Total Unusual Items": NaN,
        "Total Unusual Items Excluding Goodwill": NaN,
        "Net Income From Continuing Operation Net Minority Interest": -13130000.0,
        "Reconciled Depreciation": 8013000.0,
        "Reconciled Cost Of Revenue": 25420000.0,
        "EBITDA": 1331000.0,
        "EBIT": -6682000.0,
        "Net Interest Income": -8119000.0,
        "Interest Expense": NaN,
        "Normalized Income": -13130000.0,
        "Net Income From Continuing And Discontinued Operation": -13130000.0,
        "Total Expenses": 45466000.0,
        "Total Operating Income As Reported": -4661000.0,
        "Diluted Average Shares": 267177592.0,
        "Basic Average Shares": 267177592.0,
        "Diluted EPS": -0.049143,
        "Basic EPS": -0.049143,
        "Diluted NI Availto Com Stockholders": -13130000.0,
        "Net Income Common Stockholders": -13130000.0,
        "Net Income": -13130000.0,
        "Minority Interests": 108000.0,
        "Net Income Including Noncontrolling Interests": -13238000.0,
        "Net Income Continuous Operations": -13238000.0,
        "Tax Provision": 458000.0,
        "Pretax Income": -12780000.0,
        "Other Income Expense": 2021000.0,
        "Other Non Operating Income Expenses": 2021000.0,
        "Special Income Charges": NaN,
        "Gain On Sale Of Ppe": NaN,
        "Other Special Charges": NaN,
        "Gain On Sale Of Security": NaN,
        "Net Non Operating Interest Income Expense": -8119000.0,
        "Total Other Finance Cost": 8119000.0,
        "Interest Expense Non Operating": NaN,
        "Operating Income": -6682000.0,
        "Operating Expense": 20046000.0,
        "Other Operating Expenses": NaN,
        "Selling General And Administration": 20046000.0,
        "Selling And Marketing Expense": 1018000.0,
        "General And Administrative Expense": 19028000.0,
        "Other Gand A": 19028000.0,
        "Gross Profit": 13364000.0,
        "Cost Of Revenue": 25420000.0,
        "Total Revenue": 38784000.0,
        "Operating Revenue": 38784000.0
    },
    "2022-09-30": {
        "Tax Effect Of Unusual Items": NaN,
        "Tax Rate For Calcs": NaN,
        "Normalized EBITDA": NaN,
        "Total Unusual Items": -665000.0,
        "Total Unusual Items Excluding Goodwill": -665000.0,
        "Net Income From Continuing Operation Net Minority Interest": NaN,
        "Reconciled Depreciation": 8998000.0,
        "Reconciled Cost Of Revenue": NaN,
        "EBITDA": NaN,
        "EBIT": NaN,
        "Net Interest Income": NaN,
        "Interest Expense": 4081000.0,
        "Normalized Income": NaN,
        "Net Income From Continuing And Discontinued Operation": NaN,
        "Total Expenses": NaN,
        "Total Operating Income As Reported": NaN,
        "Diluted Average Shares": 267177592.0,
        "Basic Average Shares": 267177592.0,
        "Diluted EPS": -0.08,
        "Basic EPS": -0.08,
        "Diluted NI Availto Com Stockholders": NaN,
        "Net Income Common Stockholders": NaN,
        "Net Income": NaN,
        "Minority Interests": NaN,
        "Net Income Including Noncontrolling Interests": NaN,
        "Net Income Continuous Operations": NaN,
        "Tax Provision": NaN,
        "Pretax Income": NaN,
        "Other Income Expense": NaN,
        "Other Non Operating Income Expenses": NaN,
        "Special Income Charges": -1729000.0,
        "Gain On Sale Of Ppe": 1000.0,
        "Other Special Charges": 1730000.0,
        "Gain On Sale Of Security": 1064000.0,
        "Net Non Operating Interest Income Expense": NaN,
        "Total Other Finance Cost": -343000.0,
        "Interest Expense Non Operating": 4081000.0,
        "Operating Income": NaN,
        "Operating Expense": NaN,
        "Other Operating Expenses": -320000.0,
        "Selling General And Administration": NaN,
        "Selling And Marketing Expense": NaN,
        "General And Administrative Expense": NaN,
        "Other Gand A": NaN,
        "Gross Profit": NaN,
        "Cost Of Revenue": NaN,
        "Total Revenue": NaN,
        "Operating Revenue": NaN
    },
    "2022-06-30": {
        "Diluted EPS": 0.0,
        "Total Revenue": NaN,
        "Gross Profit": NaN,
        "Operating Income": NaN,
        "Net Income": NaN
    },
    "2021-12-31": {
        "Diluted EPS": -3.46,
        "Total Revenue": NaN,
        "Gross Profit": NaN,
        "Operating Income": -454,
        "EBIT": -454,
        "Net Income": -374
    },
    "2021-09-30": {
        "Diluted EPS": 0.0,
        "Total Revenue": NaN,
        "Gross Profit": NaN,
        "Operating Income": -2,
        "EBIT": -2,
        "Net Income": 0
    },
    "2021-06-30": {
        "Diluted EPS": 0.02,
        "Total Revenue": NaN,
        "Gross Profit": NaN,
        "Operating Income": -4,
        "EBIT": -4,
        "Net Income": 0
    },
    "2021-03-31": {
        "Diluted EPS": -0.34,
        "Total Revenue": NaN,
        "Gross Profit": NaN,
        "Operating Income": -1,
        "EBIT": -1,
        "Net Income": -4
    },
    "2020-12-31": {
        "Diluted EPS": 0.0,
        "Total Revenue": NaN,
        "Gross Profit": NaN,
        "Operating Income": NaN,
        "EBIT": NaN,
        "Net Income": NaN
    },
    "2020-06-30": {
        "Diluted EPS": 0.0,
        "Total Revenue": NaN,
        "Gross Profit": NaN,
        "Operating Income": -5,
        "EBIT": -5,
        "Net Income": -4
    },
    "2023-09-30": {
        "Tax Effect Of Unusual Items": -14096.507055,
        "Tax Rate For Calcs": 0.002591,
        "Normalized EBITDA": -21927000.0,
        "Total Unusual Items": -5441000.0,
        "Total Unusual Items Excluding Goodwill": -5441000.0,
        "Net Income From Continuing Operation Net Minority Interest": -43015000.0,
        "Reconciled Depreciation": 8374000.0,
        "Reconciled Cost Of Revenue": 23204000.0,
        "EBITDA": -27368000.0,
        "EBIT": -35742000.0,
        "Net Interest Income": -9250000.0,
        "Interest Expense": 7488000.0,
        "Normalized Income": -37588096.507055,
        "Net Income From Continuing And Discontinued Operation": -43015000.0,
        "Total Expenses": 60330000.0,
        "Total Operating Income As Reported": -33323000.0,
        "Diluted Average Shares": 267564249.0,
        "Basic Average Shares": 267564249.0,
        "Diluted EPS": -0.16,
        "Basic EPS": -0.16,
        "Diluted NI Availto Com Stockholders": -43015000.0,
        "Net Income Common Stockholders": -43015000.0,
        "Net Income": -43015000.0,
        "Minority Interests": 103000.0,
        "Net Income Including Noncontrolling Interests": -43118000.0,
        "Net Income Continuous Operations": -43118000.0,
        "Tax Provision": -112000.0,
        "Pretax Income": -43230000.0,
        "Other Income Expense": -2257000.0,
        "Other Non Operating Income Expenses": 3184000.0,
        "Special Income Charges": -4784000.0,
        "Gain On Sale Of Ppe": -4784000.0,
        "Other Special Charges": NaN,
        "Gain On Sale Of Security": -657000.0,
        "Net Non Operating Interest Income Expense": -9250000.0,
        "Total Other Finance Cost": 1762000.0,
        "Interest Expense Non Operating": 7488000.0,
        "Operating Income": -31723000.0,
        "Operating Expense": 37126000.0,
        "Other Operating Expenses": -92000.0,
        "Selling General And Administration": 37218000.0,
        "Selling And Marketing Expense": 565000.0,
        "General And Administrative Expense": 36653000.0,
        "Other Gand A": 36653000.0,
        "Gross Profit": 5403000.0,
        "Cost Of Revenue": 23204000.0,
        "Total Revenue": 28607000.0,
        "Operating Revenue": 28607000.0
    },
    "2023-06-30": {
        "Tax Effect Of Unusual Items": 0.0,
        "Tax Rate For Calcs": 0.258,
        "Normalized EBITDA": -21162000.0,
        "Total Unusual Items": NaN,
        "Total Unusual Items Excluding Goodwill": NaN,
        "Net Income From Continuing Operation Net Minority Interest": -25682000.0,
        "Reconciled Depreciation": NaN,
        "Reconciled Cost Of Revenue": 22332000.0,
        "EBITDA": -21162000.0,
        "EBIT": -21162000.0,
        "Net Interest Income": -6629000.0,
        "Interest Expense": NaN,
        "Normalized Income": -25682000.0,
        "Net Income From Continuing And Discontinued Operation": -25682000.0,
        "Total Expenses": 50588000.0,
        "Total Operating Income As Reported": -19030000.0,
        "Diluted Average Shares": NaN,
        "Basic Average Shares": NaN,
        "Diluted EPS": NaN,
        "Basic EPS": NaN,
        "Diluted NI Availto Com Stockholders": -25682000.0,
        "Net Income Common Stockholders": -25682000.0,
        "Net Income": -25682000.0,
        "Minority Interests": 24000.0,
        "Net Income Including Noncontrolling Interests": -25706000.0,
        "Net Income Continuous Operations": -25706000.0,
        "Tax Provision": 47000.0,
        "Pretax Income": -25659000.0,
        "Other Income Expense": 2132000.0,
        "Other Non Operating Income Expenses": 2132000.0,
        "Special Income Charges": NaN,
        "Gain On Sale Of Ppe": NaN,
        "Other Special Charges": NaN,
        "Gain On Sale Of Security": NaN,
        "Net Non Operating Interest Income Expense": -6629000.0,
        "Total Other Finance Cost": 6629000.0,
        "Interest Expense Non Operating": NaN,
        "Operating Income": -21162000.0,
        "Operating Expense": 28256000.0,
        "Other Operating Expenses": NaN,
        "Selling General And Administration": 28256000.0,
        "Selling And Marketing Expense": 91000.0,
        "General And Administrative Expense": 28165000.0,
        "Other Gand A": 28165000.0,
        "Gross Profit": 7094000.0,
        "Cost Of Revenue": 22332000.0,
        "Total Revenue": 29426000.0,
        "Operating Revenue": 29426000.0
    },
    "2023-12-31": {
        "Tax Effect Of Unusual Items": -5307060.0,
        "Tax Rate For Calcs": 0.258,
        "Normalized EBITDA": 7621000.0,
        "Total Unusual Items": -20570000.0,
        "Total Unusual Items Excluding Goodwill": -20570000.0,
        "Net Income From Continuing Operation Net Minority Interest": -28069000.0,
        "Reconciled Depreciation": 7873000.0,
        "Reconciled Cost Of Revenue": 38303000.0,
        "EBITDA": -12949000.0,
        "EBIT": -20822000.0,
        "Net Interest Income": -2630000.0,
        "Interest Expense": 7285000.0,
        "Normalized Income": -12806060.0,
        "Net Income From Continuing And Discontinued Operation": -28069000.0,
        "Total Expenses": 54017000.0,
        "Total Operating Income As Reported": -14954000.0,
        "Diluted Average Shares": NaN,
        "Basic Average Shares": NaN,
        "Diluted EPS": NaN,
        "Basic EPS": NaN,
        "Diluted NI Availto Com Stockholders": -28069000.0,
        "Net Income Common Stockholders": -28069000.0,
        "Net Income": -28069000.0,
        "Minority Interests": 149000.0,
        "Net Income Including Noncontrolling Interests": -28218000.0,
        "Net Income Continuous Operations": -28218000.0,
        "Tax Provision": 111000.0,
        "Pretax Income": -28107000.0,
        "Other Income Expense": -20096000.0,
        "Other Non Operating Income Expenses": 474000.0,
        "Special Income Charges": -2605000.0,
        "Gain On Sale Of Ppe": -2605000.0,
        "Other Special Charges": NaN,
        "Gain On Sale Of Security": -17965000.0,
        "Net Non Operating Interest Income Expense": -2630000.0,
        "Total Other Finance Cost": -4655000.0,
        "Interest Expense Non Operating": 7285000.0,
        "Operating Income": -5381000.0,
        "Operating Expense": 15714000.0,
        "Other Operating Expenses": -325000.0,
        "Selling General And Administration": 8601000.0,
        "Selling And Marketing Expense": -816000.0,
        "General And Administrative Expense": 9417000.0,
        "Other Gand A": -38891000.0,
        "Gross Profit": 10333000.0,
        "Cost Of Revenue": 38303000.0,
        "Total Revenue": 48636000.0,
        "Operating Revenue": 48636000.0
    },
    "2022-12-31": {
        "Tax Effect Of Unusual Items": 120769.151865,
        "Tax Rate For Calcs": 0.008827,
        "Normalized EBITDA": -38709000.0,
        "Total Unusual Items": 13682000.0,
        "Total Unusual Items Excluding Goodwill": 13682000.0,
        "Net Income From Continuing Operation Net Minority Interest": -36509000.0,
        "Reconciled Depreciation": 7318000.0,
        "Reconciled Cost Of Revenue": 51353000.0,
        "EBITDA": -25027000.0,
        "EBIT": -32345000.0,
        "Net Interest Income": -26729000.0,
        "Interest Expense": 4701000.0,
        "Normalized Income": -50070230.848135,
        "Net Income From Continuing And Discontinued Operation": -36509000.0,
        "Total Expenses": 87820000.0,
        "Total Operating Income As Reported": -36631000.0,
        "Diluted Average Shares": NaN,
        "Basic Average Shares": NaN,
        "Diluted EPS": NaN,
        "Basic EPS": NaN,
        "Diluted NI Availto Com Stockholders": -36509000.0,
        "Net Income Common Stockholders": -36509000.0,
        "Net Income": -36509000.0,
        "Minority Interests": 210000.0,
        "Net Income Including Noncontrolling Interests": -36719000.0,
        "Net Income Continuous Operations": -36719000.0,
        "Tax Provision": -327000.0,
        "Pretax Income": -37046000.0,
        "Other Income Expense": 16615000.0,
        "Other Non Operating Income Expenses": 2933000.0,
        "Special Income Charges": -15361000.0,
        "Gain On Sale Of Ppe": -12529000.0,
        "Other Special Charges": 2832000.0,
        "Gain On Sale Of Security": 29043000.0,
        "Net Non Operating Interest Income Expense": -26729000.0,
        "Total Other Finance Cost": NaN,
        "Interest Expense Non Operating": 4701000.0,
        "Operating Income": -26932000.0,
        "Operating Expense": 36467000.0,
        "Other Operating Expenses": 107000.0,
        "Selling General And Administration": 29543000.0,
        "Selling And Marketing Expense": -1943000.0,
        "General And Administrative Expense": 31486000.0,
        "Other Gand A": -201131000.0,
        "Gross Profit": 9535000.0,
        "Cost Of Revenue": 51353000.0,
        "Total Revenue": 60888000.0,
        "Operating Revenue": 60888000.0
    }
}