{
    "2023-03-31": {
        "Tax Effect Of Unusual Items": NaN,
        "Tax Rate For Calcs": NaN,
        "Normalized EBITDA": NaN,
        "Total Unusual Items": 0.0,
        "Total Unusual Items Excluding Goodwill": 0.0,
        "Net Income From Continuing Operation Net Minority Interest": NaN,
        "Reconciled Depreciation": NaN,
        "EBITDA": NaN,
        "EBIT": NaN,
        "Net Interest Income": NaN,
        "Interest Income": NaN,
        "Normalized Income": NaN,
        "Net Income From Continuing And Discontinued Operation": NaN,
        "Total Expenses": NaN,
        "Total Operating Income As Reported": NaN,
        "Diluted Average Shares": 85845000.0,
        "Basic Average Shares": 85845000.0,
        "Diluted EPS": -0.49,
        "Basic EPS": -0.49,
        "Diluted NI Availto Com Stockholders": NaN,
        "Net Income Common Stockholders": NaN,
        "Net Income": NaN,
        "Net Income Including Noncontrolling Interests": NaN,
        "Net Income Continuous Operations": NaN,
        "Pretax Income": NaN,
        "Other Income Expense": -36000.0,
        "Other Non Operating Income Expenses": -36000.0,
        "Special Income Charges": 0.0,
        "Write Off": 0.0,
        "Net Non Operating Interest Income Expense": NaN,
        "Interest Income Non Operating": NaN,
        "Operating Income": NaN,
        "Operating Expense": NaN,
        "Research And Development": NaN,
        "Selling General And Administration": NaN,
        "General And Administrative Expense": NaN,
        "Other Gand A": NaN,
        "Total Revenue": NaN,
        "Operating Revenue": NaN
    },
    "2022-12-31": {
        "Tax Effect Of Unusual Items": NaN,
        "Tax Rate For Calcs": NaN,
        "Normalized EBITDA": NaN,
        "Total Unusual Items": NaN,
        "Total Unusual Items Excluding Goodwill": NaN,
        "Net Income From Continuing Operation Net Minority Interest": NaN,
        "Reconciled Depreciation": NaN,
        "EBITDA": NaN,
        "EBIT": NaN,
        "Net Interest Income": NaN,
        "Interest Income": NaN,
        "Normalized Income": NaN,
        "Net Income From Continuing And Discontinued Operation": NaN,
        "Total Expenses": NaN,
        "Total Operating Income As Reported": NaN,
        "Diluted Average Shares": 85262000.0,
        "Basic Average Shares": 85262000.0,
        "Diluted EPS": -0.5,
        "Basic EPS": -0.5,
        "Diluted NI Availto Com Stockholders": NaN,
        "Net Income Common Stockholders": NaN,
        "Net Income": NaN,
        "Net Income Including Noncontrolling Interests": NaN,
        "Net Income Continuous Operations": NaN,
        "Pretax Income": NaN,
        "Other Income Expense": 452000.0,
        "Other Non Operating Income Expenses": 452000.0,
        "Special Income Charges": NaN,
        "Write Off": NaN,
        "Net Non Operating Interest Income Expense": NaN,
        "Interest Income Non Operating": NaN,
        "Operating Income": NaN,
        "Operating Expense": NaN,
        "Research And Development": NaN,
        "Selling General And Administration": NaN,
        "General And Administrative Expense": NaN,
        "Other Gand A": NaN,
        "Total Revenue": NaN,
        "Operating Revenue": NaN
    },
    "2022-09-30": {
        "Tax Effect Of Unusual Items": 0.0,
        "Tax Rate For Calcs": 0.0,
        "Normalized EBITDA": -29949000.0,
        "Net Income From Continuing Operation Net Minority Interest": -30837000.0,
        "Reconciled Depreciation": 1496000.0,
        "EBITDA": -29949000.0,
        "EBIT": -31445000.0,
        "Net Interest Income": 711000.0,
        "Interest Income": 711000.0,
        "Normalized Income": -30837000.0,
        "Net Income From Continuing And Discontinued Operation": -30837000.0,
        "Total Expenses": 31445000.0,
        "Total Operating Income As Reported": -31445000.0,
        "Diluted Average Shares": 58169000.0,
        "Basic Average Shares": 58169000.0,
        "Diluted EPS": -0.53,
        "Basic EPS": -0.53,
        "Diluted NI Availto Com Stockholders": -30837000.0,
        "Net Income Common Stockholders": -30837000.0,
        "Net Income": -30837000.0,
        "Net Income Including Noncontrolling Interests": -30837000.0,
        "Net Income Continuous Operations": -30837000.0,
        "Pretax Income": -30837000.0,
        "Other Income Expense": -103000.0,
        "Other Non Operating Income Expenses": -103000.0,
        "Net Non Operating Interest Income Expense": 711000.0,
        "Interest Income Non Operating": 711000.0,
        "Operating Income": -31445000.0,
        "Operating Expense": 31445000.0,
        "Research And Development": 18438000.0,
        "Selling General And Administration": 13007000.0,
        "General And Administrative Expense": 13007000.0,
        "Other Gand A": 13007000.0,
        "Total Revenue": 0.0,
        "Operating Revenue": 0.0
    },
    "2022-06-30": {
        "Tax Effect Of Unusual Items": 0.0,
        "Tax Rate For Calcs": 0.0,
        "Normalized EBITDA": -47176000.0,
        "Net Income From Continuing Operation Net Minority Interest": -49103000.0,
        "Reconciled Depreciation": 1941000.0,
        "EBITDA": -47176000.0,
        "EBIT": -49117000.0,
        "Net Interest Income": 104000.0,
        "Interest Income": 104000.0,
        "Normalized Income": -49103000.0,
        "Net Income From Continuing And Discontinued Operation": -49103000.0,
        "Total Expenses": 49117000.0,
        "Total Operating Income As Reported": -49117000.0,
        "Diluted Average Shares": 54798000.0,
        "Basic Average Shares": 54798000.0,
        "Diluted EPS": -0.9,
        "Basic EPS": -0.9,
        "Diluted NI Availto Com Stockholders": -49103000.0,
        "Net Income Common Stockholders": -49103000.0,
        "Net Income": -49103000.0,
        "Net Income Including Noncontrolling Interests": -49103000.0,
        "Net Income Continuous Operations": -49103000.0,
        "Pretax Income": -49103000.0,
        "Other Income Expense": -90000.0,
        "Other Non Operating Income Expenses": -90000.0,
        "Net Non Operating Interest Income Expense": 104000.0,
        "Interest Income Non Operating": 104000.0,
        "Operating Income": -49117000.0,
        "Operating Expense": 49117000.0,
        "Research And Development": 34448000.0,
        "Selling General And Administration": 14669000.0,
        "General And Administrative Expense": 14669000.0,
        "Other Gand A": 14669000.0,
        "Total Revenue": 0.0,
        "Operating Revenue": 0.0
    },
    "2022-03-31": {
        "Diluted EPS": -3.6,
        "Total Revenue": NaN,
        "Gross Profit": NaN,
        "Operating Income": -196,
        "EBIT": -192,
        "Net Income": -197
    },
    "2021-12-31": {
        "Diluted EPS": -1.74,
        "Total Revenue": NaN,
        "Gross Profit": NaN,
        "Operating Income": -96,
        "EBIT": -94,
        "Net Income": -94
    },
    "2021-09-30": {
        "Diluted EPS": -1.16,
        "Total Revenue": NaN,
        "Gross Profit": NaN,
        "Operating Income": -63,
        "EBIT": -61,
        "Net Income": -63
    },
    "2021-06-30": {
        "Diluted EPS": -1.07,
        "Total Revenue": NaN,
        "Gross Profit": NaN,
        "Operating Income": -57,
        "EBIT": -56,
        "Net Income": -57
    },
    "2021-03-31": {
        "Diluted EPS": -1.04,
        "Total Revenue": NaN,
        "Gross Profit": NaN,
        "Operating Income": -56,
        "EBIT": -55,
        "Net Income": -56
    },
    "2020-12-31": {
        "Diluted EPS": -0.87,
        "Total Revenue": NaN,
        "Gross Profit": NaN,
        "Operating Income": -44,
        "EBIT": -43,
        "Net Income": -44
    },
    "2020-09-30": {
        "Diluted EPS": -0.86,
        "Total Revenue": NaN,
        "Gross Profit": NaN,
        "Operating Income": -42,
        "EBIT": -41,
        "Net Income": -42
    },
    "2020-06-30": {
        "Diluted EPS": -0.8,
        "Total Revenue": NaN,
        "Gross Profit": NaN,
        "Operating Income": -40,
        "EBIT": -39,
        "Net Income": -39
    },
    "2020-03-31": {
        "Diluted EPS": -0.57,
        "Total Revenue": NaN,
        "Gross Profit": NaN,
        "Operating Income": -30,
        "EBIT": -29,
        "Net Income": -28
    },
    "2019-12-31": {
        "Diluted EPS": -0.51,
        "Total Revenue": NaN,
        "Gross Profit": NaN,
        "Operating Income": -27,
        "EBIT": -27,
        "Net Income": -25
    },
    "2019-09-30": {
        "Diluted EPS": -0.47,
        "Total Revenue": NaN,
        "Gross Profit": NaN,
        "Operating Income": -24,
        "EBIT": -24,
        "Net Income": -22
    },
    "2019-06-30": {
        "Diluted EPS": -0.44,
        "Total Revenue": NaN,
        "Gross Profit": NaN,
        "Operating Income": -20,
        "EBIT": -20,
        "Net Income": -19
    },
    "2019-03-31": {
        "Diluted EPS": -0.47,
        "Total Revenue": NaN,
        "Gross Profit": NaN,
        "Operating Income": -21,
        "EBIT": -21,
        "Net Income": -20
    },
    "2018-12-31": {
        "Diluted EPS": 6.5,
        "Total Revenue": NaN,
        "Gross Profit": NaN,
        "Operating Income": -16,
        "EBIT": -16,
        "Net Income": -15
    },
    "2018-09-30": {
        "Diluted EPS": -0.34,
        "Total Revenue": NaN,
        "Gross Profit": NaN,
        "Operating Income": -12,
        "EBIT": -12,
        "Net Income": -11
    },
    "2018-06-30": {
        "Diluted EPS": -4.17,
        "Total Revenue": NaN,
        "Gross Profit": NaN,
        "Operating Income": -10,
        "EBIT": -10,
        "Net Income": -9
    },
    "2018-03-31": {
        "Diluted EPS": -4.19,
        "Total Revenue": NaN,
        "Gross Profit": NaN,
        "Operating Income": -9,
        "EBIT": -9,
        "Net Income": -8
    },
    "2017-12-31": {
        "Diluted EPS": 0.0,
        "Total Revenue": NaN,
        "Gross Profit": NaN,
        "Operating Income": NaN,
        "EBIT": NaN,
        "Net Income": NaN
    },
    "2017-09-30": {
        "Diluted EPS": -3.6,
        "Total Revenue": NaN,
        "Gross Profit": NaN,
        "Operating Income": -6,
        "EBIT": -6,
        "Net Income": -6
    },
    "2017-06-30": {
        "Diluted EPS": -3.18,
        "Total Revenue": NaN,
        "Gross Profit": NaN,
        "Operating Income": -5,
        "EBIT": -5,
        "Net Income": -5
    },
    "2016-12-31": {
        "Diluted EPS": 0.0,
        "Total Revenue": NaN,
        "Gross Profit": NaN,
        "Operating Income": NaN,
        "EBIT": NaN,
        "Net Income": NaN
    },
    "2023-06-30": {
        "Tax Effect Of Unusual Items": NaN,
        "Tax Rate For Calcs": NaN,
        "Normalized EBITDA": NaN,
        "Total Unusual Items": 0.0,
        "Total Unusual Items Excluding Goodwill": 0.0,
        "Net Income From Continuing Operation Net Minority Interest": NaN,
        "Reconciled Depreciation": NaN,
        "EBITDA": NaN,
        "EBIT": NaN,
        "Net Interest Income": NaN,
        "Interest Income": NaN,
        "Normalized Income": NaN,
        "Net Income From Continuing And Discontinued Operation": NaN,
        "Total Expenses": NaN,
        "Total Operating Income As Reported": NaN,
        "Diluted Average Shares": 86646000.0,
        "Basic Average Shares": 86646000.0,
        "Diluted EPS": -0.41,
        "Basic EPS": -0.41,
        "Diluted NI Availto Com Stockholders": NaN,
        "Net Income Common Stockholders": NaN,
        "Net Income": NaN,
        "Net Income Including Noncontrolling Interests": NaN,
        "Net Income Continuous Operations": NaN,
        "Pretax Income": NaN,
        "Other Income Expense": NaN,
        "Other Non Operating Income Expenses": NaN,
        "Special Income Charges": 0.0,
        "Write Off": 0.0,
        "Net Non Operating Interest Income Expense": NaN,
        "Interest Income Non Operating": NaN,
        "Operating Income": NaN,
        "Operating Expense": NaN,
        "Research And Development": NaN,
        "Selling General And Administration": NaN,
        "General And Administrative Expense": NaN,
        "Other Gand A": NaN,
        "Total Revenue": NaN,
        "Operating Revenue": NaN
    },
    "2023-09-30": {
        "Tax Effect Of Unusual Items": 0.0,
        "Tax Rate For Calcs": 0.0,
        "Normalized EBITDA": -46661000.0,
        "Total Unusual Items": 0.0,
        "Total Unusual Items Excluding Goodwill": 0.0,
        "Net Income From Continuing Operation Net Minority Interest": -45626000.0,
        "Reconciled Depreciation": 1549000.0,
        "EBITDA": -46661000.0,
        "EBIT": -48210000.0,
        "Net Interest Income": 2590000.0,
        "Interest Income": 2590000.0,
        "Normalized Income": -45626000.0,
        "Net Income From Continuing And Discontinued Operation": -45626000.0,
        "Total Expenses": 48210000.0,
        "Total Operating Income As Reported": -48210000.0,
        "Diluted Average Shares": 87115000.0,
        "Basic Average Shares": 87115000.0,
        "Diluted EPS": -0.52,
        "Basic EPS": -0.52,
        "Diluted NI Availto Com Stockholders": -45626000.0,
        "Net Income Common Stockholders": -45626000.0,
        "Net Income": -45626000.0,
        "Net Income Including Noncontrolling Interests": -45626000.0,
        "Net Income Continuous Operations": -45626000.0,
        "Pretax Income": -45626000.0,
        "Other Income Expense": -6000.0,
        "Other Non Operating Income Expenses": -6000.0,
        "Special Income Charges": 0.0,
        "Write Off": 0.0,
        "Net Non Operating Interest Income Expense": 2590000.0,
        "Interest Income Non Operating": 2590000.0,
        "Operating Income": -48210000.0,
        "Operating Expense": 48210000.0,
        "Research And Development": 36749000.0,
        "Selling General And Administration": 11461000.0,
        "General And Administrative Expense": 11461000.0,
        "Other Gand A": 11461000.0,
        "Total Revenue": 0.0,
        "Operating Revenue": 0.0
    },
    "2023-12-31": {
        "Tax Effect Of Unusual Items": 0.0,
        "Tax Rate For Calcs": 0.0,
        "Normalized EBITDA": -63436000.0,
        "Total Unusual Items": NaN,
        "Total Unusual Items Excluding Goodwill": NaN,
        "Net Income From Continuing Operation Net Minority Interest": -62551000.0,
        "Reconciled Depreciation": 1547000.0,
        "EBITDA": -63436000.0,
        "EBIT": -64983000.0,
        "Net Interest Income": 2382000.0,
        "Interest Income": 2382000.0,
        "Normalized Income": -62551000.0,
        "Net Income From Continuing And Discontinued Operation": -62551000.0,
        "Total Expenses": 64983000.0,
        "Total Operating Income As Reported": -64983000.0,
        "Diluted Average Shares": NaN,
        "Basic Average Shares": NaN,
        "Diluted EPS": NaN,
        "Basic EPS": NaN,
        "Diluted NI Availto Com Stockholders": -62551000.0,
        "Net Income Common Stockholders": -62551000.0,
        "Net Income": -62551000.0,
        "Net Income Including Noncontrolling Interests": -62551000.0,
        "Net Income Continuous Operations": -62551000.0,
        "Pretax Income": -62551000.0,
        "Other Income Expense": 50000.0,
        "Other Non Operating Income Expenses": 50000.0,
        "Special Income Charges": NaN,
        "Write Off": NaN,
        "Net Non Operating Interest Income Expense": 2382000.0,
        "Interest Income Non Operating": 2382000.0,
        "Operating Income": -64983000.0,
        "Operating Expense": 64983000.0,
        "Research And Development": 53801000.0,
        "Selling General And Administration": 11182000.0,
        "General And Administrative Expense": 11182000.0,
        "Other Gand A": 11182000.0,
        "Total Revenue": 0.0,
        "Operating Revenue": 0.0
    },
    "2024-03-31": {
        "Tax Effect Of Unusual Items": 0.0,
        "Tax Rate For Calcs": 0.0,
        "Normalized EBITDA": -17303000.0,
        "Total Unusual Items": -27347000.0,
        "Total Unusual Items Excluding Goodwill": -27347000.0,
        "Net Income From Continuing Operation Net Minority Interest": -71146000.0,
        "Reconciled Depreciation": 1072000.0,
        "EBITDA": -44650000.0,
        "EBIT": -45722000.0,
        "Net Interest Income": 1995000.0,
        "Interest Income": 1995000.0,
        "Normalized Income": -43799000.0,
        "Net Income From Continuing And Discontinued Operation": -71146000.0,
        "Total Expenses": 45722000.0,
        "Total Operating Income As Reported": -73069000.0,
        "Diluted Average Shares": 88042000.0,
        "Basic Average Shares": 88042000.0,
        "Diluted EPS": -0.81,
        "Basic EPS": -0.81,
        "Diluted NI Availto Com Stockholders": -71146000.0,
        "Net Income Common Stockholders": -71146000.0,
        "Net Income": -71146000.0,
        "Net Income Including Noncontrolling Interests": -71146000.0,
        "Net Income Continuous Operations": -71146000.0,
        "Pretax Income": -71146000.0,
        "Other Income Expense": -27419000.0,
        "Other Non Operating Income Expenses": -72000.0,
        "Special Income Charges": -27347000.0,
        "Write Off": 27347000.0,
        "Net Non Operating Interest Income Expense": 1995000.0,
        "Interest Income Non Operating": 1995000.0,
        "Operating Income": -45722000.0,
        "Operating Expense": 45722000.0,
        "Research And Development": 34824000.0,
        "Selling General And Administration": 10898000.0,
        "General And Administrative Expense": 10898000.0,
        "Other Gand A": 10898000.0,
        "Total Revenue": 0.0,
        "Operating Revenue": 0.0
    },
    "2024-06-30": {
        "Tax Effect Of Unusual Items": 0.0,
        "Tax Rate For Calcs": 0.0,
        "Normalized EBITDA": -27760000.0,
        "Total Unusual Items": 0.0,
        "Total Unusual Items Excluding Goodwill": 0.0,
        "Net Income From Continuing Operation Net Minority Interest": -26676000.0,
        "Reconciled Depreciation": 873000.0,
        "EBITDA": -27760000.0,
        "EBIT": -28633000.0,
        "Net Interest Income": 1959000.0,
        "Interest Income": 1959000.0,
        "Normalized Income": -26676000.0,
        "Net Income From Continuing And Discontinued Operation": -26676000.0,
        "Total Expenses": 28633000.0,
        "Total Operating Income As Reported": -28633000.0,
        "Diluted Average Shares": 88644000.0,
        "Basic Average Shares": 88644000.0,
        "Diluted EPS": -0.3,
        "Basic EPS": -0.3,
        "Diluted NI Availto Com Stockholders": -26676000.0,
        "Net Income Common Stockholders": -26676000.0,
        "Net Income": -26676000.0,
        "Net Income Including Noncontrolling Interests": -26676000.0,
        "Net Income Continuous Operations": -26676000.0,
        "Pretax Income": -26676000.0,
        "Other Income Expense": -2000.0,
        "Other Non Operating Income Expenses": -2000.0,
        "Special Income Charges": 0.0,
        "Write Off": 0.0,
        "Net Non Operating Interest Income Expense": 1959000.0,
        "Interest Income Non Operating": 1959000.0,
        "Operating Income": -28633000.0,
        "Operating Expense": 28633000.0,
        "Research And Development": 19422000.0,
        "Selling General And Administration": 9211000.0,
        "General And Administrative Expense": 9211000.0,
        "Other Gand A": 9211000.0,
        "Total Revenue": 0.0,
        "Operating Revenue": 0.0
    },
    "2024-09-30": {
        "Tax Effect Of Unusual Items": 0.0,
        "Tax Rate For Calcs": 0.0,
        "Normalized EBITDA": -18877000.0,
        "Total Unusual Items": 0.0,
        "Total Unusual Items Excluding Goodwill": 0.0,
        "Net Income From Continuing Operation Net Minority Interest": -18372000.0,
        "Reconciled Depreciation": 873000.0,
        "EBITDA": -18877000.0,
        "EBIT": -19750000.0,
        "Net Interest Income": 1392000.0,
        "Interest Income": 1392000.0,
        "Normalized Income": -18372000.0,
        "Net Income From Continuing And Discontinued Operation": -18372000.0,
        "Total Expenses": 19750000.0,
        "Total Operating Income As Reported": -19750000.0,
        "Diluted Average Shares": 89024000.0,
        "Basic Average Shares": 89024000.0,
        "Diluted EPS": -0.21,
        "Basic EPS": -0.21,
        "Diluted NI Availto Com Stockholders": -18372000.0,
        "Net Income Common Stockholders": -18372000.0,
        "Net Income": -18372000.0,
        "Net Income Including Noncontrolling Interests": -18372000.0,
        "Net Income Continuous Operations": -18372000.0,
        "Pretax Income": -18372000.0,
        "Other Income Expense": -14000.0,
        "Other Non Operating Income Expenses": -14000.0,
        "Special Income Charges": 0.0,
        "Write Off": 0.0,
        "Net Non Operating Interest Income Expense": 1392000.0,
        "Interest Income Non Operating": 1392000.0,
        "Operating Income": -19750000.0,
        "Operating Expense": 19750000.0,
        "Research And Development": 10874000.0,
        "Selling General And Administration": 8876000.0,
        "General And Administrative Expense": 8876000.0,
        "Other Gand A": 8876000.0,
        "Total Revenue": 0.0,
        "Operating Revenue": 0.0
    }
}