{
    "2023-03-31": {
        "Tax Effect Of Unusual Items": 0.0,
        "Tax Rate For Calcs": 0.0,
        "Normalized EBITDA": -95563000.0,
        "Net Income From Continuing Operation Net Minority Interest": -98704000.0,
        "Reconciled Depreciation": 3507000.0,
        "EBITDA": -95563000.0,
        "EBIT": -99070000.0,
        "Net Interest Income": 2059000.0,
        "Interest Income": 2059000.0,
        "Normalized Income": -98704000.0,
        "Net Income From Continuing And Discontinued Operation": -98704000.0,
        "Total Expenses": 99122000.0,
        "Total Operating Income As Reported": -99070000.0,
        "Diluted Average Shares": 144563829.0,
        "Basic Average Shares": 144563829.0,
        "Diluted EPS": -0.68,
        "Basic EPS": -0.68,
        "Diluted NI Availto Com Stockholders": -98704000.0,
        "Net Income Common Stockholders": -98704000.0,
        "Net Income": -98704000.0,
        "Net Income Including Noncontrolling Interests": -98704000.0,
        "Net Income Continuous Operations": -98704000.0,
        "Pretax Income": -98704000.0,
        "Other Income Expense": -1693000.0,
        "Other Non Operating Income Expenses": -1693000.0,
        "Net Non Operating Interest Income Expense": 2059000.0,
        "Interest Income Non Operating": 2059000.0,
        "Operating Income": -99070000.0,
        "Operating Expense": 99122000.0,
        "Research And Development": 80238000.0,
        "Selling General And Administration": 18884000.0,
        "General And Administrative Expense": 18884000.0,
        "Other Gand A": 18884000.0,
        "Total Revenue": 52000.0,
        "Operating Revenue": 52000.0
    },
    "2022-12-31": {
        "Tax Effect Of Unusual Items": 0.0,
        "Tax Rate For Calcs": 0.0,
        "Normalized EBITDA": -93306000.0,
        "Net Income From Continuing Operation Net Minority Interest": -94847000.0,
        "Reconciled Depreciation": 3068000.0,
        "EBITDA": -93306000.0,
        "EBIT": -96374000.0,
        "Net Interest Income": 2757000.0,
        "Interest Income": 2757000.0,
        "Normalized Income": -94847000.0,
        "Net Income From Continuing And Discontinued Operation": -94847000.0,
        "Total Expenses": 96421000.0,
        "Total Operating Income As Reported": -96374000.0,
        "Diluted Average Shares": 144149240.0,
        "Basic Average Shares": 144149240.0,
        "Diluted EPS": -0.66,
        "Basic EPS": -0.66,
        "Diluted NI Availto Com Stockholders": -94847000.0,
        "Net Income Common Stockholders": -94847000.0,
        "Net Income": -94847000.0,
        "Net Income Including Noncontrolling Interests": -94847000.0,
        "Net Income Continuous Operations": -94847000.0,
        "Pretax Income": -94847000.0,
        "Other Income Expense": -1230000.0,
        "Other Non Operating Income Expenses": -1230000.0,
        "Net Non Operating Interest Income Expense": 2757000.0,
        "Interest Income Non Operating": 2757000.0,
        "Operating Income": -96374000.0,
        "Operating Expense": 96421000.0,
        "Research And Development": 75419000.0,
        "Selling General And Administration": 21002000.0,
        "General And Administrative Expense": 21002000.0,
        "Other Gand A": 21002000.0,
        "Total Revenue": 47000.0,
        "Operating Revenue": 47000.0
    },
    "2022-09-30": {
        "Tax Effect Of Unusual Items": 0.0,
        "Tax Rate For Calcs": 0.0,
        "Normalized EBITDA": -78629000.0,
        "Net Income From Continuing Operation Net Minority Interest": -83148000.0,
        "Reconciled Depreciation": 3860000.0,
        "EBITDA": -78629000.0,
        "EBIT": -82489000.0,
        "Net Interest Income": 1002000.0,
        "Interest Income": 1002000.0,
        "Normalized Income": -83148000.0,
        "Net Income From Continuing And Discontinued Operation": -83148000.0,
        "Total Expenses": 82538000.0,
        "Total Operating Income As Reported": -82489000.0,
        "Diluted Average Shares": 143661721.0,
        "Basic Average Shares": 143661721.0,
        "Diluted EPS": -0.58,
        "Basic EPS": -0.58,
        "Diluted NI Availto Com Stockholders": -83148000.0,
        "Net Income Common Stockholders": -83148000.0,
        "Net Income": -83148000.0,
        "Net Income Including Noncontrolling Interests": -83148000.0,
        "Net Income Continuous Operations": -83148000.0,
        "Pretax Income": -83148000.0,
        "Other Income Expense": -1661000.0,
        "Other Non Operating Income Expenses": -1661000.0,
        "Net Non Operating Interest Income Expense": 1002000.0,
        "Interest Income Non Operating": 1002000.0,
        "Operating Income": -82489000.0,
        "Operating Expense": 82538000.0,
        "Research And Development": 63641000.0,
        "Selling General And Administration": 18897000.0,
        "General And Administrative Expense": 18897000.0,
        "Other Gand A": 18897000.0,
        "Total Revenue": 49000.0,
        "Operating Revenue": 49000.0
    },
    "2022-06-30": {
        "Tax Effect Of Unusual Items": 0.0,
        "Tax Rate For Calcs": 0.0,
        "Normalized EBITDA": -72919000.0,
        "Net Income From Continuing Operation Net Minority Interest": -74787000.0,
        "Reconciled Depreciation": 3675000.0,
        "EBITDA": -72919000.0,
        "EBIT": -76594000.0,
        "Net Interest Income": 315000.0,
        "Interest Income": 315000.0,
        "Normalized Income": -74787000.0,
        "Net Income From Continuing And Discontinued Operation": -74787000.0,
        "Total Expenses": 76680000.0,
        "Total Operating Income As Reported": -76594000.0,
        "Diluted Average Shares": 143385045.0,
        "Basic Average Shares": 143385045.0,
        "Diluted EPS": -0.52,
        "Basic EPS": -0.52,
        "Diluted NI Availto Com Stockholders": -74787000.0,
        "Net Income Common Stockholders": -74787000.0,
        "Net Income": -74787000.0,
        "Net Income Including Noncontrolling Interests": -74787000.0,
        "Net Income Continuous Operations": -74787000.0,
        "Pretax Income": -74787000.0,
        "Other Income Expense": 1492000.0,
        "Other Non Operating Income Expenses": 1492000.0,
        "Net Non Operating Interest Income Expense": 315000.0,
        "Interest Income Non Operating": 315000.0,
        "Operating Income": -76594000.0,
        "Operating Expense": 76680000.0,
        "Research And Development": 57171000.0,
        "Selling General And Administration": 19509000.0,
        "General And Administrative Expense": 19509000.0,
        "Other Gand A": 19509000.0,
        "Total Revenue": 86000.0,
        "Operating Revenue": 86000.0
    },
    "2023-06-30": {
        "Tax Effect Of Unusual Items": 0.0,
        "Tax Rate For Calcs": 0.0,
        "Normalized EBITDA": -76875000.0,
        "Net Income From Continuing Operation Net Minority Interest": -77989000.0,
        "Reconciled Depreciation": 3643000.0,
        "EBITDA": -76875000.0,
        "EBIT": -80518000.0,
        "Net Interest Income": 3778000.0,
        "Interest Income": 3778000.0,
        "Normalized Income": -77989000.0,
        "Net Income From Continuing And Discontinued Operation": -77989000.0,
        "Total Expenses": 80562000.0,
        "Total Operating Income As Reported": -80518000.0,
        "Diluted Average Shares": 146795826.0,
        "Basic Average Shares": 146795826.0,
        "Diluted EPS": -0.53,
        "Basic EPS": -0.53,
        "Diluted NI Availto Com Stockholders": -77989000.0,
        "Net Income Common Stockholders": -77989000.0,
        "Net Income": -77989000.0,
        "Net Income Including Noncontrolling Interests": -77989000.0,
        "Net Income Continuous Operations": -77989000.0,
        "Pretax Income": -77989000.0,
        "Other Income Expense": -1249000.0,
        "Other Non Operating Income Expenses": -1249000.0,
        "Net Non Operating Interest Income Expense": 3778000.0,
        "Interest Income Non Operating": 3778000.0,
        "Operating Income": -80518000.0,
        "Operating Expense": 80562000.0,
        "Research And Development": 62038000.0,
        "Selling General And Administration": 18524000.0,
        "General And Administrative Expense": 18524000.0,
        "Other Gand A": 18524000.0,
        "Total Revenue": 44000.0,
        "Operating Revenue": 44000.0
    },
    "2022-03-31": {
        "Diluted EPS": -0.56,
        "Total Revenue": 0,
        "Gross Profit": 0,
        "Operating Income": -80,
        "EBIT": -75,
        "Net Income": -80
    },
    "2021-12-31": {
        "Diluted EPS": -0.54,
        "Total Revenue": 0,
        "Gross Profit": 0,
        "Operating Income": -74,
        "EBIT": -68,
        "Net Income": -75
    },
    "2021-09-30": {
        "Diluted EPS": -0.57,
        "Total Revenue": 0,
        "Gross Profit": 0,
        "Operating Income": -78,
        "EBIT": -74,
        "Net Income": -78
    },
    "2021-06-30": {
        "Diluted EPS": -0.53,
        "Total Revenue": 0,
        "Gross Profit": 0,
        "Operating Income": -71,
        "EBIT": -67,
        "Net Income": -71
    },
    "2021-03-31": {
        "Diluted EPS": -0.25,
        "Total Revenue": 38,
        "Gross Profit": 38,
        "Operating Income": -33,
        "EBIT": -29,
        "Net Income": -33
    },
    "2020-12-31": {
        "Diluted EPS": -0.53,
        "Total Revenue": NaN,
        "Gross Profit": NaN,
        "Operating Income": -69,
        "EBIT": -66,
        "Net Income": -69
    },
    "2020-09-30": {
        "Diluted EPS": -0.52,
        "Total Revenue": NaN,
        "Gross Profit": NaN,
        "Operating Income": -68,
        "EBIT": -65,
        "Net Income": -66
    },
    "2020-06-30": {
        "Diluted EPS": -0.53,
        "Total Revenue": NaN,
        "Gross Profit": NaN,
        "Operating Income": -63,
        "EBIT": -61,
        "Net Income": -61
    },
    "2020-03-31": {
        "Diluted EPS": -0.5,
        "Total Revenue": NaN,
        "Gross Profit": NaN,
        "Operating Income": -58,
        "EBIT": -56,
        "Net Income": -54
    },
    "2019-12-31": {
        "Diluted EPS": -0.6,
        "Total Revenue": NaN,
        "Gross Profit": NaN,
        "Operating Income": -65,
        "EBIT": -63,
        "Net Income": -61
    },
    "2019-09-30": {
        "Diluted EPS": -0.5,
        "Total Revenue": NaN,
        "Gross Profit": NaN,
        "Operating Income": -55,
        "EBIT": -55,
        "Net Income": -51
    },
    "2019-06-30": {
        "Diluted EPS": -0.41,
        "Total Revenue": NaN,
        "Gross Profit": NaN,
        "Operating Income": -46,
        "EBIT": -46,
        "Net Income": -41
    },
    "2019-03-31": {
        "Diluted EPS": -0.32,
        "Total Revenue": NaN,
        "Gross Profit": NaN,
        "Operating Income": -36,
        "EBIT": -37,
        "Net Income": -32
    },
    "2018-12-31": {
        "Diluted EPS": 47.32,
        "Total Revenue": NaN,
        "Gross Profit": NaN,
        "Operating Income": -33,
        "EBIT": -34,
        "Net Income": -31
    },
    "2018-09-30": {
        "Diluted EPS": -10.71,
        "Total Revenue": NaN,
        "Gross Profit": NaN,
        "Operating Income": -22,
        "EBIT": -22,
        "Net Income": -43
    },
    "2018-06-30": {
        "Diluted EPS": -43.82,
        "Total Revenue": NaN,
        "Gross Profit": NaN,
        "Operating Income": -135,
        "EBIT": -135,
        "Net Income": -135
    },
    "2018-03-31": {
        "Diluted EPS": -0.1,
        "Total Revenue": NaN,
        "Gross Profit": NaN,
        "Operating Income": -3,
        "EBIT": -3,
        "Net Income": -3
    },
    "2017-12-31": {
        "Diluted EPS": 0.0,
        "Total Revenue": NaN,
        "Gross Profit": NaN,
        "Operating Income": NaN,
        "EBIT": NaN,
        "Net Income": NaN
    },
    "2023-09-30": {
        "Tax Effect Of Unusual Items": 0.0,
        "Tax Rate For Calcs": 0.0,
        "Normalized EBITDA": -59403000.0,
        "Net Income From Continuing Operation Net Minority Interest": -61315000.0,
        "Reconciled Depreciation": 3572000.0,
        "EBITDA": -59403000.0,
        "EBIT": -62975000.0,
        "Net Interest Income": 6205000.0,
        "Interest Income": 6205000.0,
        "Normalized Income": -61315000.0,
        "Net Income From Continuing And Discontinued Operation": -61315000.0,
        "Total Expenses": 63018000.0,
        "Total Operating Income As Reported": -62975000.0,
        "Diluted Average Shares": 167649010.0,
        "Basic Average Shares": 167649010.0,
        "Diluted EPS": -0.37,
        "Basic EPS": -0.37,
        "Diluted NI Availto Com Stockholders": -61315000.0,
        "Net Income Common Stockholders": -61315000.0,
        "Net Income": -61315000.0,
        "Net Income Including Noncontrolling Interests": -61315000.0,
        "Net Income Continuous Operations": -61315000.0,
        "Pretax Income": -61315000.0,
        "Other Income Expense": -4545000.0,
        "Other Non Operating Income Expenses": -4545000.0,
        "Net Non Operating Interest Income Expense": 6205000.0,
        "Interest Income Non Operating": 6205000.0,
        "Operating Income": -62975000.0,
        "Operating Expense": 63018000.0,
        "Research And Development": 45977000.0,
        "Selling General And Administration": 17041000.0,
        "General And Administrative Expense": 17041000.0,
        "Other Gand A": 17041000.0,
        "Total Revenue": 43000.0,
        "Operating Revenue": 43000.0
    },
    "2023-12-31": {
        "Tax Effect Of Unusual Items": 0.0,
        "Tax Rate For Calcs": 0.0,
        "Normalized EBITDA": -68452000.0,
        "Net Income From Continuing Operation Net Minority Interest": -89257000.0,
        "Reconciled Depreciation": 3477000.0,
        "EBITDA": -68452000.0,
        "EBIT": -71929000.0,
        "Net Interest Income": 6265000.0,
        "Interest Income": 6265000.0,
        "Normalized Income": -89257000.0,
        "Net Income From Continuing And Discontinued Operation": -89257000.0,
        "Total Expenses": 71885000.0,
        "Total Operating Income As Reported": -85174000.0,
        "Diluted Average Shares": NaN,
        "Basic Average Shares": NaN,
        "Diluted EPS": NaN,
        "Basic EPS": NaN,
        "Diluted NI Availto Com Stockholders": -89257000.0,
        "Net Income Common Stockholders": -89257000.0,
        "Net Income": -89257000.0,
        "Net Income Including Noncontrolling Interests": -89257000.0,
        "Net Income Continuous Operations": -89257000.0,
        "Pretax Income": -89257000.0,
        "Other Income Expense": -23593000.0,
        "Other Non Operating Income Expenses": -10348000.0,
        "Net Non Operating Interest Income Expense": 6265000.0,
        "Interest Income Non Operating": 6265000.0,
        "Operating Income": -71929000.0,
        "Operating Expense": 71885000.0,
        "Research And Development": 54661000.0,
        "Selling General And Administration": 17224000.0,
        "General And Administrative Expense": 17224000.0,
        "Other Gand A": 17224000.0,
        "Total Revenue": -44000.0,
        "Operating Revenue": -44000.0
    }
}