{
    "2023-06-30": {
        "Tax Effect Of Unusual Items": 0.0,
        "Tax Rate For Calcs": 0.239438,
        "Normalized EBITDA": 18452000.0,
        "Net Income From Continuing Operation Net Minority Interest": 6769000.0,
        "Reconciled Depreciation": 6390000.0,
        "Reconciled Cost Of Revenue": 97544000.0,
        "EBITDA": 18452000.0,
        "EBIT": 12062000.0,
        "Net Interest Income": -3162000.0,
        "Interest Expense": 3162000.0,
        "Normalized Income": 6769000.0,
        "Net Income From Continuing And Discontinued Operation": 6769000.0,
        "Total Expenses": 134749000.0,
        "Total Operating Income As Reported": 12020000.0,
        "Diluted Average Shares": 16219000.0,
        "Basic Average Shares": 15969000.0,
        "Diluted EPS": 0.42,
        "Basic EPS": 0.42,
        "Diluted NI Availto Com Stockholders": 6769000.0,
        "Net Income Common Stockholders": 6769000.0,
        "Net Income": 6769000.0,
        "Net Income Including Noncontrolling Interests": 6769000.0,
        "Net Income Continuous Operations": 6769000.0,
        "Tax Provision": 2131000.0,
        "Pretax Income": 8900000.0,
        "Other Income Expense": 42000.0,
        "Other Non Operating Income Expenses": 42000.0,
        "Net Non Operating Interest Income Expense": -3162000.0,
        "Interest Expense Non Operating": 3162000.0,
        "Operating Income": 12020000.0,
        "Operating Expense": 33957000.0,
        "Other Operating Expenses": 400000.0,
        "Depreciation Amortization Depletion Income Statement": 3142000.0,
        "Depreciation And Amortization In Income Statement": 3142000.0,
        "Amortization": 3142000.0,
        "Amortization Of Intangibles Income Statement": 3142000.0,
        "Research And Development": 9952000.0,
        "Selling General And Administration": 20463000.0,
        "Selling And Marketing Expense": 6301000.0,
        "General And Administrative Expense": 14162000.0,
        "Other Gand A": 14162000.0,
        "Gross Profit": 45977000.0,
        "Cost Of Revenue": 100792000.0,
        "Total Revenue": 146769000.0,
        "Operating Revenue": 146769000.0
    },
    "2023-03-31": {
        "Tax Effect Of Unusual Items": NaN,
        "Tax Rate For Calcs": NaN,
        "Normalized EBITDA": NaN,
        "Net Income From Continuing Operation Net Minority Interest": NaN,
        "Reconciled Depreciation": NaN,
        "Reconciled Cost Of Revenue": NaN,
        "EBITDA": NaN,
        "EBIT": NaN,
        "Net Interest Income": NaN,
        "Interest Expense": NaN,
        "Normalized Income": NaN,
        "Net Income From Continuing And Discontinued Operation": NaN,
        "Total Expenses": NaN,
        "Total Operating Income As Reported": NaN,
        "Diluted Average Shares": 16137000.0,
        "Basic Average Shares": 15872000.0,
        "Diluted EPS": 0.39,
        "Basic EPS": 0.4,
        "Diluted NI Availto Com Stockholders": NaN,
        "Net Income Common Stockholders": NaN,
        "Net Income": NaN,
        "Net Income Including Noncontrolling Interests": NaN,
        "Net Income Continuous Operations": NaN,
        "Tax Provision": NaN,
        "Pretax Income": NaN,
        "Other Income Expense": NaN,
        "Other Non Operating Income Expenses": NaN,
        "Net Non Operating Interest Income Expense": NaN,
        "Interest Expense Non Operating": NaN,
        "Operating Income": NaN,
        "Operating Expense": NaN,
        "Other Operating Expenses": NaN,
        "Depreciation Amortization Depletion Income Statement": NaN,
        "Depreciation And Amortization In Income Statement": NaN,
        "Amortization": NaN,
        "Amortization Of Intangibles Income Statement": NaN,
        "Research And Development": NaN,
        "Selling General And Administration": NaN,
        "Selling And Marketing Expense": NaN,
        "General And Administrative Expense": NaN,
        "Other Gand A": NaN,
        "Gross Profit": NaN,
        "Cost Of Revenue": NaN,
        "Total Revenue": NaN,
        "Operating Revenue": NaN
    },
    "2022-12-31": {
        "Tax Effect Of Unusual Items": 0.0,
        "Tax Rate For Calcs": 0.276712,
        "Normalized EBITDA": 14166000.0,
        "Net Income From Continuing Operation Net Minority Interest": 3696000.0,
        "Reconciled Depreciation": 6264000.0,
        "Reconciled Cost Of Revenue": 87120000.0,
        "EBITDA": 14166000.0,
        "EBIT": 7902000.0,
        "Net Interest Income": -2792000.0,
        "Interest Expense": 2792000.0,
        "Normalized Income": 3696000.0,
        "Net Income From Continuing And Discontinued Operation": 3696000.0,
        "Total Expenses": 122900000.0,
        "Total Operating Income As Reported": 8176000.0,
        "Diluted Average Shares": NaN,
        "Basic Average Shares": NaN,
        "Diluted EPS": NaN,
        "Basic EPS": NaN,
        "Diluted NI Availto Com Stockholders": 3696000.0,
        "Net Income Common Stockholders": 3696000.0,
        "Net Income": 3696000.0,
        "Net Income Including Noncontrolling Interests": 3696000.0,
        "Net Income Continuous Operations": 3696000.0,
        "Tax Provision": 1414000.0,
        "Pretax Income": 5110000.0,
        "Other Income Expense": -274000.0,
        "Other Non Operating Income Expenses": -274000.0,
        "Net Non Operating Interest Income Expense": -2792000.0,
        "Interest Expense Non Operating": 2792000.0,
        "Operating Income": 8176000.0,
        "Operating Expense": 32552000.0,
        "Other Operating Expenses": 855000.0,
        "Depreciation Amortization Depletion Income Statement": 3036000.0,
        "Depreciation And Amortization In Income Statement": 3036000.0,
        "Amortization": 3036000.0,
        "Amortization Of Intangibles Income Statement": 3036000.0,
        "Research And Development": 9682000.0,
        "Selling General And Administration": 18979000.0,
        "Selling And Marketing Expense": 5541000.0,
        "General And Administrative Expense": 13438000.0,
        "Other Gand A": 13438000.0,
        "Gross Profit": 40728000.0,
        "Cost Of Revenue": 90348000.0,
        "Total Revenue": 131076000.0,
        "Operating Revenue": 131076000.0
    },
    "2022-09-30": {
        "Tax Effect Of Unusual Items": NaN,
        "Tax Rate For Calcs": NaN,
        "Normalized EBITDA": NaN,
        "Net Income From Continuing Operation Net Minority Interest": NaN,
        "Reconciled Depreciation": NaN,
        "Reconciled Cost Of Revenue": NaN,
        "EBITDA": NaN,
        "EBIT": NaN,
        "Net Interest Income": NaN,
        "Interest Expense": NaN,
        "Normalized Income": NaN,
        "Net Income From Continuing And Discontinued Operation": NaN,
        "Total Expenses": NaN,
        "Total Operating Income As Reported": NaN,
        "Diluted Average Shares": 16169000.0,
        "Basic Average Shares": 15661000.0,
        "Diluted EPS": 0.41,
        "Basic EPS": 0.42,
        "Diluted NI Availto Com Stockholders": NaN,
        "Net Income Common Stockholders": NaN,
        "Net Income": NaN,
        "Net Income Including Noncontrolling Interests": NaN,
        "Net Income Continuous Operations": NaN,
        "Tax Provision": NaN,
        "Pretax Income": NaN,
        "Other Income Expense": NaN,
        "Other Non Operating Income Expenses": NaN,
        "Net Non Operating Interest Income Expense": NaN,
        "Interest Expense Non Operating": NaN,
        "Operating Income": NaN,
        "Operating Expense": NaN,
        "Other Operating Expenses": NaN,
        "Depreciation Amortization Depletion Income Statement": NaN,
        "Depreciation And Amortization In Income Statement": NaN,
        "Amortization": NaN,
        "Amortization Of Intangibles Income Statement": NaN,
        "Research And Development": NaN,
        "Selling General And Administration": NaN,
        "Selling And Marketing Expense": NaN,
        "General And Administrative Expense": NaN,
        "Other Gand A": NaN,
        "Gross Profit": NaN,
        "Cost Of Revenue": NaN,
        "Total Revenue": NaN,
        "Operating Revenue": NaN
    },
    "2022-06-30": {
        "Tax Effect Of Unusual Items": 0.0,
        "Tax Rate For Calcs": 0.27,
        "Normalized EBITDA": 14671000.0,
        "Net Income From Continuing Operation Net Minority Interest": 4581000.0,
        "Reconciled Depreciation": 6874000.0,
        "Reconciled Cost Of Revenue": 78719000.0,
        "EBITDA": 14671000.0,
        "EBIT": 7797000.0,
        "Net Interest Income": -1525000.0,
        "Interest Expense": 1525000.0,
        "Normalized Income": 4581000.0,
        "Net Income From Continuing And Discontinued Operation": 4581000.0,
        "Total Expenses": 115204000.0,
        "Total Operating Income As Reported": 7518000.0,
        "Diluted Average Shares": 15932000.0,
        "Basic Average Shares": 15355000.0,
        "Diluted EPS": 0.29,
        "Basic EPS": 0.3,
        "Diluted NI Availto Com Stockholders": 4581000.0,
        "Net Income Common Stockholders": 4581000.0,
        "Net Income": 4581000.0,
        "Net Income Including Noncontrolling Interests": 4581000.0,
        "Net Income Continuous Operations": 4581000.0,
        "Tax Provision": 1691000.0,
        "Pretax Income": 6272000.0,
        "Other Income Expense": 279000.0,
        "Other Non Operating Income Expenses": 279000.0,
        "Net Non Operating Interest Income Expense": -1525000.0,
        "Interest Expense Non Operating": 1525000.0,
        "Operating Income": 7518000.0,
        "Operating Expense": 32256000.0,
        "Depreciation Amortization Depletion Income Statement": 2645000.0,
        "Depreciation And Amortization In Income Statement": 2645000.0,
        "Amortization": 2645000.0,
        "Amortization Of Intangibles Income Statement": 2645000.0,
        "Research And Development": 11208000.0,
        "Selling General And Administration": 18403000.0,
        "Selling And Marketing Expense": 5808000.0,
        "General And Administrative Expense": 12595000.0,
        "Other Gand A": 12595000.0,
        "Gross Profit": 39774000.0,
        "Cost Of Revenue": 82948000.0,
        "Total Revenue": 122722000.0,
        "Operating Revenue": 122722000.0
    },
    "2023-09-30": {
        "Tax Effect Of Unusual Items": 0.0,
        "Tax Rate For Calcs": 0.231,
        "Normalized EBITDA": 18243000.0,
        "Net Income From Continuing Operation Net Minority Interest": 6666000.0,
        "Reconciled Depreciation": 6421000.0,
        "Reconciled Cost Of Revenue": 94475000.0,
        "EBITDA": 18243000.0,
        "EBIT": 11822000.0,
        "Net Interest Income": -3164000.0,
        "Interest Expense": 3164000.0,
        "Normalized Income": 6666000.0,
        "Net Income From Continuing And Discontinued Operation": 6666000.0,
        "Total Expenses": 133455000.0,
        "Total Operating Income As Reported": 11864000.0,
        "Diluted Average Shares": 16237000.0,
        "Basic Average Shares": 15979000.0,
        "Diluted EPS": 0.41,
        "Basic EPS": 0.42,
        "Diluted NI Availto Com Stockholders": 6666000.0,
        "Net Income Common Stockholders": 6666000.0,
        "Net Income": 6666000.0,
        "Net Income Including Noncontrolling Interests": 6666000.0,
        "Net Income Continuous Operations": 6666000.0,
        "Tax Provision": 1992000.0,
        "Pretax Income": 8658000.0,
        "Other Income Expense": -42000.0,
        "Other Non Operating Income Expenses": -42000.0,
        "Net Non Operating Interest Income Expense": -3164000.0,
        "Interest Expense Non Operating": 3164000.0,
        "Operating Income": 11864000.0,
        "Operating Expense": 35634000.0,
        "Other Operating Expenses": 1194000.0,
        "Depreciation Amortization Depletion Income Statement": 3075000.0,
        "Depreciation And Amortization In Income Statement": 3075000.0,
        "Amortization": 3075000.0,
        "Amortization Of Intangibles Income Statement": 3075000.0,
        "Research And Development": 10702000.0,
        "Selling General And Administration": 20663000.0,
        "Selling And Marketing Expense": 6021000.0,
        "General And Administrative Expense": 14642000.0,
        "Other Gand A": 14642000.0,
        "Gross Profit": 47498000.0,
        "Cost Of Revenue": 97821000.0,
        "Total Revenue": 145319000.0,
        "Operating Revenue": 145319000.0
    },
    "2023-12-31": {
        "Tax Effect Of Unusual Items": 0.0,
        "Tax Rate For Calcs": 0.21,
        "Normalized EBITDA": 13109000.0,
        "Net Income From Continuing Operation Net Minority Interest": 4347000.0,
        "Reconciled Depreciation": 6112000.0,
        "Reconciled Cost Of Revenue": 93598000.0,
        "EBITDA": 13109000.0,
        "EBIT": 6997000.0,
        "Net Interest Income": -3074000.0,
        "Interest Expense": 3074000.0,
        "Normalized Income": 4347000.0,
        "Net Income From Continuing And Discontinued Operation": 4347000.0,
        "Total Expenses": 133956000.0,
        "Total Operating Income As Reported": 7041000.0,
        "Diluted Average Shares": NaN,
        "Basic Average Shares": NaN,
        "Diluted EPS": NaN,
        "Basic EPS": NaN,
        "Diluted NI Availto Com Stockholders": 4347000.0,
        "Net Income Common Stockholders": 4347000.0,
        "Net Income": 4347000.0,
        "Net Income Including Noncontrolling Interests": 4347000.0,
        "Net Income Continuous Operations": 4347000.0,
        "Tax Provision": -424000.0,
        "Pretax Income": 3923000.0,
        "Other Income Expense": -44000.0,
        "Other Non Operating Income Expenses": -44000.0,
        "Net Non Operating Interest Income Expense": -3074000.0,
        "Interest Expense Non Operating": 3074000.0,
        "Operating Income": 7041000.0,
        "Operating Expense": 37333000.0,
        "Other Operating Expenses": 2484000.0,
        "Depreciation Amortization Depletion Income Statement": 3087000.0,
        "Depreciation And Amortization In Income Statement": 3087000.0,
        "Amortization": 3087000.0,
        "Amortization Of Intangibles Income Statement": 3087000.0,
        "Research And Development": 10624000.0,
        "Selling General And Administration": 21138000.0,
        "Selling And Marketing Expense": 6359000.0,
        "General And Administrative Expense": 14779000.0,
        "Other Gand A": 14779000.0,
        "Gross Profit": 44374000.0,
        "Cost Of Revenue": 96623000.0,
        "Total Revenue": 140997000.0,
        "Operating Revenue": 140997000.0
    },
    "2024-03-31": {
        "Tax Effect Of Unusual Items": 0.0,
        "Tax Rate For Calcs": 0.218,
        "Normalized EBITDA": 18594000.0,
        "Net Income From Continuing Operation Net Minority Interest": 6902000.0,
        "Reconciled Depreciation": 6385000.0,
        "Reconciled Cost Of Revenue": 96066000.0,
        "EBITDA": 18594000.0,
        "EBIT": 12209000.0,
        "Net Interest Income": -3388000.0,
        "Interest Expense": 3388000.0,
        "Normalized Income": 6902000.0,
        "Net Income From Continuing And Discontinued Operation": 6902000.0,
        "Total Expenses": 134613000.0,
        "Total Operating Income As Reported": 12100000.0,
        "Diluted Average Shares": 16497000.0,
        "Basic Average Shares": 16394000.0,
        "Diluted EPS": 0.42,
        "Basic EPS": 0.42,
        "Diluted NI Availto Com Stockholders": 6902000.0,
        "Net Income Common Stockholders": 6902000.0,
        "Net Income": 6902000.0,
        "Net Income Including Noncontrolling Interests": 6902000.0,
        "Net Income Continuous Operations": 6902000.0,
        "Tax Provision": 1919000.0,
        "Pretax Income": 8821000.0,
        "Other Income Expense": 109000.0,
        "Other Non Operating Income Expenses": 109000.0,
        "Net Non Operating Interest Income Expense": -3388000.0,
        "Interest Expense Non Operating": 3388000.0,
        "Operating Income": 12100000.0,
        "Operating Expense": 35277000.0,
        "Other Operating Expenses": 357000.0,
        "Depreciation Amortization Depletion Income Statement": 3115000.0,
        "Depreciation And Amortization In Income Statement": 3115000.0,
        "Amortization": 3115000.0,
        "Amortization Of Intangibles Income Statement": 3115000.0,
        "Research And Development": 11067000.0,
        "Selling General And Administration": 20738000.0,
        "Selling And Marketing Expense": 6298000.0,
        "General And Administrative Expense": 14440000.0,
        "Other Gand A": 14440000.0,
        "Gross Profit": 47377000.0,
        "Cost Of Revenue": 99336000.0,
        "Total Revenue": 146713000.0,
        "Operating Revenue": 146713000.0
    },
    "2024-06-30": {
        "Tax Effect Of Unusual Items": 0.0,
        "Tax Rate For Calcs": 0.206349,
        "Normalized EBITDA": 11249000.0,
        "Net Income From Continuing Operation Net Minority Interest": 1150000.0,
        "Reconciled Depreciation": 6416000.0,
        "Reconciled Cost Of Revenue": 92071000.0,
        "EBITDA": 11249000.0,
        "EBIT": 4833000.0,
        "Net Interest Income": -3384000.0,
        "Interest Expense": 3384000.0,
        "Normalized Income": 1150000.0,
        "Net Income From Continuing And Discontinued Operation": 1150000.0,
        "Total Expenses": 131153000.0,
        "Total Operating Income As Reported": 4879000.0,
        "Diluted Average Shares": 16583000.0,
        "Basic Average Shares": 16567000.0,
        "Diluted EPS": 0.07,
        "Basic EPS": 0.07,
        "Diluted NI Availto Com Stockholders": 1150000.0,
        "Net Income Common Stockholders": 1150000.0,
        "Net Income": 1150000.0,
        "Net Income Including Noncontrolling Interests": 1150000.0,
        "Net Income Continuous Operations": 1150000.0,
        "Tax Provision": 299000.0,
        "Pretax Income": 1449000.0,
        "Other Income Expense": -46000.0,
        "Other Non Operating Income Expenses": -46000.0,
        "Net Non Operating Interest Income Expense": -3384000.0,
        "Interest Expense Non Operating": 3384000.0,
        "Operating Income": 4879000.0,
        "Operating Expense": 35797000.0,
        "Other Operating Expenses": 1569000.0,
        "Depreciation Amortization Depletion Income Statement": 3131000.0,
        "Depreciation And Amortization In Income Statement": 3131000.0,
        "Amortization": 3131000.0,
        "Amortization Of Intangibles Income Statement": 3131000.0,
        "Research And Development": 10293000.0,
        "Selling General And Administration": 20804000.0,
        "Selling And Marketing Expense": 6662000.0,
        "General And Administrative Expense": 14142000.0,
        "Other Gand A": 14142000.0,
        "Gross Profit": 40676000.0,
        "Cost Of Revenue": 95356000.0,
        "Total Revenue": 136032000.0,
        "Operating Revenue": 136032000.0
    }
}