{
    "2023-03-31": {
        "Tax Effect Of Unusual Items": 0.0,
        "Tax Rate For Calcs": 0.05364,
        "Normalized EBITDA": -3569489.0,
        "Total Unusual Items": NaN,
        "Total Unusual Items Excluding Goodwill": NaN,
        "Net Income From Continuing Operation Net Minority Interest": -5769143.0,
        "Reconciled Depreciation": 1527784.0,
        "Reconciled Cost Of Revenue": 19145257.0,
        "EBITDA": -3569489.0,
        "EBIT": -5097273.0,
        "Net Interest Income": -998870.0,
        "Interest Expense": 998870.0,
        "Normalized Income": -5769143.0,
        "Net Income From Continuing And Discontinued Operation": -5769143.0,
        "Total Expenses": 29502186.0,
        "Total Operating Income As Reported": -5140473.0,
        "Diluted Average Shares": 24901733.0,
        "Basic Average Shares": 24901733.0,
        "Diluted EPS": -0.23,
        "Basic EPS": -0.23,
        "Diluted NI Availto Com Stockholders": -5769143.0,
        "Net Income Common Stockholders": -5769143.0,
        "Net Income": -5769143.0,
        "Minority Interests": NaN,
        "Net Income Including Noncontrolling Interests": -5769143.0,
        "Net Income Continuous Operations": -5769143.0,
        "Tax Provision": -327000.0,
        "Pretax Income": -6096143.0,
        "Other Income Expense": 43200.0,
        "Other Non Operating Income Expenses": 43200.0,
        "Special Income Charges": NaN,
        "Gain On Sale Of Ppe": NaN,
        "Other Special Charges": NaN,
        "Impairment Of Capital Assets": NaN,
        "Gain On Sale Of Security": NaN,
        "Net Non Operating Interest Income Expense": -998870.0,
        "Interest Expense Non Operating": 998870.0,
        "Operating Income": -5140473.0,
        "Operating Expense": 10356929.0,
        "Research And Development": 113906.0,
        "Selling General And Administration": 10243023.0,
        "General And Administrative Expense": 10243023.0,
        "Other Gand A": 10243023.0,
        "Gross Profit": 5216456.0,
        "Cost Of Revenue": 19145257.0,
        "Total Revenue": 24361713.0,
        "Operating Revenue": 24361713.0
    },
    "2022-12-31": {
        "Tax Effect Of Unusual Items": 0.0,
        "Tax Rate For Calcs": 0.05565,
        "Normalized EBITDA": -3902902.0,
        "Total Unusual Items": 0.0,
        "Total Unusual Items Excluding Goodwill": 0.0,
        "Net Income From Continuing Operation Net Minority Interest": -5651189.0,
        "Reconciled Depreciation": 1584298.0,
        "Reconciled Cost Of Revenue": 22565003.0,
        "EBITDA": -3902902.0,
        "EBIT": -5487200.0,
        "Net Interest Income": -497010.0,
        "Interest Expense": 497010.0,
        "Normalized Income": -5651189.0,
        "Net Income From Continuing And Discontinued Operation": -5651189.0,
        "Total Expenses": 31692677.0,
        "Total Operating Income As Reported": -5479370.0,
        "Diluted Average Shares": NaN,
        "Basic Average Shares": NaN,
        "Diluted EPS": NaN,
        "Basic EPS": NaN,
        "Diluted NI Availto Com Stockholders": -5651189.0,
        "Net Income Common Stockholders": -5651189.0,
        "Net Income": -5651189.0,
        "Minority Interests": NaN,
        "Net Income Including Noncontrolling Interests": -5651189.0,
        "Net Income Continuous Operations": -5651189.0,
        "Tax Provision": -333021.0,
        "Pretax Income": -5984210.0,
        "Other Income Expense": -7830.0,
        "Other Non Operating Income Expenses": -7830.0,
        "Special Income Charges": 0.0,
        "Gain On Sale Of Ppe": NaN,
        "Other Special Charges": NaN,
        "Impairment Of Capital Assets": NaN,
        "Gain On Sale Of Security": 0.0,
        "Net Non Operating Interest Income Expense": -497010.0,
        "Interest Expense Non Operating": 497010.0,
        "Operating Income": -5479370.0,
        "Operating Expense": 9127674.0,
        "Research And Development": 200817.0,
        "Selling General And Administration": 8926857.0,
        "General And Administrative Expense": 8926857.0,
        "Other Gand A": 8926857.0,
        "Gross Profit": 3648304.0,
        "Cost Of Revenue": 22565003.0,
        "Total Revenue": 26213307.0,
        "Operating Revenue": 26213307.0
    },
    "2022-09-30": {
        "Tax Effect Of Unusual Items": 4577.858045,
        "Tax Rate For Calcs": 0.039567,
        "Normalized EBITDA": -2453323.0,
        "Total Unusual Items": 115700.0,
        "Total Unusual Items Excluding Goodwill": 115700.0,
        "Net Income From Continuing Operation Net Minority Interest": -4764370.0,
        "Reconciled Depreciation": 1571784.0,
        "Reconciled Cost Of Revenue": 21894759.0,
        "EBITDA": -2337623.0,
        "EBIT": -3909407.0,
        "Net Interest Income": -1051239.0,
        "Interest Expense": 1051239.0,
        "Normalized Income": -4875492.141955,
        "Net Income From Continuing And Discontinued Operation": -4764370.0,
        "Total Expenses": 31505396.0,
        "Total Operating Income As Reported": -3903281.0,
        "Diluted Average Shares": 24721070.0,
        "Basic Average Shares": 24721070.0,
        "Diluted EPS": -0.19,
        "Basic EPS": -0.19,
        "Diluted NI Availto Com Stockholders": -4764370.0,
        "Net Income Common Stockholders": -4764370.0,
        "Net Income": -4764370.0,
        "Minority Interests": 0.0,
        "Net Income Including Noncontrolling Interests": -4764370.0,
        "Net Income Continuous Operations": -4764370.0,
        "Tax Provision": -196276.0,
        "Pretax Income": -4960646.0,
        "Other Income Expense": 109574.0,
        "Other Non Operating Income Expenses": -6126.0,
        "Special Income Charges": 0.0,
        "Gain On Sale Of Ppe": NaN,
        "Other Special Charges": NaN,
        "Impairment Of Capital Assets": 0.0,
        "Gain On Sale Of Security": 115700.0,
        "Net Non Operating Interest Income Expense": -1051239.0,
        "Interest Expense Non Operating": 1051239.0,
        "Operating Income": -4018981.0,
        "Operating Expense": 9610637.0,
        "Research And Development": 26602.0,
        "Selling General And Administration": 9584035.0,
        "General And Administrative Expense": 9584035.0,
        "Other Gand A": 9584035.0,
        "Gross Profit": 5591656.0,
        "Cost Of Revenue": 21894759.0,
        "Total Revenue": 27486415.0,
        "Operating Revenue": 27486415.0
    },
    "2022-06-30": {
        "Tax Effect Of Unusual Items": 0.0,
        "Tax Rate For Calcs": 0.0,
        "Normalized EBITDA": -1124934.0,
        "Total Unusual Items": 5597450.0,
        "Total Unusual Items Excluding Goodwill": 5597450.0,
        "Net Income From Continuing Operation Net Minority Interest": 2025523.0,
        "Reconciled Depreciation": 1484519.0,
        "Reconciled Cost Of Revenue": 18661407.0,
        "EBITDA": 4472516.0,
        "EBIT": 2987997.0,
        "Net Interest Income": -962474.0,
        "Interest Expense": 962474.0,
        "Normalized Income": -3571927.0,
        "Net Income From Continuing And Discontinued Operation": 2025523.0,
        "Total Expenses": 28139239.0,
        "Total Operating Income As Reported": -2868113.0,
        "Diluted Average Shares": 22899822.0,
        "Basic Average Shares": 22899822.0,
        "Diluted EPS": 0.07,
        "Basic EPS": 0.07,
        "Diluted NI Availto Com Stockholders": 2025523.0,
        "Net Income Common Stockholders": 2025523.0,
        "Net Income": 2025523.0,
        "Net Income Including Noncontrolling Interests": 2025523.0,
        "Net Income Continuous Operations": 2025523.0,
        "Tax Provision": 0.0,
        "Pretax Income": 2025523.0,
        "Other Income Expense": 5856110.0,
        "Other Non Operating Income Expenses": 258660.0,
        "Special Income Charges": 0.0,
        "Gain On Sale Of Ppe": NaN,
        "Gain On Sale Of Security": 5597450.0,
        "Net Non Operating Interest Income Expense": -962474.0,
        "Interest Expense Non Operating": 962474.0,
        "Operating Income": -2868113.0,
        "Operating Expense": 9477832.0,
        "Research And Development": 394835.0,
        "Selling General And Administration": 9082997.0,
        "General And Administrative Expense": 9082997.0,
        "Other Gand A": 9082997.0,
        "Gross Profit": 6609719.0,
        "Cost Of Revenue": 18661407.0,
        "Total Revenue": 25271126.0,
        "Operating Revenue": 25271126.0
    },
    "2022-03-31": {
        "Diluted EPS": -0.17,
        "Total Revenue": 26,
        "Gross Profit": 6,
        "Operating Income": -4,
        "EBIT": -2,
        "Net Income": -4
    },
    "2021-12-31": {
        "Diluted EPS": -0.56,
        "Total Revenue": 11,
        "Gross Profit": -1,
        "Operating Income": -12,
        "EBIT": -11,
        "Net Income": -12
    },
    "2021-09-30": {
        "Diluted EPS": 0.08,
        "Total Revenue": 17,
        "Gross Profit": 4,
        "Operating Income": -2,
        "EBIT": -1,
        "Net Income": 2
    },
    "2021-06-30": {
        "Diluted EPS": -0.16,
        "Total Revenue": 14,
        "Gross Profit": 4,
        "Operating Income": -3,
        "EBIT": -2,
        "Net Income": -3
    },
    "2021-03-31": {
        "Diluted EPS": -0.32,
        "Total Revenue": 9,
        "Gross Profit": 1,
        "Operating Income": -5,
        "EBIT": -4,
        "Net Income": -6
    },
    "2020-12-31": {
        "Diluted EPS": -0.32,
        "Total Revenue": 7,
        "Gross Profit": 0,
        "Operating Income": -3,
        "EBIT": -2,
        "Net Income": -4
    },
    "2020-09-30": {
        "Diluted EPS": -0.08,
        "Total Revenue": 9,
        "Gross Profit": 1,
        "Operating Income": -1,
        "EBIT": 0,
        "Net Income": -1
    },
    "2020-06-30": {
        "Diluted EPS": -0.16,
        "Total Revenue": 9,
        "Gross Profit": 2,
        "Operating Income": -2,
        "EBIT": -1,
        "Net Income": -3
    },
    "2020-03-31": {
        "Diluted EPS": 0.08,
        "Total Revenue": 9,
        "Gross Profit": 2,
        "Operating Income": -1,
        "EBIT": 0,
        "Net Income": 0
    },
    "2019-12-31": {
        "Diluted EPS": 0.24,
        "Total Revenue": 7,
        "Gross Profit": 0,
        "Operating Income": -1,
        "EBIT": -2,
        "Net Income": -2
    },
    "2019-09-30": {
        "Diluted EPS": 0.24,
        "Total Revenue": 7,
        "Gross Profit": 2,
        "Operating Income": 0,
        "EBIT": 1,
        "Net Income": 3
    },
    "2019-06-30": {
        "Diluted EPS": -1.04,
        "Total Revenue": 6,
        "Gross Profit": 1,
        "Operating Income": -1,
        "EBIT": -1,
        "Net Income": -5
    },
    "2019-03-31": {
        "Diluted EPS": 0.24,
        "Total Revenue": 7,
        "Gross Profit": 2,
        "Operating Income": 0,
        "EBIT": 0,
        "Net Income": 1
    },
    "2018-12-31": {
        "Diluted EPS": 0.0,
        "Total Revenue": NaN,
        "Gross Profit": NaN,
        "Operating Income": NaN,
        "EBIT": NaN,
        "Net Income": NaN
    },
    "2018-09-30": {
        "Diluted EPS": -0.72,
        "Total Revenue": 4,
        "Gross Profit": 2,
        "Operating Income": 0,
        "EBIT": 0,
        "Net Income": -3
    },
    "2023-06-30": {
        "Tax Effect Of Unusual Items": 0.0,
        "Tax Rate For Calcs": 0.054007,
        "Normalized EBITDA": -2117633.0,
        "Total Unusual Items": 0.0,
        "Total Unusual Items Excluding Goodwill": 0.0,
        "Net Income From Continuing Operation Net Minority Interest": -4551866.0,
        "Reconciled Depreciation": 1585355.0,
        "Reconciled Cost Of Revenue": 20234936.0,
        "EBITDA": -2117633.0,
        "EBIT": -3702988.0,
        "Net Interest Income": -1108745.0,
        "Interest Expense": 1108745.0,
        "Normalized Income": -4551866.0,
        "Net Income From Continuing And Discontinued Operation": -4551866.0,
        "Total Expenses": 31740920.0,
        "Total Operating Income As Reported": -3718894.0,
        "Diluted Average Shares": 25103271.0,
        "Basic Average Shares": 25103271.0,
        "Diluted EPS": -0.18,
        "Basic EPS": -0.18,
        "Diluted NI Availto Com Stockholders": -4551866.0,
        "Net Income Common Stockholders": -4551866.0,
        "Net Income": -4551866.0,
        "Minority Interests": NaN,
        "Net Income Including Noncontrolling Interests": -4551866.0,
        "Net Income Continuous Operations": -4551866.0,
        "Tax Provision": -259867.0,
        "Pretax Income": -4811733.0,
        "Other Income Expense": 15906.0,
        "Other Non Operating Income Expenses": 15906.0,
        "Special Income Charges": 0.0,
        "Gain On Sale Of Ppe": 0.0,
        "Other Special Charges": NaN,
        "Impairment Of Capital Assets": NaN,
        "Gain On Sale Of Security": NaN,
        "Net Non Operating Interest Income Expense": -1108745.0,
        "Interest Expense Non Operating": 1108745.0,
        "Operating Income": -3718894.0,
        "Operating Expense": 11505984.0,
        "Research And Development": 1612530.0,
        "Selling General And Administration": 9893454.0,
        "General And Administrative Expense": 9893454.0,
        "Other Gand A": 9893454.0,
        "Gross Profit": 7787090.0,
        "Cost Of Revenue": 20234936.0,
        "Total Revenue": 28022026.0,
        "Operating Revenue": 28022026.0
    },
    "2023-09-30": {
        "Tax Effect Of Unusual Items": -92316.378791,
        "Tax Rate For Calcs": 0.002813,
        "Normalized EBITDA": -5570796.0,
        "Total Unusual Items": -32815101.0,
        "Total Unusual Items Excluding Goodwill": -32815101.0,
        "Net Income From Continuing Operation Net Minority Interest": -40867608.0,
        "Reconciled Depreciation": 1489478.0,
        "Reconciled Cost Of Revenue": 22237697.0,
        "EBITDA": -38385897.0,
        "EBIT": -39875375.0,
        "Net Interest Income": -1196297.0,
        "Interest Expense": 1196297.0,
        "Normalized Income": -8144823.378791,
        "Net Income From Continuing And Discontinued Operation": -40867608.0,
        "Total Expenses": 32624568.0,
        "Total Operating Income As Reported": -40329177.0,
        "Diluted Average Shares": 27409203.0,
        "Basic Average Shares": 27409203.0,
        "Diluted EPS": -1.49,
        "Basic EPS": -1.49,
        "Diluted NI Availto Com Stockholders": -40867608.0,
        "Net Income Common Stockholders": -40867608.0,
        "Net Income": -40867608.0,
        "Minority Interests": 88520.0,
        "Net Income Including Noncontrolling Interests": -40956128.0,
        "Net Income Continuous Operations": -40956128.0,
        "Tax Provision": -115544.0,
        "Pretax Income": -41071672.0,
        "Other Income Expense": -32851611.0,
        "Other Non Operating Income Expenses": -36510.0,
        "Special Income Charges": -32815101.0,
        "Gain On Sale Of Ppe": NaN,
        "Other Special Charges": -490312.0,
        "Impairment Of Capital Assets": 33305413.0,
        "Gain On Sale Of Security": NaN,
        "Net Non Operating Interest Income Expense": -1196297.0,
        "Interest Expense Non Operating": 1196297.0,
        "Operating Income": -7023764.0,
        "Operating Expense": 10386871.0,
        "Research And Development": 1412219.0,
        "Selling General And Administration": 8974652.0,
        "General And Administrative Expense": 8974652.0,
        "Other Gand A": 8974652.0,
        "Gross Profit": 3363107.0,
        "Cost Of Revenue": 22237697.0,
        "Total Revenue": 25600804.0,
        "Operating Revenue": 25600804.0
    }
}