{
    "2023-03-31": {
        "Tax Effect Of Unusual Items": NaN,
        "Tax Rate For Calcs": NaN,
        "Normalized EBITDA": NaN,
        "Total Unusual Items": NaN,
        "Total Unusual Items Excluding Goodwill": NaN,
        "Net Income From Continuing Operation Net Minority Interest": NaN,
        "Reconciled Depreciation": NaN,
        "EBITDA": NaN,
        "EBIT": NaN,
        "Net Interest Income": 55000.0,
        "Interest Income": 55000.0,
        "Normalized Income": NaN,
        "Net Income From Continuing And Discontinued Operation": NaN,
        "Total Expenses": NaN,
        "Total Operating Income As Reported": NaN,
        "Diluted Average Shares": NaN,
        "Basic Average Shares": NaN,
        "Diluted EPS": NaN,
        "Basic EPS": NaN,
        "Diluted NI Availto Com Stockholders": NaN,
        "Net Income Common Stockholders": NaN,
        "Net Income": NaN,
        "Net Income Including Noncontrolling Interests": NaN,
        "Net Income Continuous Operations": NaN,
        "Pretax Income": NaN,
        "Other Income Expense": NaN,
        "Other Non Operating Income Expenses": NaN,
        "Special Income Charges": NaN,
        "Restructuring And Mergern Acquisition": NaN,
        "Net Non Operating Interest Income Expense": 55000.0,
        "Interest Income Non Operating": 55000.0,
        "Operating Income": NaN,
        "Operating Expense": NaN,
        "Research And Development": NaN,
        "Selling General And Administration": NaN,
        "General And Administrative Expense": NaN,
        "Other Gand A": NaN,
        "Total Revenue": NaN,
        "Operating Revenue": NaN
    },
    "2022-12-31": {
        "Tax Effect Of Unusual Items": NaN,
        "Tax Rate For Calcs": NaN,
        "Normalized EBITDA": NaN,
        "Total Unusual Items": NaN,
        "Total Unusual Items Excluding Goodwill": NaN,
        "Net Income From Continuing Operation Net Minority Interest": NaN,
        "Reconciled Depreciation": NaN,
        "EBITDA": NaN,
        "EBIT": NaN,
        "Net Interest Income": 120000.0,
        "Interest Income": 120000.0,
        "Normalized Income": NaN,
        "Net Income From Continuing And Discontinued Operation": NaN,
        "Total Expenses": NaN,
        "Total Operating Income As Reported": NaN,
        "Diluted Average Shares": NaN,
        "Basic Average Shares": NaN,
        "Diluted EPS": NaN,
        "Basic EPS": NaN,
        "Diluted NI Availto Com Stockholders": NaN,
        "Net Income Common Stockholders": NaN,
        "Net Income": NaN,
        "Net Income Including Noncontrolling Interests": NaN,
        "Net Income Continuous Operations": NaN,
        "Pretax Income": NaN,
        "Other Income Expense": NaN,
        "Other Non Operating Income Expenses": NaN,
        "Special Income Charges": NaN,
        "Restructuring And Mergern Acquisition": NaN,
        "Net Non Operating Interest Income Expense": 120000.0,
        "Interest Income Non Operating": 120000.0,
        "Operating Income": NaN,
        "Operating Expense": NaN,
        "Research And Development": NaN,
        "Selling General And Administration": NaN,
        "General And Administrative Expense": NaN,
        "Other Gand A": NaN,
        "Total Revenue": NaN,
        "Operating Revenue": NaN
    },
    "2022-09-30": {
        "Tax Effect Of Unusual Items": NaN,
        "Tax Rate For Calcs": NaN,
        "Normalized EBITDA": NaN,
        "Total Unusual Items": NaN,
        "Total Unusual Items Excluding Goodwill": NaN,
        "Net Income From Continuing Operation Net Minority Interest": NaN,
        "Reconciled Depreciation": NaN,
        "EBITDA": NaN,
        "EBIT": NaN,
        "Net Interest Income": NaN,
        "Interest Income": NaN,
        "Normalized Income": NaN,
        "Net Income From Continuing And Discontinued Operation": NaN,
        "Total Expenses": NaN,
        "Total Operating Income As Reported": NaN,
        "Diluted Average Shares": 4541179.0,
        "Basic Average Shares": 4541179.0,
        "Diluted EPS": -1.4,
        "Basic EPS": -1.4,
        "Diluted NI Availto Com Stockholders": NaN,
        "Net Income Common Stockholders": NaN,
        "Net Income": NaN,
        "Net Income Including Noncontrolling Interests": NaN,
        "Net Income Continuous Operations": NaN,
        "Pretax Income": NaN,
        "Other Income Expense": NaN,
        "Other Non Operating Income Expenses": NaN,
        "Special Income Charges": NaN,
        "Restructuring And Mergern Acquisition": NaN,
        "Net Non Operating Interest Income Expense": NaN,
        "Interest Income Non Operating": NaN,
        "Operating Income": NaN,
        "Operating Expense": NaN,
        "Research And Development": NaN,
        "Selling General And Administration": NaN,
        "General And Administrative Expense": NaN,
        "Other Gand A": NaN,
        "Total Revenue": NaN,
        "Operating Revenue": NaN
    },
    "2022-06-30": {
        "Tax Effect Of Unusual Items": 0.0,
        "Tax Rate For Calcs": 0.0,
        "Normalized EBITDA": -7999000.0,
        "Total Unusual Items": NaN,
        "Total Unusual Items Excluding Goodwill": NaN,
        "Net Income From Continuing Operation Net Minority Interest": -7992000.0,
        "Reconciled Depreciation": 42000.0,
        "EBITDA": -7999000.0,
        "EBIT": -8041000.0,
        "Net Interest Income": 49000.0,
        "Interest Income": 49000.0,
        "Normalized Income": -7992000.0,
        "Net Income From Continuing And Discontinued Operation": -7992000.0,
        "Total Expenses": 8041000.0,
        "Total Operating Income As Reported": -8041000.0,
        "Diluted Average Shares": 4541179.0,
        "Basic Average Shares": 4541179.0,
        "Diluted EPS": -1.76,
        "Basic EPS": -1.76,
        "Diluted NI Availto Com Stockholders": -7992000.0,
        "Net Income Common Stockholders": -7992000.0,
        "Net Income": -7992000.0,
        "Net Income Including Noncontrolling Interests": -7992000.0,
        "Net Income Continuous Operations": -7992000.0,
        "Pretax Income": -7992000.0,
        "Other Income Expense": NaN,
        "Other Non Operating Income Expenses": NaN,
        "Special Income Charges": NaN,
        "Restructuring And Mergern Acquisition": NaN,
        "Net Non Operating Interest Income Expense": 49000.0,
        "Interest Income Non Operating": 49000.0,
        "Operating Income": -8041000.0,
        "Operating Expense": 8041000.0,
        "Research And Development": 5433000.0,
        "Selling General And Administration": 2608000.0,
        "General And Administrative Expense": 2608000.0,
        "Other Gand A": 2608000.0,
        "Total Revenue": 0.0,
        "Operating Revenue": 0.0
    },
    "2022-03-31": {
        "Diluted EPS": -1.86,
        "Total Revenue": NaN,
        "Gross Profit": NaN,
        "Operating Income": -8,
        "EBIT": -8,
        "Net Income": -8
    },
    "2021-12-31": {
        "Diluted EPS": -1.69,
        "Total Revenue": NaN,
        "Gross Profit": NaN,
        "Operating Income": -7,
        "EBIT": -7,
        "Net Income": -7
    },
    "2021-09-30": {
        "Diluted EPS": -1.4,
        "Total Revenue": NaN,
        "Gross Profit": NaN,
        "Operating Income": -7,
        "EBIT": -7,
        "Net Income": -7
    },
    "2021-06-30": {
        "Diluted EPS": -1.2,
        "Total Revenue": NaN,
        "Gross Profit": NaN,
        "Operating Income": -6,
        "EBIT": -6,
        "Net Income": -6
    },
    "2021-03-31": {
        "Diluted EPS": -1.6,
        "Total Revenue": NaN,
        "Gross Profit": NaN,
        "Operating Income": -7,
        "EBIT": -7,
        "Net Income": -7
    },
    "2020-12-31": {
        "Diluted EPS": -2.0,
        "Total Revenue": NaN,
        "Gross Profit": NaN,
        "Operating Income": -4,
        "EBIT": -4,
        "Net Income": -5
    },
    "2020-09-30": {
        "Diluted EPS": -2.6,
        "Total Revenue": NaN,
        "Gross Profit": NaN,
        "Operating Income": -5,
        "EBIT": -5,
        "Net Income": -5
    },
    "2020-06-30": {
        "Diluted EPS": -2.8,
        "Total Revenue": NaN,
        "Gross Profit": NaN,
        "Operating Income": -4,
        "EBIT": -4,
        "Net Income": -4
    },
    "2020-03-31": {
        "Diluted EPS": -4.8,
        "Total Revenue": NaN,
        "Gross Profit": NaN,
        "Operating Income": -7,
        "EBIT": -7,
        "Net Income": -7
    },
    "2019-12-31": {
        "Diluted EPS": -3.4,
        "Total Revenue": NaN,
        "Gross Profit": NaN,
        "Operating Income": -7,
        "EBIT": -7,
        "Net Income": -7
    },
    "2019-09-30": {
        "Diluted EPS": -5.6,
        "Total Revenue": NaN,
        "Gross Profit": NaN,
        "Operating Income": -8,
        "EBIT": -8,
        "Net Income": -8
    },
    "2019-06-30": {
        "Diluted EPS": -5.2,
        "Total Revenue": NaN,
        "Gross Profit": NaN,
        "Operating Income": -7,
        "EBIT": -7,
        "Net Income": -7
    },
    "2019-03-31": {
        "Diluted EPS": -9.8,
        "Total Revenue": NaN,
        "Gross Profit": NaN,
        "Operating Income": -7,
        "EBIT": -7,
        "Net Income": -7
    },
    "2018-12-31": {
        "Diluted EPS": -9.6,
        "Total Revenue": NaN,
        "Gross Profit": NaN,
        "Operating Income": -7,
        "EBIT": -7,
        "Net Income": -7
    },
    "2018-09-30": {
        "Diluted EPS": -10.0,
        "Total Revenue": NaN,
        "Gross Profit": NaN,
        "Operating Income": -7,
        "EBIT": -8,
        "Net Income": -7
    },
    "2018-06-30": {
        "Diluted EPS": -12.8,
        "Total Revenue": NaN,
        "Gross Profit": NaN,
        "Operating Income": -10,
        "EBIT": -10,
        "Net Income": -9
    },
    "2018-03-31": {
        "Diluted EPS": -10.4,
        "Total Revenue": NaN,
        "Gross Profit": NaN,
        "Operating Income": -8,
        "EBIT": -8,
        "Net Income": -8
    },
    "2017-12-31": {
        "Diluted EPS": 379.4,
        "Total Revenue": NaN,
        "Gross Profit": NaN,
        "Operating Income": -7,
        "EBIT": -7,
        "Net Income": -7
    },
    "2017-09-30": {
        "Diluted EPS": -9.0,
        "Total Revenue": NaN,
        "Gross Profit": NaN,
        "Operating Income": -6,
        "EBIT": -6,
        "Net Income": -6
    },
    "2017-06-30": {
        "Diluted EPS": -219.6,
        "Total Revenue": NaN,
        "Gross Profit": NaN,
        "Operating Income": -5,
        "EBIT": -5,
        "Net Income": -5
    },
    "2017-03-31": {
        "Diluted EPS": -211.6,
        "Total Revenue": NaN,
        "Gross Profit": NaN,
        "Operating Income": -5,
        "EBIT": -5,
        "Net Income": -5
    },
    "2016-12-31": {
        "Diluted EPS": 0.0,
        "Total Revenue": NaN,
        "Gross Profit": NaN,
        "Operating Income": NaN,
        "EBIT": NaN,
        "Net Income": NaN
    },
    "2016-09-30": {
        "Diluted EPS": -196.8,
        "Total Revenue": NaN,
        "Gross Profit": NaN,
        "Operating Income": -4,
        "EBIT": -4,
        "Net Income": -4
    },
    "2016-06-30": {
        "Diluted EPS": -259.0,
        "Total Revenue": NaN,
        "Gross Profit": NaN,
        "Operating Income": -6,
        "EBIT": -6,
        "Net Income": -6
    },
    "2015-12-31": {
        "Diluted EPS": 0.0,
        "Total Revenue": NaN,
        "Gross Profit": NaN,
        "Operating Income": NaN,
        "EBIT": NaN,
        "Net Income": NaN
    },
    "2023-06-30": {
        "Tax Effect Of Unusual Items": NaN,
        "Tax Rate For Calcs": NaN,
        "Normalized EBITDA": NaN,
        "Total Unusual Items": NaN,
        "Total Unusual Items Excluding Goodwill": NaN,
        "Net Income From Continuing Operation Net Minority Interest": NaN,
        "Reconciled Depreciation": NaN,
        "EBITDA": NaN,
        "EBIT": NaN,
        "Net Interest Income": 112000.0,
        "Interest Income": 112000.0,
        "Normalized Income": NaN,
        "Net Income From Continuing And Discontinued Operation": NaN,
        "Total Expenses": NaN,
        "Total Operating Income As Reported": NaN,
        "Diluted Average Shares": 4541167.0,
        "Basic Average Shares": 4541167.0,
        "Diluted EPS": -0.39,
        "Basic EPS": -0.39,
        "Diluted NI Availto Com Stockholders": NaN,
        "Net Income Common Stockholders": NaN,
        "Net Income": NaN,
        "Net Income Including Noncontrolling Interests": NaN,
        "Net Income Continuous Operations": NaN,
        "Pretax Income": NaN,
        "Other Income Expense": NaN,
        "Other Non Operating Income Expenses": 205000.0,
        "Special Income Charges": NaN,
        "Restructuring And Mergern Acquisition": NaN,
        "Net Non Operating Interest Income Expense": 112000.0,
        "Interest Income Non Operating": 112000.0,
        "Operating Income": NaN,
        "Operating Expense": NaN,
        "Research And Development": NaN,
        "Selling General And Administration": NaN,
        "General And Administrative Expense": NaN,
        "Other Gand A": NaN,
        "Total Revenue": NaN,
        "Operating Revenue": NaN
    },
    "2023-09-30": {
        "Tax Effect Of Unusual Items": 0.0,
        "Tax Rate For Calcs": 0.0,
        "Normalized EBITDA": -1959000.0,
        "Total Unusual Items": -6000.0,
        "Total Unusual Items Excluding Goodwill": -6000.0,
        "Net Income From Continuing Operation Net Minority Interest": -1827000.0,
        "Reconciled Depreciation": 12000.0,
        "EBITDA": -1965000.0,
        "EBIT": -1977000.0,
        "Net Interest Income": 155000.0,
        "Interest Income": 155000.0,
        "Normalized Income": -1821000.0,
        "Net Income From Continuing And Discontinued Operation": -1827000.0,
        "Total Expenses": 1977000.0,
        "Total Operating Income As Reported": -1983000.0,
        "Diluted Average Shares": 4541167.0,
        "Basic Average Shares": 4541167.0,
        "Diluted EPS": -0.4,
        "Basic EPS": -0.4,
        "Diluted NI Availto Com Stockholders": -1827000.0,
        "Net Income Common Stockholders": -1827000.0,
        "Net Income": -1827000.0,
        "Net Income Including Noncontrolling Interests": -1827000.0,
        "Net Income Continuous Operations": -1827000.0,
        "Pretax Income": -1827000.0,
        "Other Income Expense": 150000.0,
        "Other Non Operating Income Expenses": 156000.0,
        "Special Income Charges": -6000.0,
        "Restructuring And Mergern Acquisition": 6000.0,
        "Net Non Operating Interest Income Expense": 155000.0,
        "Interest Income Non Operating": 155000.0,
        "Operating Income": -1977000.0,
        "Operating Expense": 1977000.0,
        "Research And Development": 22000.0,
        "Selling General And Administration": 1955000.0,
        "General And Administrative Expense": 1955000.0,
        "Other Gand A": 1955000.0,
        "Total Revenue": 0.0,
        "Operating Revenue": 0.0
    },
    "2023-12-31": {
        "Tax Effect Of Unusual Items": 0.0,
        "Tax Rate For Calcs": 0.0,
        "Normalized EBITDA": -7462000.0,
        "Total Unusual Items": 212000.0,
        "Total Unusual Items Excluding Goodwill": 212000.0,
        "Net Income From Continuing Operation Net Minority Interest": -7339000.0,
        "Reconciled Depreciation": 52000.0,
        "EBITDA": -7250000.0,
        "EBIT": -7302000.0,
        "Net Interest Income": 78000.0,
        "Interest Income": 78000.0,
        "Normalized Income": -7551000.0,
        "Net Income From Continuing And Discontinued Operation": -7339000.0,
        "Total Expenses": 7302000.0,
        "Total Operating Income As Reported": -7290000.0,
        "Diluted Average Shares": NaN,
        "Basic Average Shares": NaN,
        "Diluted EPS": NaN,
        "Basic EPS": NaN,
        "Diluted NI Availto Com Stockholders": -7339000.0,
        "Net Income Common Stockholders": -7339000.0,
        "Net Income": -7339000.0,
        "Net Income Including Noncontrolling Interests": -7283000.0,
        "Net Income Continuous Operations": -7283000.0,
        "Pretax Income": -7283000.0,
        "Other Income Expense": -59000.0,
        "Other Non Operating Income Expenses": NaN,
        "Special Income Charges": 12000.0,
        "Restructuring And Mergern Acquisition": -12000.0,
        "Net Non Operating Interest Income Expense": 78000.0,
        "Interest Income Non Operating": 78000.0,
        "Operating Income": -7302000.0,
        "Operating Expense": 7302000.0,
        "Research And Development": 1972000.0,
        "Selling General And Administration": 5330000.0,
        "General And Administrative Expense": 5330000.0,
        "Other Gand A": 2607000.0,
        "Total Revenue": 0.0,
        "Operating Revenue": 0.0
    },
    "2024-03-31": {
        "Tax Effect Of Unusual Items": 0.0,
        "Tax Rate For Calcs": 0.0,
        "Normalized EBITDA": -7146000.0,
        "Total Unusual Items": 0.0,
        "Total Unusual Items Excluding Goodwill": 0.0,
        "Net Income From Continuing Operation Net Minority Interest": -7113000.0,
        "Reconciled Depreciation": 59000.0,
        "EBITDA": -7146000.0,
        "EBIT": -7205000.0,
        "Net Interest Income": NaN,
        "Interest Income": NaN,
        "Normalized Income": -7113000.0,
        "Net Income From Continuing And Discontinued Operation": -7113000.0,
        "Total Expenses": 7205000.0,
        "Total Operating Income As Reported": -7205000.0,
        "Diluted Average Shares": 8301798.0,
        "Basic Average Shares": 8301798.0,
        "Diluted EPS": -0.86,
        "Basic EPS": -0.86,
        "Diluted NI Availto Com Stockholders": -7113000.0,
        "Net Income Common Stockholders": -7113000.0,
        "Net Income": -7113000.0,
        "Net Income Including Noncontrolling Interests": -7113000.0,
        "Net Income Continuous Operations": -7113000.0,
        "Pretax Income": -7113000.0,
        "Other Income Expense": 92000.0,
        "Other Non Operating Income Expenses": 92000.0,
        "Special Income Charges": 0.0,
        "Restructuring And Mergern Acquisition": 0.0,
        "Net Non Operating Interest Income Expense": NaN,
        "Interest Income Non Operating": NaN,
        "Operating Income": -7205000.0,
        "Operating Expense": 7205000.0,
        "Research And Development": 3463000.0,
        "Selling General And Administration": 3742000.0,
        "General And Administrative Expense": 3742000.0,
        "Other Gand A": 3742000.0,
        "Total Revenue": 0.0,
        "Operating Revenue": 0.0
    },
    "2024-06-30": {
        "Tax Effect Of Unusual Items": 0.0,
        "Tax Rate For Calcs": 0.0,
        "Normalized EBITDA": -9035000.0,
        "Total Unusual Items": 0.0,
        "Total Unusual Items Excluding Goodwill": 0.0,
        "Net Income From Continuing Operation Net Minority Interest": -8942000.0,
        "Reconciled Depreciation": 4000.0,
        "EBITDA": -9035000.0,
        "EBIT": -9039000.0,
        "Net Interest Income": NaN,
        "Interest Income": NaN,
        "Normalized Income": -8942000.0,
        "Net Income From Continuing And Discontinued Operation": -8942000.0,
        "Total Expenses": 9039000.0,
        "Total Operating Income As Reported": -9039000.0,
        "Diluted Average Shares": 19911462.0,
        "Basic Average Shares": 19911462.0,
        "Diluted EPS": -0.45,
        "Basic EPS": -0.45,
        "Diluted NI Availto Com Stockholders": -8942000.0,
        "Net Income Common Stockholders": -8942000.0,
        "Net Income": -8942000.0,
        "Net Income Including Noncontrolling Interests": -8942000.0,
        "Net Income Continuous Operations": -8942000.0,
        "Pretax Income": -8942000.0,
        "Other Income Expense": 97000.0,
        "Other Non Operating Income Expenses": 97000.0,
        "Special Income Charges": 0.0,
        "Restructuring And Mergern Acquisition": 0.0,
        "Net Non Operating Interest Income Expense": NaN,
        "Interest Income Non Operating": NaN,
        "Operating Income": -9039000.0,
        "Operating Expense": 9039000.0,
        "Research And Development": 3741000.0,
        "Selling General And Administration": 5298000.0,
        "General And Administrative Expense": 5298000.0,
        "Other Gand A": 5298000.0,
        "Total Revenue": 0.0,
        "Operating Revenue": 0.0
    },
    "2024-09-30": {
        "Tax Effect Of Unusual Items": 0.0,
        "Tax Rate For Calcs": 0.0,
        "Normalized EBITDA": -6071000.0,
        "Total Unusual Items": 0.0,
        "Total Unusual Items Excluding Goodwill": 0.0,
        "Net Income From Continuing Operation Net Minority Interest": -5847000.0,
        "Reconciled Depreciation": 0.0,
        "EBITDA": -6071000.0,
        "EBIT": -6071000.0,
        "Net Interest Income": NaN,
        "Interest Income": NaN,
        "Normalized Income": -5847000.0,
        "Net Income From Continuing And Discontinued Operation": -5847000.0,
        "Total Expenses": 6071000.0,
        "Total Operating Income As Reported": -6071000.0,
        "Diluted Average Shares": 21663089.0,
        "Basic Average Shares": 21663089.0,
        "Diluted EPS": -0.27,
        "Basic EPS": -0.27,
        "Diluted NI Availto Com Stockholders": -5847000.0,
        "Net Income Common Stockholders": -5847000.0,
        "Net Income": -5847000.0,
        "Net Income Including Noncontrolling Interests": -5847000.0,
        "Net Income Continuous Operations": -5847000.0,
        "Pretax Income": -5847000.0,
        "Other Income Expense": 224000.0,
        "Other Non Operating Income Expenses": 224000.0,
        "Special Income Charges": 0.0,
        "Restructuring And Mergern Acquisition": 0.0,
        "Net Non Operating Interest Income Expense": NaN,
        "Interest Income Non Operating": NaN,
        "Operating Income": -6071000.0,
        "Operating Expense": 6071000.0,
        "Research And Development": 3722000.0,
        "Selling General And Administration": 2349000.0,
        "General And Administrative Expense": 2349000.0,
        "Other Gand A": 2349000.0,
        "Total Revenue": 0.0,
        "Operating Revenue": 0.0
    }
}