{
    "2023-03-31": {
        "Tax Effect Of Unusual Items": NaN,
        "Tax Rate For Calcs": NaN,
        "Normalized EBITDA": NaN,
        "Total Unusual Items": NaN,
        "Total Unusual Items Excluding Goodwill": NaN,
        "Net Income From Continuing Operation Net Minority Interest": NaN,
        "Reconciled Depreciation": NaN,
        "Reconciled Cost Of Revenue": NaN,
        "EBITDA": NaN,
        "EBIT": NaN,
        "Net Interest Income": NaN,
        "Interest Expense": NaN,
        "Interest Income": NaN,
        "Normalized Income": NaN,
        "Net Income From Continuing And Discontinued Operation": NaN,
        "Total Expenses": NaN,
        "Rent Expense Supplemental": NaN,
        "Total Operating Income As Reported": NaN,
        "Diluted Average Shares": NaN,
        "Basic Average Shares": NaN,
        "Diluted EPS": NaN,
        "Basic EPS": NaN,
        "Diluted NI Availto Com Stockholders": NaN,
        "Net Income Common Stockholders": NaN,
        "Net Income": NaN,
        "Minority Interests": NaN,
        "Net Income Including Noncontrolling Interests": NaN,
        "Net Income Continuous Operations": NaN,
        "Tax Provision": NaN,
        "Pretax Income": NaN,
        "Other Income Expense": NaN,
        "Other Non Operating Income Expenses": NaN,
        "Special Income Charges": NaN,
        "Other Special Charges": 42148000.0,
        "Impairment Of Capital Assets": NaN,
        "Restructuring And Mergern Acquisition": 12942000.0,
        "Gain On Sale Of Security": NaN,
        "Net Non Operating Interest Income Expense": NaN,
        "Interest Expense Non Operating": NaN,
        "Interest Income Non Operating": NaN,
        "Operating Income": NaN,
        "Operating Expense": NaN,
        "Other Operating Expenses": NaN,
        "Depreciation Amortization Depletion Income Statement": NaN,
        "Depreciation And Amortization In Income Statement": NaN,
        "Selling General And Administration": NaN,
        "Selling And Marketing Expense": NaN,
        "General And Administrative Expense": NaN,
        "Other Gand A": NaN,
        "Rent And Landing Fees": NaN,
        "Gross Profit": NaN,
        "Cost Of Revenue": NaN,
        "Total Revenue": NaN,
        "Operating Revenue": NaN
    },
    "2022-12-31": {
        "Tax Effect Of Unusual Items": NaN,
        "Tax Rate For Calcs": NaN,
        "Normalized EBITDA": NaN,
        "Total Unusual Items": NaN,
        "Total Unusual Items Excluding Goodwill": NaN,
        "Net Income From Continuing Operation Net Minority Interest": NaN,
        "Reconciled Depreciation": NaN,
        "Reconciled Cost Of Revenue": NaN,
        "EBITDA": NaN,
        "EBIT": NaN,
        "Net Interest Income": NaN,
        "Interest Expense": NaN,
        "Interest Income": 32898.317499,
        "Normalized Income": NaN,
        "Net Income From Continuing And Discontinued Operation": NaN,
        "Total Expenses": NaN,
        "Rent Expense Supplemental": NaN,
        "Total Operating Income As Reported": NaN,
        "Diluted Average Shares": NaN,
        "Basic Average Shares": NaN,
        "Diluted EPS": NaN,
        "Basic EPS": NaN,
        "Diluted NI Availto Com Stockholders": NaN,
        "Net Income Common Stockholders": NaN,
        "Net Income": NaN,
        "Minority Interests": NaN,
        "Net Income Including Noncontrolling Interests": NaN,
        "Net Income Continuous Operations": NaN,
        "Tax Provision": NaN,
        "Pretax Income": NaN,
        "Other Income Expense": NaN,
        "Other Non Operating Income Expenses": NaN,
        "Special Income Charges": NaN,
        "Gain On Sale Of Ppe": -1.2102,
        "Gain On Sale Of Business": 430705.813629,
        "Other Special Charges": NaN,
        "Write Off": 2118180.828019,
        "Impairment Of Capital Assets": NaN,
        "Restructuring And Mergern Acquisition": NaN,
        "Earnings From Equity Interest": -119691.206737,
        "Gain On Sale Of Security": NaN,
        "Net Non Operating Interest Income Expense": NaN,
        "Interest Expense Non Operating": NaN,
        "Interest Income Non Operating": 32898.317499,
        "Operating Income": NaN,
        "Operating Expense": NaN,
        "Other Operating Expenses": NaN,
        "Depreciation Amortization Depletion Income Statement": NaN,
        "Depreciation And Amortization In Income Statement": NaN,
        "Amortization": 4148811.061827,
        "Amortization Of Intangibles Income Statement": 4148811.061827,
        "Selling General And Administration": NaN,
        "Selling And Marketing Expense": NaN,
        "General And Administrative Expense": NaN,
        "Other Gand A": NaN,
        "Rent And Landing Fees": NaN,
        "Gross Profit": NaN,
        "Cost Of Revenue": NaN,
        "Total Revenue": NaN,
        "Operating Revenue": NaN
    },
    "2022-09-30": {
        "Tax Effect Of Unusual Items": NaN,
        "Tax Rate For Calcs": NaN,
        "Normalized EBITDA": NaN,
        "Total Unusual Items": NaN,
        "Total Unusual Items Excluding Goodwill": NaN,
        "Net Income From Continuing Operation Net Minority Interest": NaN,
        "Reconciled Depreciation": NaN,
        "Reconciled Cost Of Revenue": NaN,
        "EBITDA": NaN,
        "EBIT": NaN,
        "Net Interest Income": NaN,
        "Interest Expense": NaN,
        "Interest Income": 84469.070616,
        "Normalized Income": NaN,
        "Net Income From Continuing And Discontinued Operation": NaN,
        "Total Expenses": NaN,
        "Rent Expense Supplemental": NaN,
        "Total Operating Income As Reported": NaN,
        "Diluted Average Shares": 57488068.0,
        "Basic Average Shares": 57488068.0,
        "Diluted EPS": -0.011724,
        "Basic EPS": -0.011724,
        "Diluted NI Availto Com Stockholders": NaN,
        "Net Income Common Stockholders": NaN,
        "Net Income": NaN,
        "Minority Interests": NaN,
        "Net Income Including Noncontrolling Interests": NaN,
        "Net Income Continuous Operations": NaN,
        "Tax Provision": NaN,
        "Pretax Income": NaN,
        "Other Income Expense": NaN,
        "Other Non Operating Income Expenses": NaN,
        "Special Income Charges": NaN,
        "Gain On Sale Of Ppe": 0.0,
        "Gain On Sale Of Business": NaN,
        "Other Special Charges": NaN,
        "Write Off": 0.0,
        "Impairment Of Capital Assets": 0.0,
        "Restructuring And Mergern Acquisition": 0.0,
        "Earnings From Equity Interest": -1137520.121306,
        "Gain On Sale Of Security": NaN,
        "Net Non Operating Interest Income Expense": NaN,
        "Interest Expense Non Operating": NaN,
        "Interest Income Non Operating": 84469.070616,
        "Operating Income": NaN,
        "Operating Expense": NaN,
        "Other Operating Expenses": NaN,
        "Depreciation Amortization Depletion Income Statement": NaN,
        "Depreciation And Amortization In Income Statement": NaN,
        "Amortization": 3013624.274314,
        "Amortization Of Intangibles Income Statement": 3013624.274314,
        "Selling General And Administration": NaN,
        "Selling And Marketing Expense": NaN,
        "General And Administrative Expense": NaN,
        "Other Gand A": NaN,
        "Rent And Landing Fees": NaN,
        "Gross Profit": NaN,
        "Cost Of Revenue": NaN,
        "Total Revenue": NaN,
        "Operating Revenue": NaN
    },
    "2022-06-30": {
        "Tax Effect Of Unusual Items": 33094.0,
        "Tax Rate For Calcs": 0.4,
        "Normalized EBITDA": 3624834.0,
        "Total Unusual Items": 82735.0,
        "Total Unusual Items Excluding Goodwill": 82735.0,
        "Net Income From Continuing Operation Net Minority Interest": 838884.0,
        "Reconciled Depreciation": 1565624.0,
        "Reconciled Cost Of Revenue": 14969032.0,
        "EBITDA": 3707569.0,
        "EBIT": 2141945.0,
        "Net Interest Income": -132975.0,
        "Interest Expense": 164026.0,
        "Interest Income": 31051.0,
        "Normalized Income": 789243.0,
        "Net Income From Continuing And Discontinued Operation": 838884.0,
        "Total Expenses": 22647599.0,
        "Rent Expense Supplemental": 1135000.0,
        "Total Operating Income As Reported": 1376660.0,
        "Diluted Average Shares": 57488068.0,
        "Basic Average Shares": 57488068.0,
        "Diluted EPS": 0.016786,
        "Basic EPS": 0.016786,
        "Diluted NI Availto Com Stockholders": 838884.0,
        "Net Income Common Stockholders": 838884.0,
        "Net Income": 838884.0,
        "Minority Interests": 3593.0,
        "Net Income Including Noncontrolling Interests": 835291.0,
        "Net Income Continuous Operations": 835291.0,
        "Tax Provision": 1142628.0,
        "Pretax Income": 1977919.0,
        "Other Income Expense": 734234.0,
        "Other Non Operating Income Expenses": 19.0,
        "Special Income Charges": 0.0,
        "Gain On Sale Of Ppe": 0.0,
        "Gain On Sale Of Business": NaN,
        "Other Special Charges": NaN,
        "Write Off": 0.0,
        "Impairment Of Capital Assets": 0.0,
        "Earnings From Equity Interest": 651480.0,
        "Gain On Sale Of Security": 82735.0,
        "Net Non Operating Interest Income Expense": -132975.0,
        "Interest Expense Non Operating": 164026.0,
        "Interest Income Non Operating": 31051.0,
        "Operating Income": 1376660.0,
        "Operating Expense": 7567631.0,
        "Other Operating Expenses": 570000.0,
        "Depreciation Amortization Depletion Income Statement": 1454688.0,
        "Depreciation And Amortization In Income Statement": 1454688.0,
        "Amortization": 1454688.0,
        "Amortization Of Intangibles Income Statement": 1454688.0,
        "Selling General And Administration": 6112943.0,
        "Selling And Marketing Expense": 219000.0,
        "General And Administrative Expense": 6112943.0,
        "Other Gand A": 6112943.0,
        "Rent And Landing Fees": 1135000.0,
        "Gross Profit": 8944291.0,
        "Cost Of Revenue": 15079968.0,
        "Total Revenue": 24024259.0,
        "Operating Revenue": 24024259.0
    },
    "2022-03-31": {
        "Diluted EPS": 129.24,
        "Total Revenue": 20,
        "Gross Profit": 20,
        "Operating Income": 1,
        "EBIT": 2,
        "Net Income": 1
    },
    "2021-12-31": {
        "Diluted EPS": 0.12,
        "Total Revenue": NaN,
        "Gross Profit": NaN,
        "Operating Income": 0,
        "EBIT": 0,
        "Net Income": 0
    },
    "2021-09-30": {
        "Diluted EPS": -0.13,
        "Total Revenue": NaN,
        "Gross Profit": NaN,
        "Operating Income": 0,
        "EBIT": 0,
        "Net Income": -6
    },
    "2021-06-30": {
        "Diluted EPS": 0.19,
        "Total Revenue": NaN,
        "Gross Profit": NaN,
        "Operating Income": 0,
        "EBIT": 0,
        "Net Income": 9
    },
    "2021-03-31": {
        "Diluted EPS": -0.21,
        "Total Revenue": NaN,
        "Gross Profit": NaN,
        "Operating Income": 0,
        "EBIT": 0,
        "Net Income": -5
    },
    "2020-12-31": {
        "Diluted EPS": 0.0,
        "Total Revenue": NaN,
        "Gross Profit": NaN,
        "Operating Income": NaN,
        "EBIT": NaN,
        "Net Income": NaN
    },
    "2023-06-30": {
        "Tax Effect Of Unusual Items": NaN,
        "Tax Rate For Calcs": NaN,
        "Normalized EBITDA": NaN,
        "Total Unusual Items": NaN,
        "Total Unusual Items Excluding Goodwill": NaN,
        "Net Income From Continuing Operation Net Minority Interest": NaN,
        "Reconciled Depreciation": NaN,
        "Reconciled Cost Of Revenue": NaN,
        "EBITDA": NaN,
        "EBIT": NaN,
        "Net Interest Income": NaN,
        "Interest Expense": NaN,
        "Interest Income": 0.0,
        "Normalized Income": NaN,
        "Net Income From Continuing And Discontinued Operation": NaN,
        "Total Expenses": NaN,
        "Rent Expense Supplemental": NaN,
        "Total Operating Income As Reported": NaN,
        "Diluted Average Shares": 114319307.0,
        "Basic Average Shares": 59286346.0,
        "Diluted EPS": 0.25,
        "Basic EPS": 0.72,
        "Diluted NI Availto Com Stockholders": NaN,
        "Net Income Common Stockholders": NaN,
        "Net Income": NaN,
        "Minority Interests": NaN,
        "Net Income Including Noncontrolling Interests": NaN,
        "Net Income Continuous Operations": NaN,
        "Tax Provision": NaN,
        "Pretax Income": NaN,
        "Other Income Expense": NaN,
        "Other Non Operating Income Expenses": NaN,
        "Special Income Charges": -31185000.0,
        "Other Special Charges": 1792000.0,
        "Impairment Of Capital Assets": 29393000.0,
        "Restructuring And Mergern Acquisition": 1792000.0,
        "Gain On Sale Of Security": NaN,
        "Net Non Operating Interest Income Expense": NaN,
        "Interest Expense Non Operating": NaN,
        "Interest Income Non Operating": 0.0,
        "Operating Income": NaN,
        "Operating Expense": NaN,
        "Other Operating Expenses": NaN,
        "Depreciation Amortization Depletion Income Statement": NaN,
        "Depreciation And Amortization In Income Statement": NaN,
        "Selling General And Administration": NaN,
        "Selling And Marketing Expense": NaN,
        "General And Administrative Expense": NaN,
        "Other Gand A": NaN,
        "Rent And Landing Fees": NaN,
        "Gross Profit": NaN,
        "Cost Of Revenue": NaN,
        "Total Revenue": NaN,
        "Operating Revenue": NaN
    },
    "2023-09-30": {
        "Tax Effect Of Unusual Items": -1464830.0,
        "Tax Rate For Calcs": 0.01,
        "Normalized EBITDA": -20723000.0,
        "Total Unusual Items": -146483000.0,
        "Total Unusual Items Excluding Goodwill": -146483000.0,
        "Net Income From Continuing Operation Net Minority Interest": -89671000.0,
        "Reconciled Depreciation": 3676000.0,
        "Reconciled Cost Of Revenue": 40009000.0,
        "EBITDA": -167206000.0,
        "EBIT": -170882000.0,
        "Net Interest Income": -3668000.0,
        "Interest Expense": 3668000.0,
        "Interest Income": 0.0,
        "Normalized Income": 55347170.0,
        "Net Income From Continuing And Discontinued Operation": -89671000.0,
        "Total Expenses": 73255000.0,
        "Rent Expense Supplemental": 3223000.0,
        "Total Operating Income As Reported": -25069000.0,
        "Diluted Average Shares": 63568646.0,
        "Basic Average Shares": 63568646.0,
        "Diluted EPS": -1.41,
        "Basic EPS": -1.41,
        "Diluted NI Availto Com Stockholders": -89671000.0,
        "Net Income Common Stockholders": -89671000.0,
        "Net Income": -89671000.0,
        "Minority Interests": 83097000.0,
        "Net Income Including Noncontrolling Interests": -172768000.0,
        "Net Income Continuous Operations": -172768000.0,
        "Tax Provision": -1782000.0,
        "Pretax Income": -174550000.0,
        "Other Income Expense": -145813000.0,
        "Other Non Operating Income Expenses": 670000.0,
        "Special Income Charges": -144524000.0,
        "Other Special Charges": NaN,
        "Impairment Of Capital Assets": 153859000.0,
        "Restructuring And Mergern Acquisition": -9335000.0,
        "Gain On Sale Of Security": -1959000.0,
        "Net Non Operating Interest Income Expense": -3668000.0,
        "Interest Expense Non Operating": 3668000.0,
        "Interest Income Non Operating": 0.0,
        "Operating Income": -25069000.0,
        "Operating Expense": 33246000.0,
        "Other Operating Expenses": 1082000.0,
        "Depreciation Amortization Depletion Income Statement": 3676000.0,
        "Depreciation And Amortization In Income Statement": 3676000.0,
        "Selling General And Administration": 28488000.0,
        "Selling And Marketing Expense": 658000.0,
        "General And Administrative Expense": 27830000.0,
        "Other Gand A": 24607000.0,
        "Rent And Landing Fees": 3223000.0,
        "Gross Profit": 8177000.0,
        "Cost Of Revenue": 40009000.0,
        "Total Revenue": 48186000.0,
        "Operating Revenue": 47485000.0
    },
    "2023-12-31": {
        "Tax Effect Of Unusual Items": -17126970.0,
        "Tax Rate For Calcs": 0.21,
        "Normalized EBITDA": 19108000.0,
        "Total Unusual Items": -81557000.0,
        "Total Unusual Items Excluding Goodwill": -81557000.0,
        "Net Income From Continuing Operation Net Minority Interest": -48587000.0,
        "Reconciled Depreciation": 5191000.0,
        "Reconciled Cost Of Revenue": 69659000.0,
        "EBITDA": -62449000.0,
        "EBIT": -67640000.0,
        "Net Interest Income": -4201000.0,
        "Interest Expense": 4201000.0,
        "Interest Income": NaN,
        "Normalized Income": 15843030.0,
        "Net Income From Continuing And Discontinued Operation": -48587000.0,
        "Total Expenses": 106987000.0,
        "Rent Expense Supplemental": 4059000.0,
        "Total Operating Income As Reported": -15279000.0,
        "Diluted Average Shares": NaN,
        "Basic Average Shares": NaN,
        "Diluted EPS": NaN,
        "Basic EPS": NaN,
        "Diluted NI Availto Com Stockholders": -48587000.0,
        "Net Income Common Stockholders": -48587000.0,
        "Net Income": -48587000.0,
        "Minority Interests": 25298000.0,
        "Net Income Including Noncontrolling Interests": -73885000.0,
        "Net Income Continuous Operations": -73885000.0,
        "Tax Provision": 2044000.0,
        "Pretax Income": -71841000.0,
        "Other Income Expense": -52361000.0,
        "Other Non Operating Income Expenses": 29196000.0,
        "Special Income Charges": -69737000.0,
        "Other Special Charges": NaN,
        "Impairment Of Capital Assets": 23525000.0,
        "Restructuring And Mergern Acquisition": NaN,
        "Gain On Sale Of Security": -11820000.0,
        "Net Non Operating Interest Income Expense": -4201000.0,
        "Interest Expense Non Operating": 4201000.0,
        "Interest Income Non Operating": NaN,
        "Operating Income": -15279000.0,
        "Operating Expense": 37328000.0,
        "Other Operating Expenses": 1580000.0,
        "Depreciation Amortization Depletion Income Statement": 5191000.0,
        "Depreciation And Amortization In Income Statement": 5191000.0,
        "Selling General And Administration": 30557000.0,
        "Selling And Marketing Expense": 465000.0,
        "General And Administrative Expense": 30092000.0,
        "Other Gand A": 26033000.0,
        "Rent And Landing Fees": 4059000.0,
        "Gross Profit": 22049000.0,
        "Cost Of Revenue": 69659000.0,
        "Total Revenue": 91708000.0,
        "Operating Revenue": 89654000.0
    },
    "2024-03-31": {
        "Tax Effect Of Unusual Items": -64016.0,
        "Tax Rate For Calcs": 0.016,
        "Normalized EBITDA": 33516000.0,
        "Total Unusual Items": -4001000.0,
        "Total Unusual Items Excluding Goodwill": -4001000.0,
        "Net Income From Continuing Operation Net Minority Interest": 29349000.0,
        "Reconciled Depreciation": 2567000.0,
        "Reconciled Cost Of Revenue": 39557000.0,
        "EBITDA": 29515000.0,
        "EBIT": 26948000.0,
        "Net Interest Income": -4580000.0,
        "Interest Expense": 4840000.0,
        "Interest Income": 260000.0,
        "Normalized Income": 33285984.0,
        "Net Income From Continuing And Discontinued Operation": 29349000.0,
        "Total Expenses": 65480000.0,
        "Rent Expense Supplemental": 3477000.0,
        "Total Operating Income As Reported": -14668000.0,
        "Diluted Average Shares": 120561316.0,
        "Basic Average Shares": 66718427.0,
        "Diluted EPS": 0.243436,
        "Basic EPS": 0.38,
        "Diluted NI Availto Com Stockholders": 29349000.0,
        "Net Income Common Stockholders": 29349000.0,
        "Net Income": 29349000.0,
        "Minority Interests": 7604000.0,
        "Net Income Including Noncontrolling Interests": 21745000.0,
        "Net Income Continuous Operations": 21745000.0,
        "Tax Provision": 363000.0,
        "Pretax Income": 22108000.0,
        "Other Income Expense": 41356000.0,
        "Other Non Operating Income Expenses": 45357000.0,
        "Special Income Charges": NaN,
        "Other Special Charges": NaN,
        "Impairment Of Capital Assets": NaN,
        "Restructuring And Mergern Acquisition": NaN,
        "Gain On Sale Of Security": -4001000.0,
        "Net Non Operating Interest Income Expense": -4580000.0,
        "Interest Expense Non Operating": 4840000.0,
        "Interest Income Non Operating": 260000.0,
        "Operating Income": -14668000.0,
        "Operating Expense": 25923000.0,
        "Other Operating Expenses": 1411000.0,
        "Depreciation Amortization Depletion Income Statement": 2567000.0,
        "Depreciation And Amortization In Income Statement": 2567000.0,
        "Selling General And Administration": 21945000.0,
        "Selling And Marketing Expense": 765000.0,
        "General And Administrative Expense": 21180000.0,
        "Other Gand A": 17703000.0,
        "Rent And Landing Fees": 3477000.0,
        "Gross Profit": 11255000.0,
        "Cost Of Revenue": 39557000.0,
        "Total Revenue": 50812000.0,
        "Operating Revenue": 50557000.0
    },
    "2024-06-30": {
        "Tax Effect Of Unusual Items": 893880.0,
        "Tax Rate For Calcs": 0.078,
        "Normalized EBITDA": -12511000.0,
        "Total Unusual Items": 11460000.0,
        "Total Unusual Items Excluding Goodwill": 11460000.0,
        "Net Income From Continuing Operation Net Minority Interest": -5994000.0,
        "Reconciled Depreciation": 3813000.0,
        "Reconciled Cost Of Revenue": 38893000.0,
        "EBITDA": -1051000.0,
        "EBIT": -4864000.0,
        "Net Interest Income": -4288000.0,
        "Interest Expense": 4851000.0,
        "Interest Income": 563000.0,
        "Normalized Income": -16560120.0,
        "Net Income From Continuing And Discontinued Operation": -5994000.0,
        "Total Expenses": 64408000.0,
        "Rent Expense Supplemental": 4025000.0,
        "Total Operating Income As Reported": -14955000.0,
        "Diluted Average Shares": 71738190.0,
        "Basic Average Shares": 71738190.0,
        "Diluted EPS": -0.18,
        "Basic EPS": -0.18,
        "Diluted NI Availto Com Stockholders": -5994000.0,
        "Net Income Common Stockholders": -5994000.0,
        "Net Income": -5994000.0,
        "Minority Interests": 2965000.0,
        "Net Income Including Noncontrolling Interests": -8959000.0,
        "Net Income Continuous Operations": -8959000.0,
        "Tax Provision": -756000.0,
        "Pretax Income": -9715000.0,
        "Other Income Expense": 9528000.0,
        "Other Non Operating Income Expenses": -1932000.0,
        "Special Income Charges": -306000.0,
        "Other Special Charges": -389000.0,
        "Impairment Of Capital Assets": 695000.0,
        "Restructuring And Mergern Acquisition": -389000.0,
        "Gain On Sale Of Security": 11766000.0,
        "Net Non Operating Interest Income Expense": -4288000.0,
        "Interest Expense Non Operating": 4851000.0,
        "Interest Income Non Operating": 563000.0,
        "Operating Income": -14955000.0,
        "Operating Expense": 25515000.0,
        "Other Operating Expenses": 1326000.0,
        "Depreciation Amortization Depletion Income Statement": 3813000.0,
        "Depreciation And Amortization In Income Statement": 3813000.0,
        "Selling General And Administration": 20376000.0,
        "Selling And Marketing Expense": 1202000.0,
        "General And Administrative Expense": 19174000.0,
        "Other Gand A": 15149000.0,
        "Rent And Landing Fees": 4025000.0,
        "Gross Profit": 10560000.0,
        "Cost Of Revenue": 38893000.0,
        "Total Revenue": 49453000.0,
        "Operating Revenue": 49322000.0
    },
    "2024-09-30": {
        "Tax Effect Of Unusual Items": -7940634.0,
        "Tax Rate For Calcs": 0.078,
        "Normalized EBITDA": -9270000.0,
        "Total Unusual Items": -101803000.0,
        "Total Unusual Items Excluding Goodwill": -101803000.0,
        "Net Income From Continuing Operation Net Minority Interest": -68638000.0,
        "Reconciled Depreciation": 4621000.0,
        "Reconciled Cost Of Revenue": 40470000.0,
        "EBITDA": -111073000.0,
        "EBIT": -115694000.0,
        "Net Interest Income": -2509000.0,
        "Interest Expense": 5194000.0,
        "Interest Income": 2685000.0,
        "Normalized Income": 25224366.0,
        "Net Income From Continuing And Discontinued Operation": -68638000.0,
        "Total Expenses": 69356000.0,
        "Rent Expense Supplemental": 3892000.0,
        "Total Operating Income As Reported": -16013000.0,
        "Diluted Average Shares": 86399551.0,
        "Basic Average Shares": 86399551.0,
        "Diluted EPS": -0.88,
        "Basic EPS": -0.88,
        "Diluted NI Availto Com Stockholders": -68638000.0,
        "Net Income Common Stockholders": -68638000.0,
        "Net Income": -68638000.0,
        "Minority Interests": 42767000.0,
        "Net Income Including Noncontrolling Interests": -111405000.0,
        "Net Income Continuous Operations": -111405000.0,
        "Tax Provision": -9483000.0,
        "Pretax Income": -120888000.0,
        "Other Income Expense": -102366000.0,
        "Other Non Operating Income Expenses": -563000.0,
        "Special Income Charges": -111669000.0,
        "Other Special Charges": NaN,
        "Impairment Of Capital Assets": 116082000.0,
        "Restructuring And Mergern Acquisition": -4413000.0,
        "Gain On Sale Of Security": 9866000.0,
        "Net Non Operating Interest Income Expense": -2509000.0,
        "Interest Expense Non Operating": 5194000.0,
        "Interest Income Non Operating": 2685000.0,
        "Operating Income": -16013000.0,
        "Operating Expense": 28886000.0,
        "Other Operating Expenses": 1178000.0,
        "Depreciation Amortization Depletion Income Statement": 4621000.0,
        "Depreciation And Amortization In Income Statement": 4621000.0,
        "Selling General And Administration": 23087000.0,
        "Selling And Marketing Expense": 757000.0,
        "General And Administrative Expense": 22330000.0,
        "Other Gand A": 18438000.0,
        "Rent And Landing Fees": 3892000.0,
        "Gross Profit": 12873000.0,
        "Cost Of Revenue": 40470000.0,
        "Total Revenue": 53343000.0,
        "Operating Revenue": 53283000.0
    }
}