{
    "2023-03-31": {
        "Tax Effect Of Unusual Items": NaN,
        "Tax Rate For Calcs": NaN,
        "Normalized EBITDA": NaN,
        "Total Unusual Items": NaN,
        "Total Unusual Items Excluding Goodwill": NaN,
        "Net Income From Continuing Operation Net Minority Interest": NaN,
        "Reconciled Depreciation": NaN,
        "Reconciled Cost Of Revenue": NaN,
        "EBITDA": NaN,
        "EBIT": NaN,
        "Net Interest Income": NaN,
        "Interest Expense": NaN,
        "Normalized Income": NaN,
        "Net Income From Continuing And Discontinued Operation": NaN,
        "Total Expenses": NaN,
        "Total Operating Income As Reported": NaN,
        "Diluted Average Shares": NaN,
        "Basic Average Shares": NaN,
        "Diluted EPS": NaN,
        "Basic EPS": NaN,
        "Diluted NI Availto Com Stockholders": NaN,
        "Net Income Common Stockholders": NaN,
        "Preferred Stock Dividends": 717000.0,
        "Net Income": NaN,
        "Net Income Including Noncontrolling Interests": NaN,
        "Net Income Continuous Operations": NaN,
        "Tax Provision": NaN,
        "Pretax Income": NaN,
        "Other Income Expense": NaN,
        "Other Non Operating Income Expenses": NaN,
        "Special Income Charges": NaN,
        "Other Special Charges": NaN,
        "Restructuring And Mergern Acquisition": NaN,
        "Gain On Sale Of Security": NaN,
        "Net Non Operating Interest Income Expense": NaN,
        "Interest Expense Non Operating": NaN,
        "Operating Income": NaN,
        "Operating Expense": NaN,
        "Research And Development": NaN,
        "Selling General And Administration": NaN,
        "Selling And Marketing Expense": NaN,
        "General And Administrative Expense": NaN,
        "Other Gand A": NaN,
        "Gross Profit": NaN,
        "Cost Of Revenue": NaN,
        "Total Revenue": NaN,
        "Operating Revenue": NaN
    },
    "2023-06-30": {
        "Tax Effect Of Unusual Items": -1750980.0,
        "Tax Rate For Calcs": 0.21,
        "Normalized EBITDA": -10974000.0,
        "Total Unusual Items": -8338000.0,
        "Total Unusual Items Excluding Goodwill": -8338000.0,
        "Net Income From Continuing Operation Net Minority Interest": -21996000.0,
        "Reconciled Depreciation": 154000.0,
        "Reconciled Cost Of Revenue": 2992000.0,
        "EBITDA": -19312000.0,
        "EBIT": -19466000.0,
        "Net Interest Income": -2508000.0,
        "Interest Expense": 2508000.0,
        "Normalized Income": -15408980.0,
        "Net Income From Continuing And Discontinued Operation": -21996000.0,
        "Total Expenses": 26254000.0,
        "Total Operating Income As Reported": -13294000.0,
        "Diluted Average Shares": 46502000.0,
        "Basic Average Shares": 46502000.0,
        "Diluted EPS": -0.488603,
        "Basic EPS": -0.488603,
        "Diluted NI Availto Com Stockholders": -22721000.0,
        "Net Income Common Stockholders": -22721000.0,
        "Preferred Stock Dividends": 725000.0,
        "Net Income": -21996000.0,
        "Net Income Including Noncontrolling Interests": -21996000.0,
        "Net Income Continuous Operations": -21996000.0,
        "Tax Provision": 22000.0,
        "Pretax Income": -21974000.0,
        "Other Income Expense": -6172000.0,
        "Other Non Operating Income Expenses": 2166000.0,
        "Special Income Charges": -8134000.0,
        "Other Special Charges": 8134000.0,
        "Restructuring And Mergern Acquisition": 0.0,
        "Gain On Sale Of Security": -204000.0,
        "Net Non Operating Interest Income Expense": -2508000.0,
        "Interest Expense Non Operating": 2508000.0,
        "Operating Income": -13294000.0,
        "Operating Expense": 23262000.0,
        "Research And Development": 6581000.0,
        "Selling General And Administration": 16681000.0,
        "Selling And Marketing Expense": 10273000.0,
        "General And Administrative Expense": 6408000.0,
        "Other Gand A": 6408000.0,
        "Gross Profit": 9968000.0,
        "Cost Of Revenue": 2992000.0,
        "Total Revenue": 12960000.0,
        "Operating Revenue": 12960000.0
    },
    "2023-09-30": {
        "Tax Effect Of Unusual Items": 2680230.0,
        "Tax Rate For Calcs": 0.21,
        "Normalized EBITDA": -31614000.0,
        "Total Unusual Items": 12763000.0,
        "Total Unusual Items Excluding Goodwill": 12763000.0,
        "Net Income From Continuing Operation Net Minority Interest": -21630000.0,
        "Reconciled Depreciation": 159000.0,
        "Reconciled Cost Of Revenue": 4232000.0,
        "EBITDA": -18851000.0,
        "EBIT": -19010000.0,
        "Net Interest Income": -2586000.0,
        "Interest Expense": 2586000.0,
        "Normalized Income": -31712770.0,
        "Net Income From Continuing And Discontinued Operation": -21630000.0,
        "Total Expenses": 44354000.0,
        "Total Operating Income As Reported": -26154000.0,
        "Diluted Average Shares": 40335457.0,
        "Basic Average Shares": 40335457.0,
        "Diluted EPS": -0.54,
        "Basic EPS": -0.54,
        "Diluted NI Availto Com Stockholders": -21885000.0,
        "Net Income Common Stockholders": -21885000.0,
        "Preferred Stock Dividends": 255000.0,
        "Net Income": -21630000.0,
        "Net Income Including Noncontrolling Interests": -21630000.0,
        "Net Income Continuous Operations": -21630000.0,
        "Tax Provision": 34000.0,
        "Pretax Income": -21596000.0,
        "Other Income Expense": 7144000.0,
        "Other Non Operating Income Expenses": -5619000.0,
        "Special Income Charges": 10935000.0,
        "Other Special Charges": 13395000.0,
        "Restructuring And Mergern Acquisition": -24330000.0,
        "Gain On Sale Of Security": 1828000.0,
        "Net Non Operating Interest Income Expense": -2586000.0,
        "Interest Expense Non Operating": 2586000.0,
        "Operating Income": -26154000.0,
        "Operating Expense": 40122000.0,
        "Research And Development": 7191000.0,
        "Selling General And Administration": 32931000.0,
        "Selling And Marketing Expense": 13989000.0,
        "General And Administrative Expense": 18942000.0,
        "Other Gand A": 18942000.0,
        "Gross Profit": 13968000.0,
        "Cost Of Revenue": 4232000.0,
        "Total Revenue": 18200000.0,
        "Operating Revenue": 18200000.0
    },
    "2022-12-31": {
        "Tax Effect Of Unusual Items": NaN,
        "Tax Rate For Calcs": NaN,
        "Normalized EBITDA": NaN,
        "Total Unusual Items": NaN,
        "Total Unusual Items Excluding Goodwill": NaN,
        "Net Income From Continuing Operation Net Minority Interest": NaN,
        "Reconciled Depreciation": NaN,
        "Reconciled Cost Of Revenue": NaN,
        "EBITDA": NaN,
        "EBIT": NaN,
        "Net Interest Income": NaN,
        "Interest Expense": NaN,
        "Normalized Income": NaN,
        "Net Income From Continuing And Discontinued Operation": NaN,
        "Total Expenses": NaN,
        "Total Operating Income As Reported": NaN,
        "Diluted Average Shares": NaN,
        "Basic Average Shares": NaN,
        "Diluted EPS": NaN,
        "Basic EPS": NaN,
        "Diluted NI Availto Com Stockholders": NaN,
        "Net Income Common Stockholders": NaN,
        "Preferred Stock Dividends": 732000.0,
        "Net Income": NaN,
        "Net Income Including Noncontrolling Interests": NaN,
        "Net Income Continuous Operations": NaN,
        "Tax Provision": NaN,
        "Pretax Income": NaN,
        "Other Income Expense": NaN,
        "Other Non Operating Income Expenses": NaN,
        "Special Income Charges": NaN,
        "Other Special Charges": NaN,
        "Restructuring And Mergern Acquisition": NaN,
        "Gain On Sale Of Security": NaN,
        "Net Non Operating Interest Income Expense": NaN,
        "Interest Expense Non Operating": NaN,
        "Operating Income": NaN,
        "Operating Expense": NaN,
        "Research And Development": NaN,
        "Selling General And Administration": NaN,
        "Selling And Marketing Expense": NaN,
        "General And Administrative Expense": NaN,
        "Other Gand A": NaN,
        "Gross Profit": NaN,
        "Cost Of Revenue": NaN,
        "Total Revenue": NaN,
        "Operating Revenue": NaN
    },
    "2022-09-30": {
        "Tax Effect Of Unusual Items": NaN,
        "Tax Rate For Calcs": NaN,
        "Normalized EBITDA": NaN,
        "Total Unusual Items": NaN,
        "Total Unusual Items Excluding Goodwill": NaN,
        "Net Income From Continuing Operation Net Minority Interest": NaN,
        "Reconciled Depreciation": NaN,
        "Reconciled Cost Of Revenue": NaN,
        "EBITDA": NaN,
        "EBIT": NaN,
        "Net Interest Income": NaN,
        "Interest Expense": NaN,
        "Normalized Income": NaN,
        "Net Income From Continuing And Discontinued Operation": NaN,
        "Total Expenses": NaN,
        "Total Operating Income As Reported": NaN,
        "Diluted Average Shares": NaN,
        "Basic Average Shares": NaN,
        "Diluted EPS": NaN,
        "Basic EPS": NaN,
        "Diluted NI Availto Com Stockholders": NaN,
        "Net Income Common Stockholders": NaN,
        "Preferred Stock Dividends": NaN,
        "Net Income": NaN,
        "Net Income Including Noncontrolling Interests": NaN,
        "Net Income Continuous Operations": NaN,
        "Tax Provision": NaN,
        "Pretax Income": NaN,
        "Other Income Expense": NaN,
        "Other Non Operating Income Expenses": NaN,
        "Special Income Charges": NaN,
        "Other Special Charges": NaN,
        "Restructuring And Mergern Acquisition": 0.0,
        "Gain On Sale Of Security": NaN,
        "Net Non Operating Interest Income Expense": NaN,
        "Interest Expense Non Operating": NaN,
        "Operating Income": NaN,
        "Operating Expense": NaN,
        "Research And Development": NaN,
        "Selling General And Administration": NaN,
        "Selling And Marketing Expense": NaN,
        "General And Administrative Expense": NaN,
        "Other Gand A": NaN,
        "Gross Profit": NaN,
        "Cost Of Revenue": NaN,
        "Total Revenue": NaN,
        "Operating Revenue": NaN
    },
    "2023-12-31": {
        "Tax Effect Of Unusual Items": 1468320.0,
        "Tax Rate For Calcs": 0.21,
        "Normalized EBITDA": -22575000.0,
        "Total Unusual Items": 6992000.0,
        "Total Unusual Items Excluding Goodwill": 6992000.0,
        "Net Income From Continuing Operation Net Minority Interest": -19180000.0,
        "Reconciled Depreciation": 188000.0,
        "Reconciled Cost Of Revenue": 1805000.0,
        "EBITDA": -15583000.0,
        "EBIT": -15771000.0,
        "Net Interest Income": -3235000.0,
        "Interest Expense": 3235000.0,
        "Normalized Income": -24703680.0,
        "Net Income From Continuing And Discontinued Operation": -19180000.0,
        "Total Expenses": 33973000.0,
        "Total Operating Income As Reported": -25738000.0,
        "Diluted Average Shares": 47519884.0,
        "Basic Average Shares": 47519884.0,
        "Diluted EPS": -0.4,
        "Basic EPS": -0.4,
        "Diluted NI Availto Com Stockholders": -19180000.0,
        "Net Income Common Stockholders": -19180000.0,
        "Preferred Stock Dividends": 0.0,
        "Net Income": -19180000.0,
        "Net Income Including Noncontrolling Interests": -19180000.0,
        "Net Income Continuous Operations": -19180000.0,
        "Tax Provision": 174000.0,
        "Pretax Income": -19006000.0,
        "Other Income Expense": 9967000.0,
        "Other Non Operating Income Expenses": 2975000.0,
        "Special Income Charges": 969000.0,
        "Other Special Charges": 3751000.0,
        "Restructuring And Mergern Acquisition": -4720000.0,
        "Gain On Sale Of Security": 6023000.0,
        "Net Non Operating Interest Income Expense": -3235000.0,
        "Interest Expense Non Operating": 3235000.0,
        "Operating Income": -25738000.0,
        "Operating Expense": 32168000.0,
        "Research And Development": 6071000.0,
        "Selling General And Administration": 26097000.0,
        "Selling And Marketing Expense": 10730000.0,
        "General And Administrative Expense": 15367000.0,
        "Other Gand A": 15367000.0,
        "Gross Profit": 6430000.0,
        "Cost Of Revenue": 1805000.0,
        "Total Revenue": 8235000.0,
        "Operating Revenue": 8235000.0
    },
    "2024-03-31": {
        "Tax Effect Of Unusual Items": 244543.0,
        "Tax Rate For Calcs": 0.013,
        "Normalized EBITDA": -10851000.0,
        "Total Unusual Items": 18811000.0,
        "Total Unusual Items Excluding Goodwill": 18811000.0,
        "Net Income From Continuing Operation Net Minority Interest": 5586000.0,
        "Reconciled Depreciation": 367000.0,
        "Reconciled Cost Of Revenue": 2520000.0,
        "EBITDA": 7960000.0,
        "EBIT": 7593000.0,
        "Net Interest Income": -1931000.0,
        "Interest Expense": 1931000.0,
        "Normalized Income": -12980457.0,
        "Net Income From Continuing And Discontinued Operation": 5586000.0,
        "Total Expenses": 20776000.0,
        "Total Operating Income As Reported": 11390000.0,
        "Diluted Average Shares": 49190474.0,
        "Basic Average Shares": 47779350.0,
        "Diluted EPS": 0.11,
        "Basic EPS": 0.12,
        "Diluted NI Availto Com Stockholders": 5586000.0,
        "Net Income Common Stockholders": 5586000.0,
        "Preferred Stock Dividends": NaN,
        "Net Income": 5586000.0,
        "Net Income Including Noncontrolling Interests": 5586000.0,
        "Net Income Continuous Operations": 5586000.0,
        "Tax Provision": 76000.0,
        "Pretax Income": 5662000.0,
        "Other Income Expense": 18983000.0,
        "Other Non Operating Income Expenses": 172000.0,
        "Special Income Charges": 14190000.0,
        "Other Special Charges": NaN,
        "Restructuring And Mergern Acquisition": -14190000.0,
        "Gain On Sale Of Security": 4621000.0,
        "Net Non Operating Interest Income Expense": -1931000.0,
        "Interest Expense Non Operating": 1931000.0,
        "Operating Income": -11390000.0,
        "Operating Expense": 18256000.0,
        "Research And Development": 5725000.0,
        "Selling General And Administration": 12531000.0,
        "Selling And Marketing Expense": 6145000.0,
        "General And Administrative Expense": 6386000.0,
        "Other Gand A": 6386000.0,
        "Gross Profit": 6866000.0,
        "Cost Of Revenue": 2520000.0,
        "Total Revenue": 9386000.0,
        "Operating Revenue": 9386000.0
    },
    "2024-06-30": {
        "Tax Effect Of Unusual Items": -344610.0,
        "Tax Rate For Calcs": 0.21,
        "Normalized EBITDA": 80000.0,
        "Total Unusual Items": -1641000.0,
        "Total Unusual Items Excluding Goodwill": -1641000.0,
        "Net Income From Continuing Operation Net Minority Interest": -2162000.0,
        "Reconciled Depreciation": 197000.0,
        "Reconciled Cost Of Revenue": 2773000.0,
        "EBITDA": -1561000.0,
        "EBIT": -1758000.0,
        "Net Interest Income": -339000.0,
        "Interest Expense": 339000.0,
        "Normalized Income": -865610.0,
        "Net Income From Continuing And Discontinued Operation": -2162000.0,
        "Total Expenses": 21112000.0,
        "Total Operating Income As Reported": -9346000.0,
        "Diluted Average Shares": 47946609.0,
        "Basic Average Shares": 47946609.0,
        "Diluted EPS": -0.05,
        "Basic EPS": -0.05,
        "Diluted NI Availto Com Stockholders": -2162000.0,
        "Net Income Common Stockholders": -2162000.0,
        "Preferred Stock Dividends": NaN,
        "Net Income": -2162000.0,
        "Net Income Including Noncontrolling Interests": -2162000.0,
        "Net Income Continuous Operations": -2162000.0,
        "Tax Provision": 65000.0,
        "Pretax Income": -2097000.0,
        "Other Income Expense": 7588000.0,
        "Other Non Operating Income Expenses": 9229000.0,
        "Special Income Charges": -3023000.0,
        "Other Special Charges": 8713000.0,
        "Restructuring And Mergern Acquisition": -5690000.0,
        "Gain On Sale Of Security": 1382000.0,
        "Net Non Operating Interest Income Expense": -339000.0,
        "Interest Expense Non Operating": 339000.0,
        "Operating Income": -9346000.0,
        "Operating Expense": 18339000.0,
        "Research And Development": 4310000.0,
        "Selling General And Administration": 14029000.0,
        "Selling And Marketing Expense": 6718000.0,
        "General And Administrative Expense": 7311000.0,
        "Other Gand A": 7311000.0,
        "Gross Profit": 8993000.0,
        "Cost Of Revenue": 2773000.0,
        "Total Revenue": 11766000.0,
        "Operating Revenue": 11766000.0
    }
}