{
    "2023-06-30": {
        "Tax Effect Of Unusual Items": NaN,
        "Tax Rate For Calcs": NaN,
        "Normalized EBITDA": NaN,
        "Net Income From Continuing Operation Net Minority Interest": NaN,
        "Reconciled Depreciation": NaN,
        "Reconciled Cost Of Revenue": NaN,
        "EBITDA": NaN,
        "EBIT": NaN,
        "Net Interest Income": NaN,
        "Interest Expense": NaN,
        "Interest Income": NaN,
        "Normalized Income": NaN,
        "Net Income From Continuing And Discontinued Operation": NaN,
        "Total Expenses": NaN,
        "Total Operating Income As Reported": NaN,
        "Diluted Average Shares": NaN,
        "Basic Average Shares": NaN,
        "Diluted EPS": NaN,
        "Basic EPS": NaN,
        "Diluted NI Availto Com Stockholders": NaN,
        "Net Income Common Stockholders": NaN,
        "Net Income": NaN,
        "Minority Interests": NaN,
        "Net Income Including Noncontrolling Interests": NaN,
        "Net Income Continuous Operations": NaN,
        "Tax Provision": NaN,
        "Pretax Income": NaN,
        "Other Income Expense": NaN,
        "Other Non Operating Income Expenses": NaN,
        "Earnings From Equity Interest": NaN,
        "Net Non Operating Interest Income Expense": NaN,
        "Interest Expense Non Operating": NaN,
        "Interest Income Non Operating": NaN,
        "Operating Income": NaN,
        "Operating Expense": NaN,
        "Other Operating Expenses": NaN,
        "Depreciation Amortization Depletion Income Statement": 0.0,
        "Depreciation And Amortization In Income Statement": 0.0,
        "Amortization": 0.0,
        "Amortization Of Intangibles Income Statement": 0.0,
        "Research And Development": NaN,
        "Selling General And Administration": NaN,
        "Gross Profit": NaN,
        "Cost Of Revenue": NaN,
        "Total Revenue": NaN,
        "Operating Revenue": NaN
    },
    "2023-03-31": {
        "Tax Effect Of Unusual Items": NaN,
        "Tax Rate For Calcs": NaN,
        "Normalized EBITDA": NaN,
        "Net Income From Continuing Operation Net Minority Interest": NaN,
        "Reconciled Depreciation": NaN,
        "Reconciled Cost Of Revenue": NaN,
        "EBITDA": NaN,
        "EBIT": NaN,
        "Net Interest Income": NaN,
        "Interest Expense": NaN,
        "Interest Income": NaN,
        "Normalized Income": NaN,
        "Net Income From Continuing And Discontinued Operation": NaN,
        "Total Expenses": NaN,
        "Total Operating Income As Reported": NaN,
        "Diluted Average Shares": NaN,
        "Basic Average Shares": NaN,
        "Diluted EPS": NaN,
        "Basic EPS": NaN,
        "Diluted NI Availto Com Stockholders": NaN,
        "Net Income Common Stockholders": NaN,
        "Net Income": NaN,
        "Minority Interests": NaN,
        "Net Income Including Noncontrolling Interests": NaN,
        "Net Income Continuous Operations": NaN,
        "Tax Provision": NaN,
        "Pretax Income": NaN,
        "Other Income Expense": NaN,
        "Other Non Operating Income Expenses": NaN,
        "Earnings From Equity Interest": NaN,
        "Net Non Operating Interest Income Expense": NaN,
        "Interest Expense Non Operating": NaN,
        "Interest Income Non Operating": NaN,
        "Operating Income": NaN,
        "Operating Expense": NaN,
        "Other Operating Expenses": NaN,
        "Depreciation Amortization Depletion Income Statement": 0.0,
        "Depreciation And Amortization In Income Statement": 0.0,
        "Amortization": 0.0,
        "Amortization Of Intangibles Income Statement": 0.0,
        "Research And Development": NaN,
        "Selling General And Administration": NaN,
        "Gross Profit": NaN,
        "Cost Of Revenue": NaN,
        "Total Revenue": NaN,
        "Operating Revenue": NaN
    },
    "2022-12-31": {
        "Tax Effect Of Unusual Items": NaN,
        "Tax Rate For Calcs": NaN,
        "Normalized EBITDA": NaN,
        "Net Income From Continuing Operation Net Minority Interest": NaN,
        "Reconciled Depreciation": NaN,
        "Reconciled Cost Of Revenue": NaN,
        "EBITDA": NaN,
        "EBIT": NaN,
        "Net Interest Income": NaN,
        "Interest Expense": NaN,
        "Interest Income": NaN,
        "Normalized Income": NaN,
        "Net Income From Continuing And Discontinued Operation": NaN,
        "Total Expenses": NaN,
        "Total Operating Income As Reported": NaN,
        "Diluted Average Shares": NaN,
        "Basic Average Shares": NaN,
        "Diluted EPS": NaN,
        "Basic EPS": NaN,
        "Diluted NI Availto Com Stockholders": NaN,
        "Net Income Common Stockholders": NaN,
        "Net Income": NaN,
        "Minority Interests": NaN,
        "Net Income Including Noncontrolling Interests": NaN,
        "Net Income Continuous Operations": NaN,
        "Tax Provision": NaN,
        "Pretax Income": NaN,
        "Other Income Expense": NaN,
        "Other Non Operating Income Expenses": NaN,
        "Earnings From Equity Interest": NaN,
        "Net Non Operating Interest Income Expense": NaN,
        "Interest Expense Non Operating": NaN,
        "Interest Income Non Operating": NaN,
        "Operating Income": NaN,
        "Operating Expense": NaN,
        "Other Operating Expenses": NaN,
        "Depreciation Amortization Depletion Income Statement": 1000000.0,
        "Depreciation And Amortization In Income Statement": 1000000.0,
        "Amortization": 1000000.0,
        "Amortization Of Intangibles Income Statement": 1000000.0,
        "Research And Development": NaN,
        "Selling General And Administration": NaN,
        "Gross Profit": NaN,
        "Cost Of Revenue": NaN,
        "Total Revenue": NaN,
        "Operating Revenue": NaN
    },
    "2022-09-30": {
        "Tax Effect Of Unusual Items": NaN,
        "Tax Rate For Calcs": NaN,
        "Normalized EBITDA": NaN,
        "Net Income From Continuing Operation Net Minority Interest": NaN,
        "Reconciled Depreciation": NaN,
        "Reconciled Cost Of Revenue": NaN,
        "EBITDA": NaN,
        "EBIT": NaN,
        "Net Interest Income": NaN,
        "Interest Expense": NaN,
        "Interest Income": NaN,
        "Normalized Income": NaN,
        "Net Income From Continuing And Discontinued Operation": NaN,
        "Total Expenses": NaN,
        "Total Operating Income As Reported": NaN,
        "Diluted Average Shares": NaN,
        "Basic Average Shares": NaN,
        "Diluted EPS": NaN,
        "Basic EPS": NaN,
        "Diluted NI Availto Com Stockholders": NaN,
        "Net Income Common Stockholders": NaN,
        "Otherunder Preferred Stock Dividend": 0.0,
        "Net Income": NaN,
        "Minority Interests": NaN,
        "Net Income Including Noncontrolling Interests": NaN,
        "Net Income Continuous Operations": NaN,
        "Tax Provision": NaN,
        "Pretax Income": NaN,
        "Other Income Expense": NaN,
        "Other Non Operating Income Expenses": NaN,
        "Earnings From Equity Interest": NaN,
        "Net Non Operating Interest Income Expense": NaN,
        "Interest Expense Non Operating": NaN,
        "Interest Income Non Operating": NaN,
        "Operating Income": NaN,
        "Operating Expense": NaN,
        "Other Operating Expenses": NaN,
        "Depreciation Amortization Depletion Income Statement": NaN,
        "Depreciation And Amortization In Income Statement": NaN,
        "Amortization": NaN,
        "Amortization Of Intangibles Income Statement": NaN,
        "Research And Development": NaN,
        "Selling General And Administration": NaN,
        "Gross Profit": NaN,
        "Cost Of Revenue": NaN,
        "Total Revenue": NaN,
        "Operating Revenue": NaN
    },
    "2022-06-30": {
        "Tax Effect Of Unusual Items": 0.0,
        "Tax Rate For Calcs": 0.322,
        "Normalized EBITDA": 221000000.0,
        "Net Income From Continuing Operation Net Minority Interest": 79000000.0,
        "Reconciled Depreciation": 91000000.0,
        "Reconciled Cost Of Revenue": 1664000000.0,
        "EBITDA": 221000000.0,
        "EBIT": 130000000.0,
        "Net Interest Income": -12000000.0,
        "Interest Expense": 13000000.0,
        "Interest Income": 1000000.0,
        "Normalized Income": 79000000.0,
        "Net Income From Continuing And Discontinued Operation": 79000000.0,
        "Total Expenses": 1957000000.0,
        "Total Operating Income As Reported": 124000000.0,
        "Diluted Average Shares": 87300000.0,
        "Basic Average Shares": 87200000.0,
        "Diluted EPS": 0.91,
        "Basic EPS": 0.91,
        "Diluted NI Availto Com Stockholders": 79000000.0,
        "Net Income Common Stockholders": 79000000.0,
        "Otherunder Preferred Stock Dividend": NaN,
        "Net Income": 79000000.0,
        "Minority Interests": 0.0,
        "Net Income Including Noncontrolling Interests": 79000000.0,
        "Net Income Continuous Operations": 79000000.0,
        "Tax Provision": 38000000.0,
        "Pretax Income": 117000000.0,
        "Other Income Expense": 6000000.0,
        "Other Non Operating Income Expenses": 5000000.0,
        "Earnings From Equity Interest": 1000000.0,
        "Net Non Operating Interest Income Expense": -12000000.0,
        "Interest Expense Non Operating": 13000000.0,
        "Interest Income Non Operating": 1000000.0,
        "Operating Income": 124000000.0,
        "Operating Expense": 202000000.0,
        "Other Operating Expenses": -22000000.0,
        "Depreciation Amortization Depletion Income Statement": 0.0,
        "Depreciation And Amortization In Income Statement": 0.0,
        "Amortization": 0.0,
        "Amortization Of Intangibles Income Statement": 0.0,
        "Research And Development": 112000000.0,
        "Selling General And Administration": 112000000.0,
        "Gross Profit": 326000000.0,
        "Cost Of Revenue": 1755000000.0,
        "Total Revenue": 2081000000.0,
        "Operating Revenue": 2081000000.0
    },
    "2022-03-31": {
        "Diluted EPS": 0.94,
        "Total Revenue": NaN,
        "Gross Profit": 288,
        "Operating Income": 135,
        "EBIT": 230,
        "Net Income": 83
    },
    "2021-12-31": {
        "Diluted EPS": 1.3,
        "Total Revenue": NaN,
        "Gross Profit": 368,
        "Operating Income": 177,
        "EBIT": 274,
        "Net Income": 114
    },
    "2021-09-30": {
        "Diluted EPS": 0.68,
        "Total Revenue": NaN,
        "Gross Profit": 301,
        "Operating Income": 99,
        "EBIT": 197,
        "Net Income": 60
    },
    "2021-06-30": {
        "Diluted EPS": 1.19,
        "Total Revenue": NaN,
        "Gross Profit": 384,
        "Operating Income": 163,
        "EBIT": 263,
        "Net Income": 104
    },
    "2021-03-31": {
        "Diluted EPS": 1.79,
        "Total Revenue": NaN,
        "Gross Profit": 458,
        "Operating Income": 236,
        "EBIT": 335,
        "Net Income": 157
    },
    "2020-12-31": {
        "Diluted EPS": 2.16,
        "Total Revenue": NaN,
        "Gross Profit": 501,
        "Operating Income": 305,
        "EBIT": 408,
        "Net Income": 189
    },
    "2020-09-30": {
        "Diluted EPS": 1.12,
        "Total Revenue": NaN,
        "Gross Profit": 399,
        "Operating Income": 174,
        "EBIT": 267,
        "Net Income": 98
    },
    "2020-06-30": {
        "Diluted EPS": -2.0,
        "Total Revenue": NaN,
        "Gross Profit": 15,
        "Operating Income": -232,
        "EBIT": -146,
        "Net Income": -175
    },
    "2020-03-31": {
        "Diluted EPS": 0.86,
        "Total Revenue": NaN,
        "Gross Profit": 331,
        "Operating Income": 134,
        "EBIT": 223,
        "Net Income": 75
    },
    "2019-12-31": {
        "Diluted EPS": 1.79,
        "Total Revenue": NaN,
        "Gross Profit": 427,
        "Operating Income": 229,
        "EBIT": 319,
        "Net Income": 156
    },
    "2019-09-30": {
        "Diluted EPS": 0.98,
        "Total Revenue": NaN,
        "Gross Profit": 379,
        "Operating Income": 154,
        "EBIT": 238,
        "Net Income": 85
    },
    "2019-06-30": {
        "Diluted EPS": 1.25,
        "Total Revenue": NaN,
        "Gross Profit": 400,
        "Operating Income": 170,
        "EBIT": 255,
        "Net Income": 109
    },
    "2019-03-31": {
        "Diluted EPS": 1.27,
        "Total Revenue": NaN,
        "Gross Profit": 379,
        "Operating Income": 173,
        "EBIT": 263,
        "Net Income": 111
    },
    "2018-12-31": {
        "Diluted EPS": -1.04,
        "Total Revenue": NaN,
        "Gross Profit": 425,
        "Operating Income": 21,
        "EBIT": 110,
        "Net Income": -91
    },
    "2018-09-30": {
        "Diluted EPS": 1.34,
        "Total Revenue": NaN,
        "Gross Profit": 386,
        "Operating Income": 193,
        "EBIT": 278,
        "Net Income": 118
    },
    "2018-06-30": {
        "Diluted EPS": 0.43,
        "Total Revenue": NaN,
        "Gross Profit": 440,
        "Operating Income": 229,
        "EBIT": 343,
        "Net Income": 37
    },
    "2018-03-31": {
        "Diluted EPS": 1.45,
        "Total Revenue": NaN,
        "Gross Profit": 460,
        "Operating Income": 243,
        "EBIT": 353,
        "Net Income": 127
    },
    "2017-12-31": {
        "Diluted EPS": 0.74,
        "Total Revenue": NaN,
        "Gross Profit": 327,
        "Operating Income": 255,
        "EBIT": 596,
        "Net Income": 63
    },
    "2017-09-30": {
        "Diluted EPS": 1.04,
        "Total Revenue": NaN,
        "Gross Profit": 395,
        "Operating Income": 167,
        "EBIT": 271,
        "Net Income": 91
    },
    "2017-06-30": {
        "Diluted EPS": 1.47,
        "Total Revenue": NaN,
        "Gross Profit": 415,
        "Operating Income": 220,
        "EBIT": 319,
        "Net Income": 130
    },
    "2017-03-31": {
        "Diluted EPS": 1.62,
        "Total Revenue": NaN,
        "Gross Profit": 543,
        "Operating Income": 218,
        "EBIT": 332,
        "Net Income": 144
    },
    "2016-12-31": {
        "Diluted EPS": 1.67,
        "Total Revenue": 452,
        "Gross Profit": 105,
        "Operating Income": 222,
        "EBIT": 326,
        "Net Income": 148
    },
    "2016-09-30": {
        "Diluted EPS": 1.56,
        "Total Revenue": NaN,
        "Gross Profit": 495,
        "Operating Income": 191,
        "EBIT": 289,
        "Net Income": 138
    },
    "2016-06-30": {
        "Diluted EPS": 1.68,
        "Total Revenue": NaN,
        "Gross Profit": 527,
        "Operating Income": 213,
        "EBIT": 309,
        "Net Income": 148
    },
    "2016-03-31": {
        "Diluted EPS": 1.51,
        "Total Revenue": NaN,
        "Gross Profit": 501,
        "Operating Income": 205,
        "EBIT": 290,
        "Net Income": 133
    },
    "2015-12-31": {
        "Diluted EPS": 2.1,
        "Total Revenue": NaN,
        "Gross Profit": 521,
        "Operating Income": 281,
        "EBIT": 371,
        "Net Income": 186
    },
    "2015-09-30": {
        "Diluted EPS": 1.12,
        "Total Revenue": NaN,
        "Gross Profit": 440,
        "Operating Income": 158,
        "EBIT": 238,
        "Net Income": 99
    },
    "2015-06-30": {
        "Diluted EPS": 1.55,
        "Total Revenue": NaN,
        "Gross Profit": 460,
        "Operating Income": 209,
        "EBIT": 285,
        "Net Income": 137
    },
    "2015-03-31": {
        "Diluted EPS": 0.4,
        "Total Revenue": NaN,
        "Gross Profit": 423,
        "Operating Income": 80,
        "EBIT": 154,
        "Net Income": 36
    },
    "2014-12-31": {
        "Diluted EPS": 1.63,
        "Total Revenue": NaN,
        "Gross Profit": 468,
        "Operating Income": 217,
        "EBIT": 294,
        "Net Income": 148
    },
    "2014-09-30": {
        "Diluted EPS": 1.16,
        "Total Revenue": NaN,
        "Gross Profit": 426,
        "Operating Income": 175,
        "EBIT": 252,
        "Net Income": 107
    },
    "2014-06-30": {
        "Diluted EPS": 0.89,
        "Total Revenue": NaN,
        "Gross Profit": 464,
        "Operating Income": 139,
        "EBIT": 216,
        "Net Income": 83
    },
    "2014-03-31": {
        "Diluted EPS": 1.38,
        "Total Revenue": NaN,
        "Gross Profit": 445,
        "Operating Income": 192,
        "EBIT": 266,
        "Net Income": 130
    },
    "2013-12-31": {
        "Diluted EPS": 1.05,
        "Total Revenue": NaN,
        "Gross Profit": 455,
        "Operating Income": 203,
        "EBIT": 278,
        "Net Income": 100
    },
    "2013-09-30": {
        "Diluted EPS": 1.29,
        "Total Revenue": NaN,
        "Gross Profit": 405,
        "Operating Income": 182,
        "EBIT": 254,
        "Net Income": 124
    },
    "2013-06-30": {
        "Diluted EPS": 1.44,
        "Total Revenue": NaN,
        "Gross Profit": 431,
        "Operating Income": 194,
        "EBIT": 264,
        "Net Income": 139
    },
    "2013-03-31": {
        "Diluted EPS": 1.29,
        "Total Revenue": NaN,
        "Gross Profit": 414,
        "Operating Income": 182,
        "EBIT": 252,
        "Net Income": 124
    },
    "2012-12-31": {
        "Diluted EPS": 1.45,
        "Total Revenue": NaN,
        "Gross Profit": 395,
        "Operating Income": 174,
        "EBIT": 244,
        "Net Income": 139
    },
    "2012-09-30": {
        "Diluted EPS": 1.23,
        "Total Revenue": NaN,
        "Gross Profit": 388,
        "Operating Income": 187,
        "EBIT": 256,
        "Net Income": 118
    },
    "2012-06-30": {
        "Diluted EPS": 1.33,
        "Total Revenue": NaN,
        "Gross Profit": 422,
        "Operating Income": 190,
        "EBIT": 259,
        "Net Income": 126
    },
    "2012-03-31": {
        "Diluted EPS": 1.07,
        "Total Revenue": NaN,
        "Gross Profit": 441,
        "Operating Income": 153,
        "EBIT": 220,
        "Net Income": 101
    },
    "2011-12-31": {
        "Diluted EPS": 1.7,
        "Total Revenue": NaN,
        "Gross Profit": 429,
        "Operating Income": 224,
        "EBIT": 295,
        "Net Income": 159
    },
    "2011-09-30": {
        "Diluted EPS": 1.48,
        "Total Revenue": NaN,
        "Gross Profit": 411,
        "Operating Income": 205,
        "EBIT": 271,
        "Net Income": 138
    },
    "2011-06-30": {
        "Diluted EPS": 1.54,
        "Total Revenue": NaN,
        "Gross Profit": 422,
        "Operating Income": 205,
        "EBIT": 271,
        "Net Income": 145
    },
    "2011-03-31": {
        "Diluted EPS": 1.93,
        "Total Revenue": NaN,
        "Gross Profit": 466,
        "Operating Income": 255,
        "EBIT": 320,
        "Net Income": 182
    },
    "2010-12-31": {
        "Diluted EPS": 1.89,
        "Total Revenue": NaN,
        "Gross Profit": 423,
        "Operating Income": 243,
        "EBIT": 311,
        "Net Income": 178
    },
    "2010-09-30": {
        "Diluted EPS": 1.51,
        "Total Revenue": NaN,
        "Gross Profit": 374,
        "Operating Income": 202,
        "EBIT": 271,
        "Net Income": 140
    },
    "2010-06-30": {
        "Diluted EPS": 1.6,
        "Total Revenue": NaN,
        "Gross Profit": 412,
        "Operating Income": 229,
        "EBIT": 300,
        "Net Income": 147
    },
    "2010-03-31": {
        "Diluted EPS": 1.39,
        "Total Revenue": NaN,
        "Gross Profit": 384,
        "Operating Income": 195,
        "EBIT": 269,
        "Net Income": 127
    },
    "2009-12-31": {
        "Diluted EPS": 0.89,
        "Total Revenue": NaN,
        "Gross Profit": 342,
        "Operating Income": 110,
        "EBIT": 196,
        "Net Income": 61
    },
    "2009-09-30": {
        "Diluted EPS": 0.37,
        "Total Revenue": NaN,
        "Gross Profit": 239,
        "Operating Income": 60,
        "EBIT": 138,
        "Net Income": 33
    },
    "2009-06-30": {
        "Diluted EPS": -0.24,
        "Total Revenue": NaN,
        "Gross Profit": 186,
        "Operating Income": -12,
        "EBIT": 67,
        "Net Income": -21
    },
    "2009-03-31": {
        "Diluted EPS": -0.9,
        "Total Revenue": 927,
        "Gross Profit": 80,
        "Operating Income": -89,
        "EBIT": -18,
        "Net Income": -63
    },
    "2023-09-30": {
        "Tax Effect Of Unusual Items": 0.0,
        "Tax Rate For Calcs": 0.334,
        "Normalized EBITDA": 320000000.0,
        "Net Income From Continuing Operation Net Minority Interest": 134000000.0,
        "Reconciled Depreciation": 95000000.0,
        "Reconciled Cost Of Revenue": 2131000000.0,
        "EBITDA": 320000000.0,
        "EBIT": 225000000.0,
        "Net Interest Income": -21000000.0,
        "Interest Expense": 24000000.0,
        "Interest Income": 3000000.0,
        "Normalized Income": 134000000.0,
        "Net Income From Continuing And Discontinued Operation": 134000000.0,
        "Total Expenses": 2365000000.0,
        "Total Operating Income As Reported": 232000000.0,
        "Diluted Average Shares": 85000000.0,
        "Basic Average Shares": 84900000.0,
        "Diluted EPS": 1.57,
        "Basic EPS": 1.57,
        "Diluted NI Availto Com Stockholders": 134000000.0,
        "Net Income Common Stockholders": 134000000.0,
        "Net Income": 134000000.0,
        "Minority Interests": -1000000.0,
        "Net Income Including Noncontrolling Interests": 134000000.0,
        "Net Income Continuous Operations": 134000000.0,
        "Tax Provision": 67000000.0,
        "Pretax Income": 201000000.0,
        "Other Income Expense": -10000000.0,
        "Other Non Operating Income Expenses": -11000000.0,
        "Earnings From Equity Interest": 1000000.0,
        "Net Non Operating Interest Income Expense": -21000000.0,
        "Interest Expense Non Operating": 24000000.0,
        "Interest Income Non Operating": 3000000.0,
        "Operating Income": 231000000.0,
        "Operating Expense": 234000000.0,
        "Other Operating Expenses": 8000000.0,
        "Depreciation Amortization Depletion Income Statement": 1000000.0,
        "Depreciation And Amortization In Income Statement": 1000000.0,
        "Amortization": 1000000.0,
        "Amortization Of Intangibles Income Statement": 1000000.0,
        "Research And Development": 107000000.0,
        "Selling General And Administration": 119000000.0,
        "Gross Profit": 465000000.0,
        "Cost Of Revenue": 2131000000.0,
        "Total Revenue": 2596000000.0,
        "Operating Revenue": 2596000000.0
    },
    "2023-12-31": {
        "Tax Effect Of Unusual Items": 0.0,
        "Tax Rate For Calcs": 0.206,
        "Normalized EBITDA": 341000000.0,
        "Net Income From Continuing Operation Net Minority Interest": 227000000.0,
        "Reconciled Depreciation": 97000000.0,
        "Reconciled Cost Of Revenue": 2126000000.0,
        "EBITDA": 341000000.0,
        "EBIT": 244000000.0,
        "Net Interest Income": -22000000.0,
        "Interest Expense": 25000000.0,
        "Interest Income": 3000000.0,
        "Normalized Income": 227000000.0,
        "Net Income From Continuing And Discontinued Operation": 227000000.0,
        "Total Expenses": 2516000000.0,
        "Total Operating Income As Reported": 237000000.0,
        "Diluted Average Shares": 83700000.0,
        "Basic Average Shares": 83500000.0,
        "Diluted EPS": 2.71,
        "Basic EPS": 2.71,
        "Diluted NI Availto Com Stockholders": 227000000.0,
        "Net Income Common Stockholders": 227000000.0,
        "Net Income": 227000000.0,
        "Minority Interests": 0.0,
        "Net Income Including Noncontrolling Interests": 227000000.0,
        "Net Income Continuous Operations": 227000000.0,
        "Tax Provision": -8000000.0,
        "Pretax Income": 219000000.0,
        "Other Income Expense": 4000000.0,
        "Other Non Operating Income Expenses": 3000000.0,
        "Earnings From Equity Interest": 1000000.0,
        "Net Non Operating Interest Income Expense": -22000000.0,
        "Interest Expense Non Operating": 25000000.0,
        "Interest Income Non Operating": 3000000.0,
        "Operating Income": 237000000.0,
        "Operating Expense": 294000000.0,
        "Other Operating Expenses": 92000000.0,
        "Depreciation Amortization Depletion Income Statement": 1000000.0,
        "Depreciation And Amortization In Income Statement": 1000000.0,
        "Amortization": 1000000.0,
        "Amortization Of Intangibles Income Statement": 1000000.0,
        "Research And Development": 82000000.0,
        "Selling General And Administration": 119000000.0,
        "Gross Profit": 531000000.0,
        "Cost Of Revenue": 2222000000.0,
        "Total Revenue": 2751000000.0,
        "Operating Revenue": 2751000000.0
    },
    "2024-03-31": {
        "Tax Effect Of Unusual Items": 0.0,
        "Tax Rate For Calcs": 0.27,
        "Normalized EBITDA": 296000000.0,
        "Net Income From Continuing Operation Net Minority Interest": 126000000.0,
        "Reconciled Depreciation": 96000000.0,
        "Reconciled Cost Of Revenue": 2172000000.0,
        "EBITDA": 296000000.0,
        "EBIT": 200000000.0,
        "Net Interest Income": -21000000.0,
        "Interest Expense": 26000000.0,
        "Interest Income": 5000000.0,
        "Normalized Income": 126000000.0,
        "Net Income From Continuing And Discontinued Operation": 126000000.0,
        "Total Expenses": 2421000000.0,
        "Total Operating Income As Reported": 194000000.0,
        "Diluted Average Shares": 83000000.0,
        "Basic Average Shares": 82300000.0,
        "Diluted EPS": 1.52,
        "Basic EPS": 1.53,
        "Diluted NI Availto Com Stockholders": 126000000.0,
        "Net Income Common Stockholders": 126000000.0,
        "Net Income": 126000000.0,
        "Minority Interests": 0.0,
        "Net Income Including Noncontrolling Interests": 127000000.0,
        "Net Income Continuous Operations": 127000000.0,
        "Tax Provision": 47000000.0,
        "Pretax Income": 174000000.0,
        "Other Income Expense": 1000000.0,
        "Other Non Operating Income Expenses": -1000000.0,
        "Earnings From Equity Interest": 2000000.0,
        "Net Non Operating Interest Income Expense": -21000000.0,
        "Interest Expense Non Operating": 26000000.0,
        "Interest Income Non Operating": 5000000.0,
        "Operating Income": 194000000.0,
        "Operating Expense": 249000000.0,
        "Other Operating Expenses": 4000000.0,
        "Depreciation Amortization Depletion Income Statement": NaN,
        "Depreciation And Amortization In Income Statement": NaN,
        "Amortization": NaN,
        "Amortization Of Intangibles Income Statement": NaN,
        "Research And Development": 113000000.0,
        "Selling General And Administration": 132000000.0,
        "Gross Profit": 443000000.0,
        "Cost Of Revenue": 2172000000.0,
        "Total Revenue": 2615000000.0,
        "Operating Revenue": 2615000000.0
    },
    "2024-06-30": {
        "Tax Effect Of Unusual Items": 0.0,
        "Tax Rate For Calcs": 0.241,
        "Normalized EBITDA": 307000000.0,
        "Net Income From Continuing Operation Net Minority Interest": 138000000.0,
        "Reconciled Depreciation": 96000000.0,
        "Reconciled Cost Of Revenue": 2130000000.0,
        "EBITDA": 307000000.0,
        "EBIT": 211000000.0,
        "Net Interest Income": -25000000.0,
        "Interest Expense": 28000000.0,
        "Interest Income": 3000000.0,
        "Normalized Income": 138000000.0,
        "Net Income From Continuing And Discontinued Operation": 138000000.0,
        "Total Expenses": 2398000000.0,
        "Total Operating Income As Reported": 206000000.0,
        "Diluted Average Shares": 81100000.0,
        "Basic Average Shares": 80900000.0,
        "Diluted EPS": 1.71,
        "Basic EPS": 1.71,
        "Diluted NI Availto Com Stockholders": 138000000.0,
        "Net Income Common Stockholders": 138000000.0,
        "Net Income": 138000000.0,
        "Minority Interests": 0.0,
        "Net Income Including Noncontrolling Interests": 139000000.0,
        "Net Income Continuous Operations": 139000000.0,
        "Tax Provision": 44000000.0,
        "Pretax Income": 183000000.0,
        "Other Income Expense": 3000000.0,
        "Other Non Operating Income Expenses": 1000000.0,
        "Earnings From Equity Interest": 2000000.0,
        "Net Non Operating Interest Income Expense": -25000000.0,
        "Interest Expense Non Operating": 28000000.0,
        "Interest Income Non Operating": 3000000.0,
        "Operating Income": 207000000.0,
        "Operating Expense": 268000000.0,
        "Other Operating Expenses": 14000000.0,
        "Depreciation Amortization Depletion Income Statement": NaN,
        "Depreciation And Amortization In Income Statement": NaN,
        "Amortization": NaN,
        "Amortization Of Intangibles Income Statement": NaN,
        "Research And Development": 116000000.0,
        "Selling General And Administration": 138000000.0,
        "Gross Profit": 475000000.0,
        "Cost Of Revenue": 2130000000.0,
        "Total Revenue": 2605000000.0,
        "Operating Revenue": 2605000000.0
    },
    "2024-09-30": {
        "Tax Effect Of Unusual Items": 0.0,
        "Tax Rate For Calcs": 0.296,
        "Normalized EBITDA": 321000000.0,
        "Net Income From Continuing Operation Net Minority Interest": 138000000.0,
        "Reconciled Depreciation": 97000000.0,
        "Reconciled Cost Of Revenue": 2095000000.0,
        "EBITDA": 321000000.0,
        "EBIT": 224000000.0,
        "Net Interest Income": -24000000.0,
        "Interest Expense": 27000000.0,
        "Interest Income": 3000000.0,
        "Normalized Income": 138000000.0,
        "Net Income From Continuing And Discontinued Operation": 138000000.0,
        "Total Expenses": 2329000000.0,
        "Total Operating Income As Reported": 226000000.0,
        "Diluted Average Shares": 79300000.0,
        "Basic Average Shares": 79200000.0,
        "Diluted EPS": 1.74,
        "Basic EPS": 1.75,
        "Diluted NI Availto Com Stockholders": 138000000.0,
        "Net Income Common Stockholders": 138000000.0,
        "Net Income": 138000000.0,
        "Minority Interests": 0.0,
        "Net Income Including Noncontrolling Interests": 139000000.0,
        "Net Income Continuous Operations": 139000000.0,
        "Tax Provision": 58000000.0,
        "Pretax Income": 197000000.0,
        "Other Income Expense": -5000000.0,
        "Other Non Operating Income Expenses": -7000000.0,
        "Earnings From Equity Interest": 2000000.0,
        "Net Non Operating Interest Income Expense": -24000000.0,
        "Interest Expense Non Operating": 27000000.0,
        "Interest Income Non Operating": 3000000.0,
        "Operating Income": 225000000.0,
        "Operating Expense": 234000000.0,
        "Other Operating Expenses": 9000000.0,
        "Depreciation Amortization Depletion Income Statement": NaN,
        "Depreciation And Amortization In Income Statement": NaN,
        "Amortization": NaN,
        "Amortization Of Intangibles Income Statement": NaN,
        "Research And Development": 96000000.0,
        "Selling General And Administration": 129000000.0,
        "Gross Profit": 459000000.0,
        "Cost Of Revenue": 2095000000.0,
        "Total Revenue": 2555000000.0,
        "Operating Revenue": 2555000000.0
    }
}