{
    "2023-03-31": {
        "Tax Effect Of Unusual Items": NaN,
        "Tax Rate For Calcs": NaN,
        "Normalized EBITDA": NaN,
        "Total Unusual Items": NaN,
        "Total Unusual Items Excluding Goodwill": NaN,
        "Net Income From Continuing Operation Net Minority Interest": NaN,
        "Reconciled Depreciation": NaN,
        "Reconciled Cost Of Revenue": NaN,
        "EBITDA": NaN,
        "EBIT": NaN,
        "Net Interest Income": NaN,
        "Interest Expense": NaN,
        "Interest Income": NaN,
        "Normalized Income": NaN,
        "Net Income From Continuing And Discontinued Operation": NaN,
        "Total Expenses": NaN,
        "Total Operating Income As Reported": NaN,
        "Diluted Average Shares": 222725806.0,
        "Basic Average Shares": 222725806.0,
        "Diluted EPS": -1.24,
        "Basic EPS": -1.24,
        "Diluted NI Availto Com Stockholders": NaN,
        "Net Income Common Stockholders": NaN,
        "Net Income": NaN,
        "Net Income Including Noncontrolling Interests": NaN,
        "Net Income Continuous Operations": NaN,
        "Tax Provision": NaN,
        "Pretax Income": NaN,
        "Other Income Expense": NaN,
        "Special Income Charges": NaN,
        "Earnings From Equity Interest": NaN,
        "Gain On Sale Of Security": NaN,
        "Net Non Operating Interest Income Expense": NaN,
        "Interest Expense Non Operating": NaN,
        "Interest Income Non Operating": NaN,
        "Operating Income": NaN,
        "Operating Expense": NaN,
        "Other Operating Expenses": NaN,
        "Research And Development": NaN,
        "Selling General And Administration": NaN,
        "General And Administrative Expense": NaN,
        "Other Gand A": NaN,
        "Gross Profit": NaN,
        "Cost Of Revenue": NaN,
        "Total Revenue": NaN,
        "Operating Revenue": NaN
    },
    "2022-12-31": {
        "Tax Effect Of Unusual Items": NaN,
        "Tax Rate For Calcs": NaN,
        "Normalized EBITDA": NaN,
        "Total Unusual Items": NaN,
        "Total Unusual Items Excluding Goodwill": NaN,
        "Net Income From Continuing Operation Net Minority Interest": NaN,
        "Reconciled Depreciation": NaN,
        "Reconciled Cost Of Revenue": NaN,
        "EBITDA": NaN,
        "EBIT": NaN,
        "Net Interest Income": NaN,
        "Interest Expense": NaN,
        "Interest Income": NaN,
        "Normalized Income": NaN,
        "Net Income From Continuing And Discontinued Operation": NaN,
        "Total Expenses": NaN,
        "Total Operating Income As Reported": NaN,
        "Diluted Average Shares": NaN,
        "Basic Average Shares": NaN,
        "Diluted EPS": NaN,
        "Basic EPS": NaN,
        "Diluted NI Availto Com Stockholders": NaN,
        "Net Income Common Stockholders": NaN,
        "Net Income": NaN,
        "Net Income Including Noncontrolling Interests": NaN,
        "Net Income Continuous Operations": NaN,
        "Tax Provision": NaN,
        "Pretax Income": NaN,
        "Other Income Expense": NaN,
        "Special Income Charges": -45111000.0,
        "Other Special Charges": 45111000.0,
        "Earnings From Equity Interest": NaN,
        "Gain On Sale Of Security": NaN,
        "Net Non Operating Interest Income Expense": NaN,
        "Interest Expense Non Operating": NaN,
        "Interest Income Non Operating": NaN,
        "Operating Income": NaN,
        "Operating Expense": NaN,
        "Other Operating Expenses": NaN,
        "Research And Development": NaN,
        "Selling General And Administration": NaN,
        "General And Administrative Expense": NaN,
        "Other Gand A": NaN,
        "Gross Profit": NaN,
        "Cost Of Revenue": NaN,
        "Total Revenue": NaN,
        "Operating Revenue": NaN
    },
    "2022-09-30": {
        "Tax Effect Of Unusual Items": NaN,
        "Tax Rate For Calcs": NaN,
        "Normalized EBITDA": NaN,
        "Total Unusual Items": NaN,
        "Total Unusual Items Excluding Goodwill": NaN,
        "Net Income From Continuing Operation Net Minority Interest": NaN,
        "Reconciled Depreciation": NaN,
        "Reconciled Cost Of Revenue": NaN,
        "EBITDA": NaN,
        "EBIT": NaN,
        "Net Interest Income": NaN,
        "Interest Expense": NaN,
        "Interest Income": NaN,
        "Normalized Income": NaN,
        "Net Income From Continuing And Discontinued Operation": NaN,
        "Total Expenses": NaN,
        "Total Operating Income As Reported": NaN,
        "Diluted Average Shares": NaN,
        "Basic Average Shares": NaN,
        "Diluted EPS": NaN,
        "Basic EPS": NaN,
        "Diluted NI Availto Com Stockholders": NaN,
        "Net Income Common Stockholders": NaN,
        "Net Income": NaN,
        "Net Income Including Noncontrolling Interests": NaN,
        "Net Income Continuous Operations": NaN,
        "Tax Provision": NaN,
        "Pretax Income": NaN,
        "Other Income Expense": NaN,
        "Special Income Charges": 17800000.0,
        "Other Special Charges": NaN,
        "Earnings From Equity Interest": NaN,
        "Gain On Sale Of Security": NaN,
        "Net Non Operating Interest Income Expense": NaN,
        "Interest Expense Non Operating": NaN,
        "Interest Income Non Operating": NaN,
        "Operating Income": NaN,
        "Operating Expense": NaN,
        "Other Operating Expenses": NaN,
        "Research And Development": NaN,
        "Selling General And Administration": NaN,
        "General And Administrative Expense": NaN,
        "Other Gand A": NaN,
        "Gross Profit": NaN,
        "Cost Of Revenue": NaN,
        "Total Revenue": NaN,
        "Operating Revenue": NaN
    },
    "2022-06-30": {
        "Tax Effect Of Unusual Items": 20157200.0,
        "Tax Rate For Calcs": 0.4,
        "Normalized EBITDA": -132986000.0,
        "Total Unusual Items": 50393000.0,
        "Total Unusual Items Excluding Goodwill": 50393000.0,
        "Net Income From Continuing Operation Net Minority Interest": -107492000.0,
        "Reconciled Depreciation": 5286000.0,
        "Reconciled Cost Of Revenue": 16065000.0,
        "EBITDA": -82593000.0,
        "EBIT": -87879000.0,
        "Net Interest Income": -24994000.0,
        "Interest Expense": 18527000.0,
        "Interest Income": 44000.0,
        "Normalized Income": -137727800.0,
        "Net Income From Continuing And Discontinued Operation": -107492000.0,
        "Total Expenses": 170984000.0,
        "Total Operating Income As Reported": -131318000.0,
        "Diluted Average Shares": 247160087.0,
        "Basic Average Shares": 247160087.0,
        "Diluted EPS": -0.434908,
        "Basic EPS": -0.434908,
        "Diluted NI Availto Com Stockholders": -107492000.0,
        "Net Income Common Stockholders": -107492000.0,
        "Net Income": -107492000.0,
        "Net Income Including Noncontrolling Interests": -107492000.0,
        "Net Income Continuous Operations": -107492000.0,
        "Tax Provision": 1086000.0,
        "Pretax Income": -106406000.0,
        "Other Income Expense": 49906000.0,
        "Special Income Charges": NaN,
        "Other Special Charges": NaN,
        "Earnings From Equity Interest": -487000.0,
        "Gain On Sale Of Security": 50393000.0,
        "Net Non Operating Interest Income Expense": -24994000.0,
        "Interest Expense Non Operating": 18527000.0,
        "Interest Income Non Operating": 44000.0,
        "Operating Income": -131318000.0,
        "Operating Expense": 154919000.0,
        "Other Operating Expenses": 199000.0,
        "Research And Development": 39746000.0,
        "Selling General And Administration": 114974000.0,
        "General And Administrative Expense": 114974000.0,
        "Other Gand A": 114974000.0,
        "Gross Profit": 23601000.0,
        "Cost Of Revenue": 16065000.0,
        "Total Revenue": 39666000.0,
        "Operating Revenue": 39666000.0
    },
    "2022-03-31": {
        "Diluted EPS": -0.43,
        "Total Revenue": 0,
        "Gross Profit": -1,
        "Operating Income": -72,
        "EBIT": -68,
        "Net Income": -77
    },
    "2021-12-31": {
        "Diluted EPS": -2.19,
        "Total Revenue": NaN,
        "Gross Profit": NaN,
        "Operating Income": -269,
        "EBIT": -269,
        "Net Income": -109
    },
    "2021-09-30": {
        "Diluted EPS": 0.18,
        "Total Revenue": NaN,
        "Gross Profit": NaN,
        "Operating Income": -3,
        "EBIT": -3,
        "Net Income": 1
    },
    "2021-06-30": {
        "Diluted EPS": -0.04,
        "Total Revenue": NaN,
        "Gross Profit": NaN,
        "Operating Income": -1,
        "EBIT": -1,
        "Net Income": 0
    },
    "2021-03-31": {
        "Diluted EPS": 1.13,
        "Total Revenue": NaN,
        "Gross Profit": NaN,
        "Operating Income": -1,
        "EBIT": -1,
        "Net Income": 7
    },
    "2020-12-31": {
        "Diluted EPS": 0.0,
        "Total Revenue": NaN,
        "Gross Profit": NaN,
        "Operating Income": NaN,
        "EBIT": NaN,
        "Net Income": NaN
    },
    "2020-09-30": {
        "Diluted EPS": 0.0,
        "Total Revenue": NaN,
        "Gross Profit": NaN,
        "Operating Income": NaN,
        "EBIT": NaN,
        "Net Income": NaN
    },
    "2023-06-30": {
        "Tax Effect Of Unusual Items": 23580690.0,
        "Tax Rate For Calcs": 0.21,
        "Normalized EBITDA": -86951000.0,
        "Total Unusual Items": 112289000.0,
        "Total Unusual Items Excluding Goodwill": 112289000.0,
        "Net Income From Continuing Operation Net Minority Interest": 189326000.0,
        "Reconciled Depreciation": 6093000.0,
        "Reconciled Cost Of Revenue": 28814000.0,
        "EBITDA": 25338000.0,
        "EBIT": 19245000.0,
        "Net Interest Income": 150932000.0,
        "Interest Expense": -149607000.0,
        "Interest Income": 1726000.0,
        "Normalized Income": 100617690.0,
        "Net Income From Continuing And Discontinued Operation": 189326000.0,
        "Total Expenses": 97218000.0,
        "Total Operating Income As Reported": -92827000.0,
        "Diluted Average Shares": NaN,
        "Basic Average Shares": NaN,
        "Diluted EPS": NaN,
        "Basic EPS": NaN,
        "Diluted NI Availto Com Stockholders": 189326000.0,
        "Net Income Common Stockholders": 189326000.0,
        "Net Income": 189326000.0,
        "Net Income Including Noncontrolling Interests": 189326000.0,
        "Net Income Continuous Operations": 189326000.0,
        "Tax Provision": -20474000.0,
        "Pretax Income": 168852000.0,
        "Other Income Expense": 110747000.0,
        "Special Income Charges": NaN,
        "Earnings From Equity Interest": -1542000.0,
        "Gain On Sale Of Security": 112289000.0,
        "Net Non Operating Interest Income Expense": 150932000.0,
        "Interest Expense Non Operating": -149607000.0,
        "Interest Income Non Operating": 1726000.0,
        "Operating Income": -92827000.0,
        "Operating Expense": 68404000.0,
        "Other Operating Expenses": -26000.0,
        "Research And Development": 48718000.0,
        "Selling General And Administration": 19712000.0,
        "General And Administrative Expense": 19712000.0,
        "Other Gand A": 19712000.0,
        "Gross Profit": -24423000.0,
        "Cost Of Revenue": 28814000.0,
        "Total Revenue": 4391000.0,
        "Operating Revenue": 4391000.0
    },
    "2023-09-30": {
        "Tax Effect Of Unusual Items": -9187965.739362,
        "Tax Rate For Calcs": 0.083788,
        "Normalized EBITDA": -39501000.0,
        "Total Unusual Items": -109657000.0,
        "Total Unusual Items Excluding Goodwill": -109657000.0,
        "Net Income From Continuing Operation Net Minority Interest": -188320000.0,
        "Reconciled Depreciation": 6551000.0,
        "Reconciled Cost Of Revenue": 36528000.0,
        "EBITDA": -149158000.0,
        "EBIT": -155709000.0,
        "Net Interest Income": -6001000.0,
        "Interest Expense": 49833000.0,
        "Interest Income": 43431000.0,
        "Normalized Income": -87850965.739362,
        "Net Income From Continuing And Discontinued Operation": -188320000.0,
        "Total Expenses": 106396000.0,
        "Total Operating Income As Reported": -88607000.0,
        "Diluted Average Shares": NaN,
        "Basic Average Shares": NaN,
        "Diluted EPS": NaN,
        "Basic EPS": NaN,
        "Diluted NI Availto Com Stockholders": -188320000.0,
        "Net Income Common Stockholders": -188320000.0,
        "Net Income": -188320000.0,
        "Net Income Including Noncontrolling Interests": -188320000.0,
        "Net Income Continuous Operations": -188320000.0,
        "Tax Provision": -17222000.0,
        "Pretax Income": -205542000.0,
        "Other Income Expense": -110934000.0,
        "Special Income Charges": NaN,
        "Earnings From Equity Interest": -1277000.0,
        "Gain On Sale Of Security": -109657000.0,
        "Net Non Operating Interest Income Expense": -6001000.0,
        "Interest Expense Non Operating": 49833000.0,
        "Interest Income Non Operating": 43431000.0,
        "Operating Income": -88607000.0,
        "Operating Expense": 69868000.0,
        "Other Operating Expenses": -11000.0,
        "Research And Development": 53231000.0,
        "Selling General And Administration": 16648000.0,
        "General And Administrative Expense": 16648000.0,
        "Other Gand A": 16648000.0,
        "Gross Profit": -18739000.0,
        "Cost Of Revenue": 36528000.0,
        "Total Revenue": 17789000.0,
        "Operating Revenue": 17789000.0
    },
    "2023-12-31": {
        "Tax Effect Of Unusual Items": -16697296.293058,
        "Tax Rate For Calcs": 0.104411,
        "Normalized EBITDA": -116814000.0,
        "Total Unusual Items": -159919000.0,
        "Total Unusual Items Excluding Goodwill": -159919000.0,
        "Net Income From Continuing Operation Net Minority Interest": -276557000.0,
        "Reconciled Depreciation": 6725000.0,
        "Reconciled Cost Of Revenue": 56419000.0,
        "EBITDA": -276733000.0,
        "EBIT": -283458000.0,
        "Net Interest Income": -68558000.0,
        "Interest Expense": 25341000.0,
        "Interest Income": -41560000.0,
        "Normalized Income": -133335296.293058,
        "Net Income From Continuing And Discontinued Operation": -276557000.0,
        "Total Expenses": 130542000.0,
        "Total Operating Income As Reported": -77152000.0,
        "Diluted Average Shares": NaN,
        "Basic Average Shares": NaN,
        "Diluted EPS": NaN,
        "Basic EPS": NaN,
        "Diluted NI Availto Com Stockholders": -276557000.0,
        "Net Income Common Stockholders": -276557000.0,
        "Net Income": -276557000.0,
        "Net Income Including Noncontrolling Interests": -276557000.0,
        "Net Income Continuous Operations": -276557000.0,
        "Tax Provision": -32242000.0,
        "Pretax Income": -308799000.0,
        "Other Income Expense": -163089000.0,
        "Special Income Charges": -21519000.0,
        "Earnings From Equity Interest": -3170000.0,
        "Gain On Sale Of Security": -138400000.0,
        "Net Non Operating Interest Income Expense": -68558000.0,
        "Interest Expense Non Operating": 25341000.0,
        "Interest Income Non Operating": -41560000.0,
        "Operating Income": -77152000.0,
        "Operating Expense": 74123000.0,
        "Other Operating Expenses": -1892000.0,
        "Research And Development": 58014000.0,
        "Selling General And Administration": 18001000.0,
        "General And Administrative Expense": 18001000.0,
        "Other Gand A": 18001000.0,
        "Gross Profit": -3029000.0,
        "Cost Of Revenue": 56419000.0,
        "Total Revenue": 53390000.0,
        "Operating Revenue": 53390000.0
    },
    "2024-03-31": {
        "Tax Effect Of Unusual Items": 186763.673185,
        "Tax Rate For Calcs": 0.028592,
        "Normalized EBITDA": -40446000.0,
        "Total Unusual Items": 6532000.0,
        "Total Unusual Items Excluding Goodwill": 6532000.0,
        "Net Income From Continuing Operation Net Minority Interest": -218729000.0,
        "Reconciled Depreciation": 7190000.0,
        "Reconciled Cost Of Revenue": 19957000.0,
        "EBITDA": -33914000.0,
        "EBIT": -41104000.0,
        "Net Interest Income": -183280000.0,
        "Interest Expense": 184063000.0,
        "Interest Income": 783000.0,
        "Normalized Income": -225074236.326815,
        "Net Income From Continuing And Discontinued Operation": -218729000.0,
        "Total Expenses": 85271000.0,
        "Total Operating Income As Reported": -48419000.0,
        "Diluted Average Shares": 245762921.0,
        "Basic Average Shares": 245762921.0,
        "Diluted EPS": -0.89,
        "Basic EPS": -0.89,
        "Diluted NI Availto Com Stockholders": -218729000.0,
        "Net Income Common Stockholders": -218729000.0,
        "Net Income": -218729000.0,
        "Net Income Including Noncontrolling Interests": -218729000.0,
        "Net Income Continuous Operations": -218729000.0,
        "Tax Provision": -6438000.0,
        "Pretax Income": -225167000.0,
        "Other Income Expense": 6532000.0,
        "Special Income Charges": NaN,
        "Earnings From Equity Interest": 0.0,
        "Gain On Sale Of Security": 6532000.0,
        "Net Non Operating Interest Income Expense": -183280000.0,
        "Interest Expense Non Operating": 184063000.0,
        "Interest Income Non Operating": 783000.0,
        "Operating Income": -48419000.0,
        "Operating Expense": 65314000.0,
        "Other Operating Expenses": -42000.0,
        "Research And Development": 49868000.0,
        "Selling General And Administration": 15488000.0,
        "General And Administrative Expense": 15488000.0,
        "Other Gand A": 15488000.0,
        "Gross Profit": 16895000.0,
        "Cost Of Revenue": 19957000.0,
        "Total Revenue": 36852000.0,
        "Operating Revenue": 36852000.0
    },
    "2024-06-30": {
        "Tax Effect Of Unusual Items": -7993462.074354,
        "Tax Rate For Calcs": 0.150661,
        "Normalized EBITDA": 36459000.0,
        "Total Unusual Items": -53056000.0,
        "Total Unusual Items Excluding Goodwill": -53056000.0,
        "Net Income From Continuing Operation Net Minority Interest": 65225000.0,
        "Reconciled Depreciation": 7558000.0,
        "Reconciled Cost Of Revenue": 45210000.0,
        "EBITDA": -16597000.0,
        "EBIT": -24155000.0,
        "Net Interest Income": 37985000.0,
        "Interest Expense": -100950000.0,
        "Interest Income": 924000.0,
        "Normalized Income": 110287537.925646,
        "Net Income From Continuing And Discontinued Operation": 65225000.0,
        "Total Expenses": 106872000.0,
        "Total Operating Income As Reported": 91866000.0,
        "Diluted Average Shares": NaN,
        "Basic Average Shares": NaN,
        "Diluted EPS": NaN,
        "Basic EPS": NaN,
        "Diluted NI Availto Com Stockholders": 65225000.0,
        "Net Income Common Stockholders": 65225000.0,
        "Net Income": 65225000.0,
        "Net Income Including Noncontrolling Interests": 65225000.0,
        "Net Income Continuous Operations": 65225000.0,
        "Tax Provision": 11570000.0,
        "Pretax Income": 76795000.0,
        "Other Income Expense": -53056000.0,
        "Special Income Charges": NaN,
        "Earnings From Equity Interest": 0.0,
        "Gain On Sale Of Security": -50086000.0,
        "Net Non Operating Interest Income Expense": 37985000.0,
        "Interest Expense Non Operating": -100950000.0,
        "Interest Income Non Operating": 924000.0,
        "Operating Income": 91866000.0,
        "Operating Expense": 61662000.0,
        "Other Operating Expenses": -15000.0,
        "Research And Development": 47611000.0,
        "Selling General And Administration": 14066000.0,
        "General And Administrative Expense": 14066000.0,
        "Other Gand A": 14066000.0,
        "Gross Profit": 153528000.0,
        "Cost Of Revenue": 45210000.0,
        "Total Revenue": 198738000.0,
        "Operating Revenue": 198738000.0
    }
}