{
    "2023-03-31": {
        "Tax Effect Of Unusual Items": NaN,
        "Tax Rate For Calcs": NaN,
        "Normalized EBITDA": NaN,
        "Total Unusual Items": 0.0,
        "Total Unusual Items Excluding Goodwill": 0.0,
        "Net Income From Continuing Operation Net Minority Interest": NaN,
        "Reconciled Depreciation": NaN,
        "EBITDA": NaN,
        "EBIT": NaN,
        "Net Interest Income": NaN,
        "Interest Income": NaN,
        "Normalized Income": NaN,
        "Net Income From Continuing And Discontinued Operation": NaN,
        "Total Expenses": NaN,
        "Total Operating Income As Reported": NaN,
        "Diluted Average Shares": 93303672.0,
        "Basic Average Shares": 93303672.0,
        "Diluted EPS": -0.44,
        "Basic EPS": -0.44,
        "Diluted NI Availto Com Stockholders": NaN,
        "Net Income Common Stockholders": NaN,
        "Net Income": NaN,
        "Net Income Including Noncontrolling Interests": NaN,
        "Net Income Continuous Operations": NaN,
        "Tax Provision": NaN,
        "Pretax Income": NaN,
        "Other Income Expense": NaN,
        "Other Non Operating Income Expenses": NaN,
        "Special Income Charges": 0.0,
        "Restructuring And Mergern Acquisition": 0.0,
        "Net Non Operating Interest Income Expense": NaN,
        "Interest Income Non Operating": NaN,
        "Operating Income": NaN,
        "Operating Expense": NaN,
        "Research And Development": NaN,
        "Selling General And Administration": NaN,
        "General And Administrative Expense": NaN,
        "Other Gand A": NaN,
        "Salaries And Wages": NaN,
        "Total Revenue": NaN,
        "Operating Revenue": NaN
    },
    "2022-12-31": {
        "Tax Effect Of Unusual Items": NaN,
        "Tax Rate For Calcs": NaN,
        "Normalized EBITDA": NaN,
        "Total Unusual Items": NaN,
        "Total Unusual Items Excluding Goodwill": NaN,
        "Net Income From Continuing Operation Net Minority Interest": NaN,
        "Reconciled Depreciation": NaN,
        "EBITDA": NaN,
        "EBIT": NaN,
        "Net Interest Income": NaN,
        "Interest Income": NaN,
        "Normalized Income": NaN,
        "Net Income From Continuing And Discontinued Operation": NaN,
        "Total Expenses": NaN,
        "Total Operating Income As Reported": NaN,
        "Diluted Average Shares": NaN,
        "Basic Average Shares": NaN,
        "Diluted EPS": NaN,
        "Basic EPS": NaN,
        "Diluted NI Availto Com Stockholders": NaN,
        "Net Income Common Stockholders": NaN,
        "Net Income": NaN,
        "Net Income Including Noncontrolling Interests": NaN,
        "Net Income Continuous Operations": NaN,
        "Tax Provision": -415000.0,
        "Pretax Income": NaN,
        "Other Income Expense": NaN,
        "Other Non Operating Income Expenses": NaN,
        "Special Income Charges": NaN,
        "Restructuring And Mergern Acquisition": NaN,
        "Net Non Operating Interest Income Expense": NaN,
        "Interest Income Non Operating": NaN,
        "Operating Income": NaN,
        "Operating Expense": NaN,
        "Research And Development": NaN,
        "Selling General And Administration": NaN,
        "General And Administrative Expense": NaN,
        "Other Gand A": NaN,
        "Salaries And Wages": NaN,
        "Total Revenue": NaN,
        "Operating Revenue": NaN
    },
    "2022-09-30": {
        "Tax Effect Of Unusual Items": NaN,
        "Tax Rate For Calcs": NaN,
        "Normalized EBITDA": NaN,
        "Total Unusual Items": NaN,
        "Total Unusual Items Excluding Goodwill": NaN,
        "Net Income From Continuing Operation Net Minority Interest": NaN,
        "Reconciled Depreciation": NaN,
        "EBITDA": NaN,
        "EBIT": NaN,
        "Net Interest Income": NaN,
        "Interest Income": NaN,
        "Normalized Income": NaN,
        "Net Income From Continuing And Discontinued Operation": NaN,
        "Total Expenses": NaN,
        "Total Operating Income As Reported": NaN,
        "Diluted Average Shares": 84948837.0,
        "Basic Average Shares": 84948837.0,
        "Diluted EPS": -0.5,
        "Basic EPS": -0.5,
        "Diluted NI Availto Com Stockholders": NaN,
        "Net Income Common Stockholders": NaN,
        "Net Income": NaN,
        "Net Income Including Noncontrolling Interests": NaN,
        "Net Income Continuous Operations": NaN,
        "Tax Provision": 0.0,
        "Pretax Income": NaN,
        "Other Income Expense": NaN,
        "Other Non Operating Income Expenses": NaN,
        "Special Income Charges": NaN,
        "Restructuring And Mergern Acquisition": NaN,
        "Net Non Operating Interest Income Expense": NaN,
        "Interest Income Non Operating": NaN,
        "Operating Income": NaN,
        "Operating Expense": NaN,
        "Research And Development": NaN,
        "Selling General And Administration": NaN,
        "General And Administrative Expense": NaN,
        "Other Gand A": NaN,
        "Salaries And Wages": NaN,
        "Total Revenue": NaN,
        "Operating Revenue": NaN
    },
    "2022-06-30": {
        "Tax Effect Of Unusual Items": 0.0,
        "Tax Rate For Calcs": 0.4,
        "Normalized EBITDA": -44538000.0,
        "Net Income From Continuing Operation Net Minority Interest": -44639000.0,
        "Reconciled Depreciation": 86000.0,
        "EBITDA": -44538000.0,
        "EBIT": -44624000.0,
        "Net Interest Income": 162000.0,
        "Interest Income": 162000.0,
        "Normalized Income": -44639000.0,
        "Net Income From Continuing And Discontinued Operation": -44639000.0,
        "Total Expenses": 44624000.0,
        "Total Operating Income As Reported": -44624000.0,
        "Diluted Average Shares": 64467483.0,
        "Basic Average Shares": 64467483.0,
        "Diluted EPS": -0.69,
        "Basic EPS": -0.69,
        "Diluted NI Availto Com Stockholders": -44639000.0,
        "Net Income Common Stockholders": -44639000.0,
        "Net Income": -44639000.0,
        "Net Income Including Noncontrolling Interests": -44639000.0,
        "Net Income Continuous Operations": -44639000.0,
        "Tax Provision": 150000.0,
        "Pretax Income": -44489000.0,
        "Other Income Expense": -27000.0,
        "Other Non Operating Income Expenses": -27000.0,
        "Net Non Operating Interest Income Expense": 162000.0,
        "Interest Income Non Operating": 162000.0,
        "Operating Income": -44624000.0,
        "Operating Expense": 44624000.0,
        "Research And Development": 31379000.0,
        "Selling General And Administration": 13245000.0,
        "General And Administrative Expense": 13245000.0,
        "Other Gand A": 13245000.0,
        "Salaries And Wages": NaN,
        "Total Revenue": 0.0,
        "Operating Revenue": 0.0
    },
    "2022-03-31": {
        "Diluted EPS": -0.69,
        "Total Revenue": NaN,
        "Gross Profit": NaN,
        "Operating Income": -43,
        "EBIT": -43,
        "Net Income": -44
    },
    "2021-12-31": {
        "Diluted EPS": -0.92,
        "Total Revenue": NaN,
        "Gross Profit": NaN,
        "Operating Income": -56,
        "EBIT": -56,
        "Net Income": -58
    },
    "2021-09-30": {
        "Diluted EPS": -0.72,
        "Total Revenue": NaN,
        "Gross Profit": NaN,
        "Operating Income": -46,
        "EBIT": -45,
        "Net Income": -46
    },
    "2021-06-30": {
        "Diluted EPS": -0.6,
        "Total Revenue": NaN,
        "Gross Profit": NaN,
        "Operating Income": -38,
        "EBIT": -38,
        "Net Income": -38
    },
    "2021-03-31": {
        "Diluted EPS": -0.5,
        "Total Revenue": NaN,
        "Gross Profit": NaN,
        "Operating Income": -31,
        "EBIT": -31,
        "Net Income": -31
    },
    "2020-12-31": {
        "Diluted EPS": 6.63,
        "Total Revenue": NaN,
        "Gross Profit": NaN,
        "Operating Income": -25,
        "EBIT": -25,
        "Net Income": -25
    },
    "2020-09-30": {
        "Diluted EPS": -0.58,
        "Total Revenue": NaN,
        "Gross Profit": NaN,
        "Operating Income": -24,
        "EBIT": -24,
        "Net Income": -24
    },
    "2020-06-30": {
        "Diluted EPS": -4.43,
        "Total Revenue": NaN,
        "Gross Profit": NaN,
        "Operating Income": -12,
        "EBIT": -12,
        "Net Income": -12
    },
    "2020-03-31": {
        "Diluted EPS": -4.21,
        "Total Revenue": NaN,
        "Gross Profit": NaN,
        "Operating Income": -10,
        "EBIT": -10,
        "Net Income": -9
    },
    "2019-12-31": {
        "Diluted EPS": 0.0,
        "Total Revenue": NaN,
        "Gross Profit": NaN,
        "Operating Income": NaN,
        "EBIT": NaN,
        "Net Income": NaN
    },
    "2019-09-30": {
        "Diluted EPS": -4.97,
        "Total Revenue": NaN,
        "Gross Profit": NaN,
        "Operating Income": -8,
        "EBIT": -8,
        "Net Income": -7
    },
    "2023-06-30": {
        "Tax Effect Of Unusual Items": NaN,
        "Tax Rate For Calcs": NaN,
        "Normalized EBITDA": NaN,
        "Total Unusual Items": 0.0,
        "Total Unusual Items Excluding Goodwill": 0.0,
        "Net Income From Continuing Operation Net Minority Interest": NaN,
        "Reconciled Depreciation": NaN,
        "EBITDA": NaN,
        "EBIT": NaN,
        "Net Interest Income": NaN,
        "Interest Income": NaN,
        "Normalized Income": NaN,
        "Net Income From Continuing And Discontinued Operation": NaN,
        "Total Expenses": NaN,
        "Total Operating Income As Reported": NaN,
        "Diluted Average Shares": 94625837.0,
        "Basic Average Shares": 94625837.0,
        "Diluted EPS": -0.48,
        "Basic EPS": -0.48,
        "Diluted NI Availto Com Stockholders": NaN,
        "Net Income Common Stockholders": NaN,
        "Net Income": NaN,
        "Net Income Including Noncontrolling Interests": NaN,
        "Net Income Continuous Operations": NaN,
        "Tax Provision": 0.0,
        "Pretax Income": NaN,
        "Other Income Expense": NaN,
        "Other Non Operating Income Expenses": NaN,
        "Special Income Charges": 0.0,
        "Restructuring And Mergern Acquisition": 0.0,
        "Net Non Operating Interest Income Expense": NaN,
        "Interest Income Non Operating": NaN,
        "Operating Income": NaN,
        "Operating Expense": NaN,
        "Research And Development": NaN,
        "Selling General And Administration": NaN,
        "General And Administrative Expense": NaN,
        "Other Gand A": NaN,
        "Salaries And Wages": 6774000.0,
        "Total Revenue": NaN,
        "Operating Revenue": NaN
    },
    "2023-09-30": {
        "Tax Effect Of Unusual Items": 0.0,
        "Tax Rate For Calcs": 0.0,
        "Normalized EBITDA": -46875000.0,
        "Total Unusual Items": 0.0,
        "Total Unusual Items Excluding Goodwill": 0.0,
        "Net Income From Continuing Operation Net Minority Interest": -44272000.0,
        "Reconciled Depreciation": 86000.0,
        "EBITDA": -46875000.0,
        "EBIT": -46961000.0,
        "Net Interest Income": 1522000.0,
        "Interest Income": 1522000.0,
        "Normalized Income": -44272000.0,
        "Net Income From Continuing And Discontinued Operation": -44272000.0,
        "Total Expenses": 46961000.0,
        "Total Operating Income As Reported": -46961000.0,
        "Diluted Average Shares": 113894188.0,
        "Basic Average Shares": 113894188.0,
        "Diluted EPS": -0.39,
        "Basic EPS": -0.39,
        "Diluted NI Availto Com Stockholders": -44272000.0,
        "Net Income Common Stockholders": -44272000.0,
        "Net Income": -44272000.0,
        "Net Income Including Noncontrolling Interests": -44272000.0,
        "Net Income Continuous Operations": -44272000.0,
        "Tax Provision": 0.0,
        "Pretax Income": -44272000.0,
        "Other Income Expense": 1167000.0,
        "Other Non Operating Income Expenses": 1167000.0,
        "Special Income Charges": 0.0,
        "Restructuring And Mergern Acquisition": 0.0,
        "Net Non Operating Interest Income Expense": 1522000.0,
        "Interest Income Non Operating": 1522000.0,
        "Operating Income": -46961000.0,
        "Operating Expense": 46961000.0,
        "Research And Development": 34156000.0,
        "Selling General And Administration": 12805000.0,
        "General And Administrative Expense": 12805000.0,
        "Other Gand A": 12805000.0,
        "Salaries And Wages": NaN,
        "Total Revenue": 0.0,
        "Operating Revenue": 0.0
    },
    "2023-12-31": {
        "Tax Effect Of Unusual Items": 0.0,
        "Tax Rate For Calcs": 0.002106,
        "Normalized EBITDA": -43695000.0,
        "Total Unusual Items": NaN,
        "Total Unusual Items Excluding Goodwill": NaN,
        "Net Income From Continuing Operation Net Minority Interest": -59696000.0,
        "Reconciled Depreciation": 141000.0,
        "EBITDA": -43695000.0,
        "EBIT": -43836000.0,
        "Net Interest Income": 1372000.0,
        "Interest Income": 1372000.0,
        "Normalized Income": -59696000.0,
        "Net Income From Continuing And Discontinued Operation": -59696000.0,
        "Total Expenses": 43836000.0,
        "Total Operating Income As Reported": -62406000.0,
        "Diluted Average Shares": NaN,
        "Basic Average Shares": NaN,
        "Diluted EPS": NaN,
        "Basic EPS": NaN,
        "Diluted NI Availto Com Stockholders": -59696000.0,
        "Net Income Common Stockholders": -59696000.0,
        "Net Income": -59696000.0,
        "Net Income Including Noncontrolling Interests": -59696000.0,
        "Net Income Continuous Operations": -59696000.0,
        "Tax Provision": -126000.0,
        "Pretax Income": -59822000.0,
        "Other Income Expense": -17358000.0,
        "Other Non Operating Income Expenses": 1212000.0,
        "Special Income Charges": NaN,
        "Restructuring And Mergern Acquisition": NaN,
        "Net Non Operating Interest Income Expense": 1372000.0,
        "Interest Income Non Operating": 1372000.0,
        "Operating Income": -43836000.0,
        "Operating Expense": 43836000.0,
        "Research And Development": 33372000.0,
        "Selling General And Administration": 10464000.0,
        "General And Administrative Expense": 10464000.0,
        "Other Gand A": 10464000.0,
        "Salaries And Wages": NaN,
        "Total Revenue": 0.0,
        "Operating Revenue": 0.0
    },
    "2024-03-31": {
        "Tax Effect Of Unusual Items": 0.0,
        "Tax Rate For Calcs": 0.0,
        "Normalized EBITDA": -13371000.0,
        "Total Unusual Items": -9464000.0,
        "Total Unusual Items Excluding Goodwill": -9464000.0,
        "Net Income From Continuing Operation Net Minority Interest": -30299000.0,
        "Reconciled Depreciation": 0.0,
        "EBITDA": -22835000.0,
        "EBIT": -22835000.0,
        "Net Interest Income": 1246000.0,
        "Interest Income": 1246000.0,
        "Normalized Income": -20835000.0,
        "Net Income From Continuing And Discontinued Operation": -30299000.0,
        "Total Expenses": 22835000.0,
        "Total Operating Income As Reported": -32299000.0,
        "Diluted Average Shares": 114690726.0,
        "Basic Average Shares": 114690726.0,
        "Diluted EPS": -0.26,
        "Basic EPS": -0.26,
        "Diluted NI Availto Com Stockholders": -30299000.0,
        "Net Income Common Stockholders": -30299000.0,
        "Net Income": -30299000.0,
        "Net Income Including Noncontrolling Interests": -30299000.0,
        "Net Income Continuous Operations": -30299000.0,
        "Tax Provision": NaN,
        "Pretax Income": -30299000.0,
        "Other Income Expense": -8710000.0,
        "Other Non Operating Income Expenses": 754000.0,
        "Special Income Charges": -9464000.0,
        "Restructuring And Mergern Acquisition": 9464000.0,
        "Net Non Operating Interest Income Expense": 1246000.0,
        "Interest Income Non Operating": 1246000.0,
        "Operating Income": -22835000.0,
        "Operating Expense": 22835000.0,
        "Research And Development": 12173000.0,
        "Selling General And Administration": 10662000.0,
        "General And Administrative Expense": 10662000.0,
        "Other Gand A": 10662000.0,
        "Salaries And Wages": NaN,
        "Total Revenue": 0.0,
        "Operating Revenue": 0.0
    },
    "2024-06-30": {
        "Tax Effect Of Unusual Items": 0.0,
        "Tax Rate For Calcs": 0.0,
        "Normalized EBITDA": -6750000.0,
        "Total Unusual Items": -512000.0,
        "Total Unusual Items Excluding Goodwill": -512000.0,
        "Net Income From Continuing Operation Net Minority Interest": -6076000.0,
        "Reconciled Depreciation": 0.0,
        "EBITDA": -7262000.0,
        "EBIT": -7262000.0,
        "Net Interest Income": 1360000.0,
        "Interest Income": 1360000.0,
        "Normalized Income": -5564000.0,
        "Net Income From Continuing And Discontinued Operation": -6076000.0,
        "Total Expenses": 7262000.0,
        "Total Operating Income As Reported": -7774000.0,
        "Diluted Average Shares": 115127044.0,
        "Basic Average Shares": 115127044.0,
        "Diluted EPS": -0.05,
        "Basic EPS": -0.05,
        "Diluted NI Availto Com Stockholders": -6076000.0,
        "Net Income Common Stockholders": -6076000.0,
        "Net Income": -6076000.0,
        "Net Income Including Noncontrolling Interests": -6076000.0,
        "Net Income Continuous Operations": -6076000.0,
        "Tax Provision": NaN,
        "Pretax Income": -6076000.0,
        "Other Income Expense": -174000.0,
        "Other Non Operating Income Expenses": 338000.0,
        "Special Income Charges": -512000.0,
        "Restructuring And Mergern Acquisition": 512000.0,
        "Net Non Operating Interest Income Expense": 1360000.0,
        "Interest Income Non Operating": 1360000.0,
        "Operating Income": -7262000.0,
        "Operating Expense": 7262000.0,
        "Research And Development": 93000.0,
        "Selling General And Administration": 7169000.0,
        "General And Administrative Expense": 7169000.0,
        "Other Gand A": 7169000.0,
        "Salaries And Wages": NaN,
        "Total Revenue": 0.0,
        "Operating Revenue": 0.0
    },
    "2024-09-30": {
        "Tax Effect Of Unusual Items": 0.0,
        "Tax Rate For Calcs": 0.0,
        "Normalized EBITDA": -5554000.0,
        "Total Unusual Items": -83000.0,
        "Total Unusual Items Excluding Goodwill": -83000.0,
        "Net Income From Continuing Operation Net Minority Interest": -4126000.0,
        "Reconciled Depreciation": 0.0,
        "EBITDA": -5637000.0,
        "EBIT": -5637000.0,
        "Net Interest Income": 1494000.0,
        "Interest Income": 1494000.0,
        "Normalized Income": -4043000.0,
        "Net Income From Continuing And Discontinued Operation": -4126000.0,
        "Total Expenses": 5637000.0,
        "Total Operating Income As Reported": -5720000.0,
        "Diluted Average Shares": 115399516.0,
        "Basic Average Shares": 115399516.0,
        "Diluted EPS": -0.04,
        "Basic EPS": -0.04,
        "Diluted NI Availto Com Stockholders": -4126000.0,
        "Net Income Common Stockholders": -4126000.0,
        "Net Income": -4126000.0,
        "Net Income Including Noncontrolling Interests": -4126000.0,
        "Net Income Continuous Operations": -4126000.0,
        "Tax Provision": NaN,
        "Pretax Income": -4126000.0,
        "Other Income Expense": 17000.0,
        "Other Non Operating Income Expenses": 100000.0,
        "Special Income Charges": -83000.0,
        "Restructuring And Mergern Acquisition": 83000.0,
        "Net Non Operating Interest Income Expense": 1494000.0,
        "Interest Income Non Operating": 1494000.0,
        "Operating Income": -5637000.0,
        "Operating Expense": 5637000.0,
        "Research And Development": -246000.0,
        "Selling General And Administration": 5883000.0,
        "General And Administrative Expense": 5883000.0,
        "Other Gand A": 5883000.0,
        "Salaries And Wages": NaN,
        "Total Revenue": 0.0,
        "Operating Revenue": 0.0
    }
}