{
    "2023-03-31": {
        "Tax Effect Of Unusual Items": NaN,
        "Tax Rate For Calcs": NaN,
        "Normalized EBITDA": NaN,
        "Net Income From Continuing Operation Net Minority Interest": NaN,
        "Reconciled Depreciation": NaN,
        "EBITDA": NaN,
        "EBIT": NaN,
        "Net Interest Income": NaN,
        "Interest Expense": NaN,
        "Interest Income": NaN,
        "Normalized Income": NaN,
        "Net Income From Continuing And Discontinued Operation": NaN,
        "Total Expenses": NaN,
        "Total Operating Income As Reported": NaN,
        "Diluted Average Shares": 40862513.0,
        "Basic Average Shares": 40862513.0,
        "Diluted EPS": -0.74,
        "Basic EPS": -0.74,
        "Diluted NI Availto Com Stockholders": NaN,
        "Net Income Common Stockholders": NaN,
        "Net Income": NaN,
        "Net Income Including Noncontrolling Interests": NaN,
        "Net Income Continuous Operations": NaN,
        "Pretax Income": NaN,
        "Other Income Expense": NaN,
        "Other Non Operating Income Expenses": NaN,
        "Net Non Operating Interest Income Expense": NaN,
        "Interest Expense Non Operating": NaN,
        "Interest Income Non Operating": NaN,
        "Operating Income": NaN,
        "Operating Expense": NaN,
        "Research And Development": NaN,
        "Selling General And Administration": NaN,
        "General And Administrative Expense": NaN,
        "Other Gand A": NaN,
        "Salaries And Wages": NaN,
        "Total Revenue": NaN,
        "Operating Revenue": NaN
    },
    "2022-12-31": {
        "Tax Effect Of Unusual Items": NaN,
        "Tax Rate For Calcs": NaN,
        "Normalized EBITDA": NaN,
        "Net Income From Continuing Operation Net Minority Interest": NaN,
        "Reconciled Depreciation": NaN,
        "EBITDA": NaN,
        "EBIT": NaN,
        "Net Interest Income": NaN,
        "Interest Expense": NaN,
        "Interest Income": NaN,
        "Normalized Income": NaN,
        "Net Income From Continuing And Discontinued Operation": NaN,
        "Total Expenses": NaN,
        "Total Operating Income As Reported": NaN,
        "Diluted Average Shares": 40755520.0,
        "Basic Average Shares": 40755520.0,
        "Diluted EPS": -0.75,
        "Basic EPS": -0.75,
        "Diluted NI Availto Com Stockholders": NaN,
        "Net Income Common Stockholders": NaN,
        "Net Income": NaN,
        "Net Income Including Noncontrolling Interests": NaN,
        "Net Income Continuous Operations": NaN,
        "Pretax Income": NaN,
        "Other Income Expense": NaN,
        "Other Non Operating Income Expenses": NaN,
        "Net Non Operating Interest Income Expense": NaN,
        "Interest Expense Non Operating": NaN,
        "Interest Income Non Operating": NaN,
        "Operating Income": NaN,
        "Operating Expense": NaN,
        "Research And Development": NaN,
        "Selling General And Administration": NaN,
        "General And Administrative Expense": NaN,
        "Other Gand A": NaN,
        "Salaries And Wages": NaN,
        "Total Revenue": NaN,
        "Operating Revenue": NaN
    },
    "2022-09-30": {
        "Tax Effect Of Unusual Items": 0.0,
        "Tax Rate For Calcs": 0.0,
        "Normalized EBITDA": -36586000.0,
        "Net Income From Continuing Operation Net Minority Interest": -35320000.0,
        "Reconciled Depreciation": 95000.0,
        "EBITDA": -36586000.0,
        "EBIT": -36681000.0,
        "Net Interest Income": 1370000.0,
        "Interest Expense": NaN,
        "Interest Income": 1370000.0,
        "Normalized Income": -35320000.0,
        "Net Income From Continuing And Discontinued Operation": -35320000.0,
        "Total Expenses": 36681000.0,
        "Total Operating Income As Reported": -36681000.0,
        "Diluted Average Shares": 40747026.0,
        "Basic Average Shares": 40747026.0,
        "Diluted EPS": -0.87,
        "Basic EPS": -0.87,
        "Diluted NI Availto Com Stockholders": -35320000.0,
        "Net Income Common Stockholders": -35320000.0,
        "Net Income": -35320000.0,
        "Net Income Including Noncontrolling Interests": -35320000.0,
        "Net Income Continuous Operations": -35320000.0,
        "Tax Provision": NaN,
        "Pretax Income": -35320000.0,
        "Other Income Expense": -9000.0,
        "Other Non Operating Income Expenses": -9000.0,
        "Net Non Operating Interest Income Expense": 1370000.0,
        "Interest Expense Non Operating": NaN,
        "Interest Income Non Operating": 1370000.0,
        "Operating Income": -36681000.0,
        "Operating Expense": 36681000.0,
        "Research And Development": 29382000.0,
        "Selling General And Administration": 7299000.0,
        "General And Administrative Expense": 7299000.0,
        "Other Gand A": 2642000.0,
        "Salaries And Wages": 4657000.0,
        "Total Revenue": 0.0,
        "Operating Revenue": 0.0
    },
    "2022-06-30": {
        "Tax Effect Of Unusual Items": 0.0,
        "Tax Rate For Calcs": 0.0,
        "Normalized EBITDA": -33705000.0,
        "Net Income From Continuing Operation Net Minority Interest": -32920000.0,
        "Reconciled Depreciation": 84000.0,
        "EBITDA": -33705000.0,
        "EBIT": -33789000.0,
        "Net Interest Income": 876000.0,
        "Interest Expense": NaN,
        "Interest Income": 876000.0,
        "Normalized Income": -32920000.0,
        "Net Income From Continuing And Discontinued Operation": -32920000.0,
        "Total Expenses": 33789000.0,
        "Total Operating Income As Reported": -33789000.0,
        "Diluted Average Shares": 40687751.0,
        "Basic Average Shares": 40687751.0,
        "Diluted EPS": -0.81,
        "Basic EPS": -0.81,
        "Diluted NI Availto Com Stockholders": -32920000.0,
        "Net Income Common Stockholders": -32920000.0,
        "Net Income": -32920000.0,
        "Net Income Including Noncontrolling Interests": -32920000.0,
        "Net Income Continuous Operations": -32920000.0,
        "Tax Provision": NaN,
        "Pretax Income": -32920000.0,
        "Other Income Expense": -7000.0,
        "Other Non Operating Income Expenses": -7000.0,
        "Net Non Operating Interest Income Expense": 876000.0,
        "Interest Expense Non Operating": NaN,
        "Interest Income Non Operating": 876000.0,
        "Operating Income": -33789000.0,
        "Operating Expense": 33789000.0,
        "Research And Development": 26748000.0,
        "Selling General And Administration": 7041000.0,
        "General And Administrative Expense": 7041000.0,
        "Other Gand A": 2387000.0,
        "Salaries And Wages": 4654000.0,
        "Total Revenue": 0.0,
        "Operating Revenue": 0.0
    },
    "2022-03-31": {
        "Diluted EPS": -0.6,
        "Total Revenue": NaN,
        "Gross Profit": NaN,
        "Operating Income": -25,
        "EBIT": -25,
        "Net Income": -25
    },
    "2021-12-31": {
        "Diluted EPS": -0.71,
        "Total Revenue": NaN,
        "Gross Profit": NaN,
        "Operating Income": -28,
        "EBIT": -28,
        "Net Income": -28
    },
    "2021-09-30": {
        "Diluted EPS": -0.61,
        "Total Revenue": NaN,
        "Gross Profit": NaN,
        "Operating Income": -25,
        "EBIT": -25,
        "Net Income": -25
    },
    "2021-06-30": {
        "Diluted EPS": -0.4,
        "Total Revenue": NaN,
        "Gross Profit": NaN,
        "Operating Income": -16,
        "EBIT": -16,
        "Net Income": -16
    },
    "2021-03-31": {
        "Diluted EPS": -0.35,
        "Total Revenue": NaN,
        "Gross Profit": NaN,
        "Operating Income": -14,
        "EBIT": -14,
        "Net Income": -14
    },
    "2020-12-31": {
        "Diluted EPS": 4.38,
        "Total Revenue": 0,
        "Gross Profit": NaN,
        "Operating Income": -18,
        "EBIT": -18,
        "Net Income": -19
    },
    "2020-09-30": {
        "Diluted EPS": -0.36,
        "Total Revenue": NaN,
        "Gross Profit": NaN,
        "Operating Income": -10,
        "EBIT": -10,
        "Net Income": -11
    },
    "2020-06-30": {
        "Diluted EPS": -4.41,
        "Total Revenue": 1,
        "Gross Profit": 0,
        "Operating Income": -11,
        "EBIT": -11,
        "Net Income": -14
    },
    "2020-03-31": {
        "Diluted EPS": -2.37,
        "Total Revenue": 1,
        "Gross Profit": 0,
        "Operating Income": -5,
        "EBIT": -5,
        "Net Income": -7
    },
    "2019-12-31": {
        "Diluted EPS": 0.0,
        "Total Revenue": NaN,
        "Gross Profit": NaN,
        "Operating Income": NaN,
        "EBIT": NaN,
        "Net Income": NaN
    },
    "2019-09-30": {
        "Diluted EPS": -1.33,
        "Total Revenue": 1,
        "Gross Profit": 0,
        "Operating Income": -3,
        "EBIT": -3,
        "Net Income": -4
    },
    "2019-06-30": {
        "Diluted EPS": -1.68,
        "Total Revenue": 1,
        "Gross Profit": 0,
        "Operating Income": -4,
        "EBIT": -4,
        "Net Income": -5
    },
    "2018-12-31": {
        "Diluted EPS": 0.0,
        "Total Revenue": NaN,
        "Gross Profit": NaN,
        "Operating Income": NaN,
        "EBIT": NaN,
        "Net Income": NaN
    },
    "2023-06-30": {
        "Tax Effect Of Unusual Items": NaN,
        "Tax Rate For Calcs": NaN,
        "Normalized EBITDA": NaN,
        "Net Income From Continuing Operation Net Minority Interest": NaN,
        "Reconciled Depreciation": NaN,
        "EBITDA": NaN,
        "EBIT": NaN,
        "Net Interest Income": NaN,
        "Interest Expense": NaN,
        "Interest Income": NaN,
        "Normalized Income": NaN,
        "Net Income From Continuing And Discontinued Operation": NaN,
        "Total Expenses": NaN,
        "Total Operating Income As Reported": NaN,
        "Diluted Average Shares": 40875457.0,
        "Basic Average Shares": 40875457.0,
        "Diluted EPS": -0.84,
        "Basic EPS": -0.84,
        "Diluted NI Availto Com Stockholders": NaN,
        "Net Income Common Stockholders": NaN,
        "Net Income": NaN,
        "Net Income Including Noncontrolling Interests": NaN,
        "Net Income Continuous Operations": NaN,
        "Pretax Income": NaN,
        "Other Income Expense": NaN,
        "Other Non Operating Income Expenses": NaN,
        "Net Non Operating Interest Income Expense": NaN,
        "Interest Expense Non Operating": NaN,
        "Interest Income Non Operating": NaN,
        "Operating Income": NaN,
        "Operating Expense": NaN,
        "Research And Development": NaN,
        "Selling General And Administration": NaN,
        "General And Administrative Expense": NaN,
        "Other Gand A": NaN,
        "Salaries And Wages": NaN,
        "Total Revenue": NaN,
        "Operating Revenue": NaN
    },
    "2023-09-30": {
        "Tax Effect Of Unusual Items": 0.0,
        "Tax Rate For Calcs": 0.0,
        "Normalized EBITDA": -50390000.0,
        "Net Income From Continuing Operation Net Minority Interest": -50990000.0,
        "Reconciled Depreciation": 209000.0,
        "EBITDA": -50390000.0,
        "EBIT": -50599000.0,
        "Net Interest Income": 2286000.0,
        "Interest Expense": 391000.0,
        "Interest Income": 2677000.0,
        "Normalized Income": -50990000.0,
        "Net Income From Continuing And Discontinued Operation": -50990000.0,
        "Total Expenses": 53275000.0,
        "Total Operating Income As Reported": -53275000.0,
        "Diluted Average Shares": 41147938.0,
        "Basic Average Shares": 41147938.0,
        "Diluted EPS": -1.24,
        "Basic EPS": -1.24,
        "Diluted NI Availto Com Stockholders": -50990000.0,
        "Net Income Common Stockholders": -50990000.0,
        "Net Income": -50990000.0,
        "Net Income Including Noncontrolling Interests": -50990000.0,
        "Net Income Continuous Operations": -50990000.0,
        "Pretax Income": -50990000.0,
        "Other Income Expense": -1000.0,
        "Other Non Operating Income Expenses": -1000.0,
        "Net Non Operating Interest Income Expense": 2286000.0,
        "Interest Expense Non Operating": 391000.0,
        "Interest Income Non Operating": 2677000.0,
        "Operating Income": -53275000.0,
        "Operating Expense": 53275000.0,
        "Research And Development": 45766000.0,
        "Selling General And Administration": 7509000.0,
        "General And Administrative Expense": 7509000.0,
        "Other Gand A": 2565000.0,
        "Salaries And Wages": 4944000.0,
        "Total Revenue": 0.0,
        "Operating Revenue": 0.0
    },
    "2023-12-31": {
        "Tax Effect Of Unusual Items": 0.0,
        "Tax Rate For Calcs": 0.0,
        "Normalized EBITDA": -44850000.0,
        "Net Income From Continuing Operation Net Minority Interest": -45472000.0,
        "Reconciled Depreciation": 207000.0,
        "EBITDA": -44850000.0,
        "EBIT": -45057000.0,
        "Net Interest Income": 2580000.0,
        "Interest Expense": 415000.0,
        "Interest Income": 2995000.0,
        "Normalized Income": -45472000.0,
        "Net Income From Continuing And Discontinued Operation": -45472000.0,
        "Total Expenses": 48023000.0,
        "Total Operating Income As Reported": -48023000.0,
        "Diluted Average Shares": NaN,
        "Basic Average Shares": NaN,
        "Diluted EPS": NaN,
        "Basic EPS": NaN,
        "Diluted NI Availto Com Stockholders": -45472000.0,
        "Net Income Common Stockholders": -45472000.0,
        "Net Income": -45472000.0,
        "Net Income Including Noncontrolling Interests": -45472000.0,
        "Net Income Continuous Operations": -45472000.0,
        "Pretax Income": -45472000.0,
        "Other Income Expense": -29000.0,
        "Other Non Operating Income Expenses": -29000.0,
        "Net Non Operating Interest Income Expense": 2580000.0,
        "Interest Expense Non Operating": 415000.0,
        "Interest Income Non Operating": 2995000.0,
        "Operating Income": -48023000.0,
        "Operating Expense": 48023000.0,
        "Research And Development": 41784000.0,
        "Selling General And Administration": 6239000.0,
        "General And Administrative Expense": 6239000.0,
        "Other Gand A": 2195000.0,
        "Salaries And Wages": 4044000.0,
        "Total Revenue": 0.0,
        "Operating Revenue": 0.0
    },
    "2024-03-31": {
        "Tax Effect Of Unusual Items": 0.0,
        "Tax Rate For Calcs": 0.0,
        "Normalized EBITDA": -34940000.0,
        "Net Income From Continuing Operation Net Minority Interest": -35581000.0,
        "Reconciled Depreciation": 214000.0,
        "EBITDA": -34940000.0,
        "EBIT": -35154000.0,
        "Net Interest Income": 2195000.0,
        "Interest Expense": 427000.0,
        "Interest Income": 2622000.0,
        "Normalized Income": -35581000.0,
        "Net Income From Continuing And Discontinued Operation": -35581000.0,
        "Total Expenses": 37762000.0,
        "Total Operating Income As Reported": -37762000.0,
        "Diluted Average Shares": 50120758.0,
        "Basic Average Shares": 50120758.0,
        "Diluted EPS": -0.71,
        "Basic EPS": -0.71,
        "Diluted NI Availto Com Stockholders": -35581000.0,
        "Net Income Common Stockholders": -35581000.0,
        "Net Income": -35581000.0,
        "Net Income Including Noncontrolling Interests": -35581000.0,
        "Net Income Continuous Operations": -35581000.0,
        "Pretax Income": -35581000.0,
        "Other Income Expense": -14000.0,
        "Other Non Operating Income Expenses": -14000.0,
        "Net Non Operating Interest Income Expense": 2195000.0,
        "Interest Expense Non Operating": 427000.0,
        "Interest Income Non Operating": 2622000.0,
        "Operating Income": -37762000.0,
        "Operating Expense": 37762000.0,
        "Research And Development": 31717000.0,
        "Selling General And Administration": 6045000.0,
        "General And Administrative Expense": 6045000.0,
        "Other Gand A": 2400000.0,
        "Salaries And Wages": 3645000.0,
        "Total Revenue": 0.0,
        "Operating Revenue": 0.0
    },
    "2024-06-30": {
        "Tax Effect Of Unusual Items": 0.0,
        "Tax Rate For Calcs": 0.0,
        "Normalized EBITDA": -38750000.0,
        "Net Income From Continuing Operation Net Minority Interest": -39399000.0,
        "Reconciled Depreciation": 220000.0,
        "EBITDA": -38750000.0,
        "EBIT": -38970000.0,
        "Net Interest Income": 2134000.0,
        "Interest Expense": 429000.0,
        "Interest Income": 2563000.0,
        "Normalized Income": -39399000.0,
        "Net Income From Continuing And Discontinued Operation": -39399000.0,
        "Total Expenses": 41525000.0,
        "Total Operating Income As Reported": -41525000.0,
        "Diluted Average Shares": 51831157.0,
        "Basic Average Shares": 51831157.0,
        "Diluted EPS": -0.76,
        "Basic EPS": -0.76,
        "Diluted NI Availto Com Stockholders": -39399000.0,
        "Net Income Common Stockholders": -39399000.0,
        "Net Income": -39399000.0,
        "Net Income Including Noncontrolling Interests": -39399000.0,
        "Net Income Continuous Operations": -39399000.0,
        "Pretax Income": -39399000.0,
        "Other Income Expense": -8000.0,
        "Other Non Operating Income Expenses": -8000.0,
        "Net Non Operating Interest Income Expense": 2134000.0,
        "Interest Expense Non Operating": 429000.0,
        "Interest Income Non Operating": 2563000.0,
        "Operating Income": -41525000.0,
        "Operating Expense": 41525000.0,
        "Research And Development": 34653000.0,
        "Selling General And Administration": 6872000.0,
        "General And Administrative Expense": 6872000.0,
        "Other Gand A": 2725000.0,
        "Salaries And Wages": 4147000.0,
        "Total Revenue": 0.0,
        "Operating Revenue": 0.0
    },
    "2024-09-30": {
        "Tax Effect Of Unusual Items": 0.0,
        "Tax Rate For Calcs": 0.0,
        "Normalized EBITDA": -30037000.0,
        "Net Income From Continuing Operation Net Minority Interest": -30707000.0,
        "Reconciled Depreciation": 224000.0,
        "EBITDA": -30037000.0,
        "EBIT": -30261000.0,
        "Net Interest Income": 1857000.0,
        "Interest Expense": 446000.0,
        "Interest Income": 2303000.0,
        "Normalized Income": -30707000.0,
        "Net Income From Continuing And Discontinued Operation": -30707000.0,
        "Total Expenses": 32567000.0,
        "Total Operating Income As Reported": -32567000.0,
        "Diluted Average Shares": 52693878.0,
        "Basic Average Shares": 52693878.0,
        "Diluted EPS": -0.58,
        "Basic EPS": -0.58,
        "Diluted NI Availto Com Stockholders": -30707000.0,
        "Net Income Common Stockholders": -30707000.0,
        "Net Income": -30707000.0,
        "Net Income Including Noncontrolling Interests": -30707000.0,
        "Net Income Continuous Operations": -30707000.0,
        "Pretax Income": -30707000.0,
        "Other Income Expense": 3000.0,
        "Other Non Operating Income Expenses": 3000.0,
        "Net Non Operating Interest Income Expense": 1857000.0,
        "Interest Expense Non Operating": 446000.0,
        "Interest Income Non Operating": 2303000.0,
        "Operating Income": -32567000.0,
        "Operating Expense": 32567000.0,
        "Research And Development": 26471000.0,
        "Selling General And Administration": 6096000.0,
        "General And Administrative Expense": 6096000.0,
        "Other Gand A": 2148000.0,
        "Salaries And Wages": 3948000.0,
        "Total Revenue": 0.0,
        "Operating Revenue": 0.0
    }
}