{
    "2023-04-30": {
        "Tax Effect Of Unusual Items": 0.0,
        "Tax Rate For Calcs": 0.0,
        "Normalized EBITDA": -3299686.0,
        "Net Income From Continuing Operation Net Minority Interest": -3305528.0,
        "Reconciled Depreciation": 5323.0,
        "EBITDA": -3299686.0,
        "EBIT": -3305009.0,
        "Net Interest Income": -519.0,
        "Interest Expense": 519.0,
        "Normalized Income": -3305528.0,
        "Net Income From Continuing And Discontinued Operation": -3305528.0,
        "Total Expenses": 3305009.0,
        "Total Operating Income As Reported": -3305009.0,
        "Diluted Average Shares": NaN,
        "Basic Average Shares": NaN,
        "Diluted EPS": NaN,
        "Basic EPS": NaN,
        "Diluted NI Availto Com Stockholders": -3305528.0,
        "Net Income Common Stockholders": -3305528.0,
        "Net Income": -3305528.0,
        "Net Income Including Noncontrolling Interests": -3305528.0,
        "Net Income Continuous Operations": -3305528.0,
        "Pretax Income": -3305528.0,
        "Net Non Operating Interest Income Expense": -519.0,
        "Interest Expense Non Operating": 519.0,
        "Operating Income": -3305009.0,
        "Operating Expense": 3305009.0,
        "Research And Development": 1648068.0,
        "Selling General And Administration": 1656941.0,
        "Selling And Marketing Expense": 247334.0,
        "General And Administrative Expense": 1409607.0,
        "Other Gand A": 383487.0,
        "Insurance And Claims": 130589.0,
        "Salaries And Wages": 895531.0,
        "Total Revenue": 0.0,
        "Operating Revenue": 0.0
    },
    "2023-01-31": {
        "Tax Effect Of Unusual Items": NaN,
        "Tax Rate For Calcs": NaN,
        "Normalized EBITDA": NaN,
        "Net Income From Continuing Operation Net Minority Interest": NaN,
        "Reconciled Depreciation": NaN,
        "EBITDA": NaN,
        "EBIT": NaN,
        "Net Interest Income": NaN,
        "Interest Expense": NaN,
        "Normalized Income": NaN,
        "Net Income From Continuing And Discontinued Operation": NaN,
        "Total Expenses": NaN,
        "Total Operating Income As Reported": NaN,
        "Diluted Average Shares": 655507.0,
        "Basic Average Shares": 655507.0,
        "Diluted EPS": -8.3,
        "Basic EPS": -8.3,
        "Diluted NI Availto Com Stockholders": NaN,
        "Net Income Common Stockholders": NaN,
        "Net Income": NaN,
        "Net Income Including Noncontrolling Interests": NaN,
        "Net Income Continuous Operations": NaN,
        "Pretax Income": NaN,
        "Net Non Operating Interest Income Expense": NaN,
        "Interest Expense Non Operating": NaN,
        "Operating Income": NaN,
        "Operating Expense": NaN,
        "Research And Development": NaN,
        "Selling General And Administration": NaN,
        "Selling And Marketing Expense": NaN,
        "General And Administrative Expense": NaN,
        "Other Gand A": NaN,
        "Insurance And Claims": NaN,
        "Salaries And Wages": NaN,
        "Total Revenue": NaN,
        "Operating Revenue": NaN
    },
    "2022-10-31": {
        "Tax Effect Of Unusual Items": NaN,
        "Tax Rate For Calcs": NaN,
        "Normalized EBITDA": NaN,
        "Net Income From Continuing Operation Net Minority Interest": NaN,
        "Reconciled Depreciation": NaN,
        "EBITDA": NaN,
        "EBIT": NaN,
        "Net Interest Income": NaN,
        "Interest Expense": NaN,
        "Normalized Income": NaN,
        "Net Income From Continuing And Discontinued Operation": NaN,
        "Total Expenses": NaN,
        "Total Operating Income As Reported": NaN,
        "Diluted Average Shares": 649923.0,
        "Basic Average Shares": 649923.0,
        "Diluted EPS": -4.8,
        "Basic EPS": -4.8,
        "Diluted NI Availto Com Stockholders": NaN,
        "Net Income Common Stockholders": NaN,
        "Net Income": NaN,
        "Net Income Including Noncontrolling Interests": NaN,
        "Net Income Continuous Operations": NaN,
        "Pretax Income": NaN,
        "Net Non Operating Interest Income Expense": NaN,
        "Interest Expense Non Operating": NaN,
        "Operating Income": NaN,
        "Operating Expense": NaN,
        "Research And Development": NaN,
        "Selling General And Administration": NaN,
        "Selling And Marketing Expense": NaN,
        "General And Administrative Expense": NaN,
        "Other Gand A": NaN,
        "Insurance And Claims": NaN,
        "Salaries And Wages": NaN,
        "Total Revenue": NaN,
        "Operating Revenue": NaN
    },
    "2022-07-31": {
        "Tax Effect Of Unusual Items": 0.0,
        "Tax Rate For Calcs": 0.0,
        "Normalized EBITDA": -3028445.0,
        "Net Income From Continuing Operation Net Minority Interest": -3037074.0,
        "Reconciled Depreciation": 7097.0,
        "EBITDA": -3028445.0,
        "EBIT": -3035542.0,
        "Net Interest Income": -1532.0,
        "Interest Expense": 1532.0,
        "Normalized Income": -3037074.0,
        "Net Income From Continuing And Discontinued Operation": -3037074.0,
        "Total Expenses": 3035542.0,
        "Total Operating Income As Reported": -3035542.0,
        "Diluted Average Shares": 97481790.0,
        "Basic Average Shares": 97481790.0,
        "Diluted EPS": -0.03,
        "Basic EPS": -0.03,
        "Diluted NI Availto Com Stockholders": -3037074.0,
        "Net Income Common Stockholders": -3037074.0,
        "Net Income": -3037074.0,
        "Net Income Including Noncontrolling Interests": -3037074.0,
        "Net Income Continuous Operations": -3037074.0,
        "Pretax Income": -3037074.0,
        "Net Non Operating Interest Income Expense": -1532.0,
        "Interest Expense Non Operating": 1532.0,
        "Operating Income": -3035542.0,
        "Operating Expense": 3035542.0,
        "Research And Development": 1375953.0,
        "Selling General And Administration": 1659589.0,
        "Selling And Marketing Expense": NaN,
        "General And Administrative Expense": 1659589.0,
        "Other Gand A": 334547.0,
        "Insurance And Claims": 196427.0,
        "Salaries And Wages": 1128615.0,
        "Total Revenue": 0.0,
        "Operating Revenue": 0.0
    },
    "2022-04-30": {
        "Diluted EPS": -0.04,
        "Total Revenue": NaN,
        "Gross Profit": NaN,
        "Operating Income": -4,
        "EBIT": -4,
        "Net Income": -4
    },
    "2022-01-31": {
        "Diluted EPS": -0.03,
        "Total Revenue": NaN,
        "Gross Profit": NaN,
        "Operating Income": -3,
        "EBIT": -3,
        "Net Income": -3
    },
    "2021-10-31": {
        "Diluted EPS": -0.04,
        "Total Revenue": NaN,
        "Gross Profit": NaN,
        "Operating Income": -4,
        "EBIT": -4,
        "Net Income": -4
    },
    "2021-07-31": {
        "Diluted EPS": -0.03,
        "Total Revenue": NaN,
        "Gross Profit": NaN,
        "Operating Income": -2,
        "EBIT": -2,
        "Net Income": -2
    },
    "2021-04-30": {
        "Diluted EPS": -0.01,
        "Total Revenue": NaN,
        "Gross Profit": NaN,
        "Operating Income": -1,
        "EBIT": -1,
        "Net Income": -1
    },
    "2021-01-31": {
        "Diluted EPS": -0.02,
        "Total Revenue": NaN,
        "Gross Profit": NaN,
        "Operating Income": -1,
        "EBIT": -1,
        "Net Income": -1
    },
    "2020-10-31": {
        "Diluted EPS": -0.02,
        "Total Revenue": NaN,
        "Gross Profit": NaN,
        "Operating Income": -1,
        "EBIT": -1,
        "Net Income": -1
    },
    "2020-07-31": {
        "Diluted EPS": -0.02,
        "Total Revenue": NaN,
        "Gross Profit": NaN,
        "Operating Income": -1,
        "EBIT": -1,
        "Net Income": -1
    },
    "2020-04-30": {
        "Diluted EPS": 0.0,
        "Total Revenue": NaN,
        "Gross Profit": NaN,
        "Operating Income": NaN,
        "EBIT": NaN,
        "Net Income": NaN
    },
    "2019-04-30": {
        "Diluted EPS": 0.0,
        "Total Revenue": NaN,
        "Gross Profit": NaN,
        "Operating Income": NaN,
        "EBIT": NaN,
        "Net Income": NaN
    },
    "2023-07-31": {
        "Tax Effect Of Unusual Items": NaN,
        "Tax Rate For Calcs": NaN,
        "Normalized EBITDA": NaN,
        "Net Income From Continuing Operation Net Minority Interest": NaN,
        "Reconciled Depreciation": NaN,
        "EBITDA": NaN,
        "EBIT": NaN,
        "Net Interest Income": NaN,
        "Interest Expense": NaN,
        "Normalized Income": NaN,
        "Net Income From Continuing And Discontinued Operation": NaN,
        "Total Expenses": NaN,
        "Total Operating Income As Reported": NaN,
        "Diluted Average Shares": 656267.0,
        "Basic Average Shares": 656267.0,
        "Diluted EPS": -5.38,
        "Basic EPS": -5.38,
        "Diluted NI Availto Com Stockholders": NaN,
        "Net Income Common Stockholders": NaN,
        "Preferred Stock Dividends": NaN,
        "Net Income": NaN,
        "Net Income Including Noncontrolling Interests": NaN,
        "Net Income Continuous Operations": NaN,
        "Pretax Income": NaN,
        "Net Non Operating Interest Income Expense": NaN,
        "Interest Expense Non Operating": NaN,
        "Operating Income": NaN,
        "Operating Expense": NaN,
        "Research And Development": NaN,
        "Selling General And Administration": NaN,
        "Selling And Marketing Expense": NaN,
        "General And Administrative Expense": NaN,
        "Other Gand A": NaN,
        "Insurance And Claims": NaN,
        "Salaries And Wages": NaN,
        "Total Revenue": NaN,
        "Operating Revenue": NaN
    },
    "2023-10-31": {
        "Tax Effect Of Unusual Items": 0.0,
        "Tax Rate For Calcs": 0.0,
        "Normalized EBITDA": -2889037.0,
        "Net Income From Continuing Operation Net Minority Interest": -2906033.0,
        "Reconciled Depreciation": 12685.0,
        "EBITDA": -2889037.0,
        "EBIT": -2901722.0,
        "Net Interest Income": -4311.0,
        "Interest Expense": 4311.0,
        "Normalized Income": -2906033.0,
        "Net Income From Continuing And Discontinued Operation": -2906033.0,
        "Total Expenses": 2901722.0,
        "Total Operating Income As Reported": -2901722.0,
        "Diluted Average Shares": 656378.0,
        "Basic Average Shares": 656378.0,
        "Diluted EPS": -4.43,
        "Basic EPS": -4.43,
        "Diluted NI Availto Com Stockholders": -2906033.0,
        "Net Income Common Stockholders": -2906033.0,
        "Preferred Stock Dividends": NaN,
        "Net Income": -2906033.0,
        "Net Income Including Noncontrolling Interests": -2906033.0,
        "Net Income Continuous Operations": -2906033.0,
        "Pretax Income": -2906033.0,
        "Net Non Operating Interest Income Expense": -4311.0,
        "Interest Expense Non Operating": 4311.0,
        "Operating Income": -2901722.0,
        "Operating Expense": 2901722.0,
        "Research And Development": 1996783.0,
        "Selling General And Administration": 904939.0,
        "Selling And Marketing Expense": 0.0,
        "General And Administrative Expense": 904939.0,
        "Other Gand A": 376784.0,
        "Insurance And Claims": 88988.0,
        "Salaries And Wages": 439167.0,
        "Total Revenue": 0.0,
        "Operating Revenue": 0.0
    },
    "2024-01-31": {
        "Tax Effect Of Unusual Items": 0.0,
        "Tax Rate For Calcs": 0.0,
        "Normalized EBITDA": -2647245.0,
        "Net Income From Continuing Operation Net Minority Interest": -2662418.0,
        "Reconciled Depreciation": 12685.0,
        "EBITDA": -2647245.0,
        "EBIT": -2659930.0,
        "Net Interest Income": -2488.0,
        "Interest Expense": 2488.0,
        "Normalized Income": -2662418.0,
        "Net Income From Continuing And Discontinued Operation": -2662418.0,
        "Total Expenses": 2659930.0,
        "Total Operating Income As Reported": -2659930.0,
        "Diluted Average Shares": 705431.0,
        "Basic Average Shares": 705431.0,
        "Diluted EPS": -3.8,
        "Basic EPS": -3.8,
        "Diluted NI Availto Com Stockholders": -2662418.0,
        "Net Income Common Stockholders": -2662418.0,
        "Preferred Stock Dividends": NaN,
        "Net Income": -2662418.0,
        "Net Income Including Noncontrolling Interests": -2662418.0,
        "Net Income Continuous Operations": -2662418.0,
        "Pretax Income": -2662418.0,
        "Net Non Operating Interest Income Expense": -2488.0,
        "Interest Expense Non Operating": 2488.0,
        "Operating Income": -2659930.0,
        "Operating Expense": 2659930.0,
        "Research And Development": 1908757.0,
        "Selling General And Administration": 751173.0,
        "Selling And Marketing Expense": 0.0,
        "General And Administrative Expense": 751173.0,
        "Other Gand A": 321532.0,
        "Insurance And Claims": 87527.0,
        "Salaries And Wages": 342114.0,
        "Total Revenue": 0.0,
        "Operating Revenue": 0.0
    },
    "2024-04-30": {
        "Tax Effect Of Unusual Items": 0.0,
        "Tax Rate For Calcs": 0.0,
        "Normalized EBITDA": -837380.0,
        "Net Income From Continuing Operation Net Minority Interest": -851529.0,
        "Reconciled Depreciation": 12685.0,
        "EBITDA": -837380.0,
        "EBIT": -850065.0,
        "Net Interest Income": -1465.0,
        "Interest Expense": 1465.0,
        "Normalized Income": -851529.0,
        "Net Income From Continuing And Discontinued Operation": -851529.0,
        "Total Expenses": 850065.0,
        "Total Operating Income As Reported": -850064.0,
        "Diluted Average Shares": NaN,
        "Basic Average Shares": NaN,
        "Diluted EPS": NaN,
        "Basic EPS": NaN,
        "Diluted NI Availto Com Stockholders": -851529.0,
        "Net Income Common Stockholders": -851529.0,
        "Preferred Stock Dividends": NaN,
        "Net Income": -851529.0,
        "Net Income Including Noncontrolling Interests": -851530.0,
        "Net Income Continuous Operations": -851530.0,
        "Pretax Income": -851530.0,
        "Net Non Operating Interest Income Expense": -1465.0,
        "Interest Expense Non Operating": 1465.0,
        "Operating Income": -850065.0,
        "Operating Expense": 850065.0,
        "Research And Development": 183430.0,
        "Selling General And Administration": 666635.0,
        "Selling And Marketing Expense": 0.0,
        "General And Administrative Expense": 666635.0,
        "Other Gand A": 109486.0,
        "Insurance And Claims": 87527.0,
        "Salaries And Wages": 469622.0,
        "Total Revenue": 0.0,
        "Operating Revenue": 0.0
    },
    "2024-07-31": {
        "Tax Effect Of Unusual Items": 0.0,
        "Tax Rate For Calcs": 0.0,
        "Normalized EBITDA": -949720.0,
        "Net Income From Continuing Operation Net Minority Interest": -974411.0,
        "Reconciled Depreciation": 12685.0,
        "EBITDA": -949720.0,
        "EBIT": -962405.0,
        "Net Interest Income": -12006.0,
        "Interest Expense": 12006.0,
        "Normalized Income": -974411.0,
        "Net Income From Continuing And Discontinued Operation": -974411.0,
        "Total Expenses": 962405.0,
        "Total Operating Income As Reported": -962405.0,
        "Diluted Average Shares": 777821.0,
        "Basic Average Shares": 777821.0,
        "Diluted EPS": -1.25,
        "Basic EPS": -1.25,
        "Diluted NI Availto Com Stockholders": -974411.0,
        "Net Income Common Stockholders": -974411.0,
        "Preferred Stock Dividends": NaN,
        "Net Income": -974411.0,
        "Net Income Including Noncontrolling Interests": -974411.0,
        "Net Income Continuous Operations": -974411.0,
        "Pretax Income": -974411.0,
        "Net Non Operating Interest Income Expense": -12006.0,
        "Interest Expense Non Operating": 12006.0,
        "Operating Income": -962405.0,
        "Operating Expense": 962405.0,
        "Research And Development": 206571.0,
        "Selling General And Administration": 755834.0,
        "Selling And Marketing Expense": 40000.0,
        "General And Administrative Expense": 715834.0,
        "Other Gand A": 284617.0,
        "Insurance And Claims": 78395.0,
        "Salaries And Wages": 352822.0,
        "Total Revenue": 0.0,
        "Operating Revenue": 0.0
    },
    "2024-10-31": {
        "Tax Effect Of Unusual Items": 0.0,
        "Tax Rate For Calcs": 0.0,
        "Normalized EBITDA": -1345383.0,
        "Net Income From Continuing Operation Net Minority Interest": -1361563.0,
        "Reconciled Depreciation": 12685.0,
        "EBITDA": -1345383.0,
        "EBIT": -1358068.0,
        "Net Interest Income": -3495.0,
        "Interest Expense": 3495.0,
        "Normalized Income": -1361563.0,
        "Net Income From Continuing And Discontinued Operation": -1361563.0,
        "Total Expenses": 1358068.0,
        "Total Operating Income As Reported": -1358068.0,
        "Diluted Average Shares": 3531702.0,
        "Basic Average Shares": 3531702.0,
        "Diluted EPS": -0.4,
        "Basic EPS": -0.4,
        "Diluted NI Availto Com Stockholders": -1415214.0,
        "Net Income Common Stockholders": -1415214.0,
        "Preferred Stock Dividends": 53651.0,
        "Net Income": -1361563.0,
        "Net Income Including Noncontrolling Interests": -1361563.0,
        "Net Income Continuous Operations": -1361563.0,
        "Pretax Income": -1361563.0,
        "Net Non Operating Interest Income Expense": -3495.0,
        "Interest Expense Non Operating": 3495.0,
        "Operating Income": -1358068.0,
        "Operating Expense": 1358068.0,
        "Research And Development": 311088.0,
        "Selling General And Administration": 1046980.0,
        "Selling And Marketing Expense": 304000.0,
        "General And Administrative Expense": 742980.0,
        "Other Gand A": 231950.0,
        "Insurance And Claims": 60239.0,
        "Salaries And Wages": 450791.0,
        "Total Revenue": 0.0,
        "Operating Revenue": 0.0
    }
}