{
    "2023-06-30": {
        "Tax Effect Of Unusual Items": -1459314.0,
        "Tax Rate For Calcs": 0.251,
        "Normalized EBITDA": 230210000.0,
        "Total Unusual Items": -5814000.0,
        "Total Unusual Items Excluding Goodwill": -5814000.0,
        "Net Income From Continuing Operation Net Minority Interest": 87012000.0,
        "Reconciled Depreciation": 52901000.0,
        "Reconciled Cost Of Revenue": 105496000.0,
        "EBITDA": 224396000.0,
        "EBIT": 171495000.0,
        "Net Interest Income": -55388000.0,
        "Interest Expense": 55388000.0,
        "Normalized Income": 91366686.0,
        "Net Income From Continuing And Discontinued Operation": 87012000.0,
        "Total Expenses": 124618000.0,
        "Total Operating Income As Reported": 145523000.0,
        "Diluted Average Shares": 481512000.0,
        "Basic Average Shares": 479502000.0,
        "Diluted EPS": 0.18,
        "Basic EPS": 0.18,
        "Diluted NI Availto Com Stockholders": 86875000.0,
        "Net Income Common Stockholders": 86875000.0,
        "Preferred Stock Dividends": 137000.0,
        "Net Income": 87012000.0,
        "Net Income Including Noncontrolling Interests": 174024000.0,
        "Net Income Continuous Operations": 87012000.0,
        "Tax Provision": 29095000.0,
        "Pretax Income": 116107000.0,
        "Other Income Expense": 20158000.0,
        "Special Income Charges": -5814000.0,
        "Gain On Sale Of Ppe": -5814000.0,
        "Other Special Charges": NaN,
        "Impairment Of Capital Assets": 0.0,
        "Earnings From Equity Interest": 25972000.0,
        "Net Non Operating Interest Income Expense": -55388000.0,
        "Interest Expense Non Operating": 55388000.0,
        "Operating Income": 151337000.0,
        "Operating Expense": 19122000.0,
        "Other Operating Expenses": 960000.0,
        "Selling General And Administration": 18162000.0,
        "General And Administrative Expense": 18162000.0,
        "Other Gand A": 9663000.0,
        "Salaries And Wages": 8499000.0,
        "Gross Profit": 170459000.0,
        "Cost Of Revenue": 105496000.0,
        "Total Revenue": 275955000.0,
        "Operating Revenue": 275955000.0
    },
    "2023-03-31": {
        "Tax Effect Of Unusual Items": 63700.0,
        "Tax Rate For Calcs": 0.26,
        "Normalized EBITDA": 225420000.0,
        "Total Unusual Items": 245000.0,
        "Total Unusual Items Excluding Goodwill": 245000.0,
        "Net Income From Continuing Operation Net Minority Interest": 86507000.0,
        "Reconciled Depreciation": 52864000.0,
        "Reconciled Cost Of Revenue": 110737000.0,
        "EBITDA": 225665000.0,
        "EBIT": 172801000.0,
        "Net Interest Income": -54624000.0,
        "Interest Expense": 54624000.0,
        "Normalized Income": 86325700.0,
        "Net Income From Continuing And Discontinued Operation": 86507000.0,
        "Total Expenses": 129043000.0,
        "Total Operating Income As Reported": 148345000.0,
        "Diluted Average Shares": 481459000.0,
        "Basic Average Shares": 478612000.0,
        "Diluted EPS": 0.18,
        "Basic EPS": 0.18,
        "Diluted NI Availto Com Stockholders": 86369000.0,
        "Net Income Common Stockholders": 86369000.0,
        "Preferred Stock Dividends": 138000.0,
        "Net Income": 86507000.0,
        "Net Income Including Noncontrolling Interests": 173014000.0,
        "Net Income Continuous Operations": 86507000.0,
        "Tax Provision": 31670000.0,
        "Pretax Income": 118177000.0,
        "Other Income Expense": 24701000.0,
        "Special Income Charges": 245000.0,
        "Gain On Sale Of Ppe": 245000.0,
        "Other Special Charges": NaN,
        "Impairment Of Capital Assets": NaN,
        "Earnings From Equity Interest": 24456000.0,
        "Net Non Operating Interest Income Expense": -54624000.0,
        "Interest Expense Non Operating": 54624000.0,
        "Operating Income": 148100000.0,
        "Operating Expense": 18306000.0,
        "Other Operating Expenses": 959000.0,
        "Selling General And Administration": 17347000.0,
        "General And Administrative Expense": 17347000.0,
        "Other Gand A": 17347000.0,
        "Salaries And Wages": NaN,
        "Gross Profit": 166406000.0,
        "Cost Of Revenue": 110737000.0,
        "Total Revenue": 277143000.0,
        "Operating Revenue": 277143000.0
    },
    "2022-12-31": {
        "Tax Effect Of Unusual Items": 2547.982925,
        "Tax Rate For Calcs": 0.283109,
        "Normalized EBITDA": 219137000.0,
        "Total Unusual Items": 9000.0,
        "Total Unusual Items Excluding Goodwill": 9000.0,
        "Net Income From Continuing Operation Net Minority Interest": 82793000.0,
        "Reconciled Depreciation": 51249000.0,
        "Reconciled Cost Of Revenue": 99544000.0,
        "EBITDA": 219146000.0,
        "EBIT": 167897000.0,
        "Net Interest Income": -52408000.0,
        "Interest Expense": 52408000.0,
        "Normalized Income": 82786547.982925,
        "Net Income From Continuing And Discontinued Operation": 82793000.0,
        "Total Expenses": 115084000.0,
        "Total Operating Income As Reported": 144146000.0,
        "Diluted Average Shares": 480966000.0,
        "Basic Average Shares": 478493000.0,
        "Diluted EPS": 0.17,
        "Basic EPS": 0.17,
        "Diluted NI Availto Com Stockholders": 82656000.0,
        "Net Income Common Stockholders": 82656000.0,
        "Preferred Stock Dividends": 137000.0,
        "Net Income": 82793000.0,
        "Net Income Including Noncontrolling Interests": 165586000.0,
        "Net Income Continuous Operations": 82793000.0,
        "Tax Provision": 32696000.0,
        "Pretax Income": 115489000.0,
        "Other Income Expense": 23760000.0,
        "Special Income Charges": 9000.0,
        "Gain On Sale Of Ppe": 9000.0,
        "Other Special Charges": NaN,
        "Impairment Of Capital Assets": 0.0,
        "Earnings From Equity Interest": 23751000.0,
        "Net Non Operating Interest Income Expense": -52408000.0,
        "Interest Expense Non Operating": 52408000.0,
        "Operating Income": 144137000.0,
        "Operating Expense": 15540000.0,
        "Other Operating Expenses": 1012000.0,
        "Selling General And Administration": 14528000.0,
        "General And Administrative Expense": 14528000.0,
        "Other Gand A": NaN,
        "Salaries And Wages": NaN,
        "Gross Profit": 159677000.0,
        "Cost Of Revenue": 99544000.0,
        "Total Revenue": 259221000.0,
        "Operating Revenue": 259221000.0
    },
    "2022-09-30": {
        "Tax Effect Of Unusual Items": NaN,
        "Tax Rate For Calcs": NaN,
        "Normalized EBITDA": NaN,
        "Total Unusual Items": NaN,
        "Total Unusual Items Excluding Goodwill": NaN,
        "Net Income From Continuing Operation Net Minority Interest": NaN,
        "Reconciled Depreciation": NaN,
        "Reconciled Cost Of Revenue": NaN,
        "EBITDA": NaN,
        "EBIT": NaN,
        "Net Interest Income": NaN,
        "Interest Expense": NaN,
        "Normalized Income": NaN,
        "Net Income From Continuing And Discontinued Operation": NaN,
        "Total Expenses": NaN,
        "Total Operating Income As Reported": NaN,
        "Diluted Average Shares": NaN,
        "Basic Average Shares": NaN,
        "Diluted EPS": NaN,
        "Basic EPS": NaN,
        "Diluted NI Availto Com Stockholders": NaN,
        "Net Income Common Stockholders": NaN,
        "Preferred Stock Dividends": NaN,
        "Net Income": NaN,
        "Net Income Including Noncontrolling Interests": NaN,
        "Net Income Continuous Operations": NaN,
        "Tax Provision": NaN,
        "Pretax Income": NaN,
        "Other Income Expense": NaN,
        "Special Income Charges": NaN,
        "Gain On Sale Of Ppe": NaN,
        "Other Special Charges": NaN,
        "Impairment Of Capital Assets": 0.0,
        "Earnings From Equity Interest": NaN,
        "Net Non Operating Interest Income Expense": NaN,
        "Interest Expense Non Operating": NaN,
        "Operating Income": NaN,
        "Operating Expense": NaN,
        "Other Operating Expenses": NaN,
        "Selling General And Administration": NaN,
        "General And Administrative Expense": NaN,
        "Other Gand A": NaN,
        "Salaries And Wages": NaN,
        "Gross Profit": NaN,
        "Cost Of Revenue": NaN,
        "Total Revenue": NaN,
        "Operating Revenue": NaN
    },
    "2022-06-30": {
        "Tax Effect Of Unusual Items": -917500.0,
        "Tax Rate For Calcs": 0.25,
        "Normalized EBITDA": 208233000.0,
        "Total Unusual Items": -3670000.0,
        "Total Unusual Items Excluding Goodwill": -3670000.0,
        "Net Income From Continuing Operation Net Minority Interest": 79395000.0,
        "Reconciled Depreciation": 53343000.0,
        "Reconciled Cost Of Revenue": 96642000.0,
        "EBITDA": 204563000.0,
        "EBIT": 151220000.0,
        "Net Interest Income": -45426000.0,
        "Interest Expense": 45426000.0,
        "Normalized Income": 82147500.0,
        "Net Income From Continuing And Discontinued Operation": 79395000.0,
        "Total Expenses": 114509000.0,
        "Total Operating Income As Reported": 128396000.0,
        "Diluted Average Shares": 480270000.0,
        "Basic Average Shares": 478317000.0,
        "Diluted EPS": 0.17,
        "Basic EPS": 0.17,
        "Diluted NI Availto Com Stockholders": 79258000.0,
        "Net Income Common Stockholders": 79258000.0,
        "Preferred Stock Dividends": 137000.0,
        "Net Income": 79395000.0,
        "Net Income Including Noncontrolling Interests": 79395000.0,
        "Net Income Continuous Operations": 79395000.0,
        "Tax Provision": 26399000.0,
        "Pretax Income": 105794000.0,
        "Other Income Expense": 19154000.0,
        "Special Income Charges": -3670000.0,
        "Gain On Sale Of Ppe": 32000.0,
        "Impairment Of Capital Assets": 3702000.0,
        "Earnings From Equity Interest": 22824000.0,
        "Net Non Operating Interest Income Expense": -45426000.0,
        "Interest Expense Non Operating": 45426000.0,
        "Operating Income": 132066000.0,
        "Operating Expense": 17867000.0,
        "Other Operating Expenses": 1788000.0,
        "Selling General And Administration": 16079000.0,
        "General And Administrative Expense": 16079000.0,
        "Other Gand A": 16079000.0,
        "Salaries And Wages": NaN,
        "Gross Profit": 149933000.0,
        "Cost Of Revenue": 96642000.0,
        "Total Revenue": 246575000.0,
        "Operating Revenue": 246575000.0
    },
    "2023-09-30": {
        "Tax Effect Of Unusual Items": -127491.0,
        "Tax Rate For Calcs": 0.273,
        "Normalized EBITDA": 238590000.0,
        "Total Unusual Items": -467000.0,
        "Total Unusual Items Excluding Goodwill": -467000.0,
        "Net Income From Continuing Operation Net Minority Interest": 97820000.0,
        "Reconciled Depreciation": 48413000.0,
        "Reconciled Cost Of Revenue": 100327000.0,
        "EBITDA": 238123000.0,
        "EBIT": 189710000.0,
        "Net Interest Income": -55233000.0,
        "Interest Expense": 55233000.0,
        "Normalized Income": 98159509.0,
        "Net Income From Continuing And Discontinued Operation": 97820000.0,
        "Total Expenses": 118727000.0,
        "Total Operating Income As Reported": 162313000.0,
        "Diluted Average Shares": 482840000.0,
        "Basic Average Shares": 479676000.0,
        "Diluted EPS": 0.2,
        "Basic EPS": 0.2,
        "Diluted NI Availto Com Stockholders": 97682000.0,
        "Net Income Common Stockholders": 97682000.0,
        "Preferred Stock Dividends": 138000.0,
        "Net Income": 97820000.0,
        "Net Income Including Noncontrolling Interests": 195640000.0,
        "Net Income Continuous Operations": 97820000.0,
        "Tax Provision": 36657000.0,
        "Pretax Income": 134477000.0,
        "Other Income Expense": 26930000.0,
        "Special Income Charges": -467000.0,
        "Gain On Sale Of Ppe": -467000.0,
        "Other Special Charges": NaN,
        "Impairment Of Capital Assets": NaN,
        "Earnings From Equity Interest": 27397000.0,
        "Net Non Operating Interest Income Expense": -55233000.0,
        "Interest Expense Non Operating": 55233000.0,
        "Operating Income": 162780000.0,
        "Operating Expense": 18400000.0,
        "Other Operating Expenses": 767000.0,
        "Selling General And Administration": 17633000.0,
        "General And Administrative Expense": 17633000.0,
        "Other Gand A": 17633000.0,
        "Salaries And Wages": NaN,
        "Gross Profit": 181180000.0,
        "Cost Of Revenue": 100327000.0,
        "Total Revenue": 281507000.0,
        "Operating Revenue": 281507000.0
    },
    "2024-03-31": {
        "Tax Effect Of Unusual Items": -15812.0,
        "Tax Rate For Calcs": 0.268,
        "Normalized EBITDA": 248544000.0,
        "Total Unusual Items": -59000.0,
        "Total Unusual Items Excluding Goodwill": -59000.0,
        "Net Income From Continuing Operation Net Minority Interest": 103926000.0,
        "Reconciled Depreciation": 54763000.0,
        "Reconciled Cost Of Revenue": 108681000.0,
        "EBITDA": 248485000.0,
        "EBIT": 193722000.0,
        "Net Interest Income": -53308000.0,
        "Interest Expense": 53308000.0,
        "Normalized Income": 103969188.0,
        "Net Income From Continuing And Discontinued Operation": 103926000.0,
        "Total Expenses": 130468000.0,
        "Total Operating Income As Reported": 166251000.0,
        "Diluted Average Shares": 484303000.0,
        "Basic Average Shares": 479897000.0,
        "Diluted EPS": 0.21,
        "Basic EPS": 0.22,
        "Diluted NI Availto Com Stockholders": 103788000.0,
        "Net Income Common Stockholders": 103788000.0,
        "Preferred Stock Dividends": 138000.0,
        "Net Income": 103926000.0,
        "Net Income Including Noncontrolling Interests": 207852000.0,
        "Net Income Continuous Operations": 103926000.0,
        "Tax Provision": 36488000.0,
        "Pretax Income": 140414000.0,
        "Other Income Expense": 27471000.0,
        "Special Income Charges": -59000.0,
        "Gain On Sale Of Ppe": 0.0,
        "Other Special Charges": 59000.0,
        "Impairment Of Capital Assets": NaN,
        "Earnings From Equity Interest": 27530000.0,
        "Net Non Operating Interest Income Expense": -53308000.0,
        "Interest Expense Non Operating": 53308000.0,
        "Operating Income": 166251000.0,
        "Operating Expense": 21787000.0,
        "Other Operating Expenses": 566000.0,
        "Selling General And Administration": 21221000.0,
        "General And Administrative Expense": 21221000.0,
        "Other Gand A": 21221000.0,
        "Salaries And Wages": NaN,
        "Gross Profit": 188038000.0,
        "Cost Of Revenue": 108681000.0,
        "Total Revenue": 296719000.0,
        "Operating Revenue": 296719000.0
    },
    "2023-12-31": {
        "Tax Effect Of Unusual Items": NaN,
        "Tax Rate For Calcs": NaN,
        "Normalized EBITDA": NaN,
        "Total Unusual Items": NaN,
        "Total Unusual Items Excluding Goodwill": NaN,
        "Net Income From Continuing Operation Net Minority Interest": NaN,
        "Reconciled Depreciation": NaN,
        "Reconciled Cost Of Revenue": NaN,
        "EBITDA": NaN,
        "EBIT": NaN,
        "Net Interest Income": NaN,
        "Interest Expense": NaN,
        "Normalized Income": NaN,
        "Net Income From Continuing And Discontinued Operation": NaN,
        "Total Expenses": NaN,
        "Total Operating Income As Reported": NaN,
        "Diluted Average Shares": NaN,
        "Basic Average Shares": NaN,
        "Diluted EPS": NaN,
        "Basic EPS": NaN,
        "Diluted NI Availto Com Stockholders": NaN,
        "Net Income Common Stockholders": NaN,
        "Preferred Stock Dividends": NaN,
        "Net Income": NaN,
        "Net Income Including Noncontrolling Interests": NaN,
        "Net Income Continuous Operations": NaN,
        "Tax Provision": NaN,
        "Pretax Income": NaN,
        "Other Income Expense": NaN,
        "Special Income Charges": NaN,
        "Gain On Sale Of Ppe": NaN,
        "Other Special Charges": NaN,
        "Impairment Of Capital Assets": NaN,
        "Earnings From Equity Interest": NaN,
        "Net Non Operating Interest Income Expense": NaN,
        "Interest Expense Non Operating": NaN,
        "Operating Income": NaN,
        "Operating Expense": NaN,
        "Other Operating Expenses": NaN,
        "Selling General And Administration": NaN,
        "General And Administrative Expense": NaN,
        "Other Gand A": 17926000.0,
        "Salaries And Wages": NaN,
        "Gross Profit": NaN,
        "Cost Of Revenue": NaN,
        "Total Revenue": NaN,
        "Operating Revenue": NaN
    }
}