{
    "2023-04-30": {
        "Tax Effect Of Unusual Items": 0.0,
        "Tax Rate For Calcs": 0.113675,
        "Normalized EBITDA": 2040000000.0,
        "Total Unusual Items": 0.0,
        "Total Unusual Items Excluding Goodwill": 0.0,
        "Net Income From Continuing Operation Net Minority Interest": 1575000000.0,
        "Reconciled Depreciation": 129000000.0,
        "Reconciled Cost Of Revenue": 3536000000.0,
        "EBITDA": 2040000000.0,
        "EBIT": 1911000000.0,
        "Net Interest Income": -134000000.0,
        "Interest Expense": 134000000.0,
        "Interest Income": NaN,
        "Normalized Income": 1575000000.0,
        "Net Income From Continuing And Discontinued Operation": 1575000000.0,
        "Total Expenses": 4719000000.0,
        "Total Operating Income As Reported": 1911000000.0,
        "Diluted Average Shares": 847000000.0,
        "Basic Average Shares": 843000000.0,
        "Diluted EPS": 1.86,
        "Basic EPS": 1.87,
        "Diluted NI Availto Com Stockholders": 1575000000.0,
        "Net Income Common Stockholders": 1575000000.0,
        "Net Income": 1575000000.0,
        "Net Income Including Noncontrolling Interests": 1575000000.0,
        "Net Income Continuous Operations": 1575000000.0,
        "Tax Provision": 202000000.0,
        "Pretax Income": 1777000000.0,
        "Other Income Expense": NaN,
        "Special Income Charges": 0.0,
        "Restructuring And Mergern Acquisition": 0.0,
        "Net Non Operating Interest Income Expense": -134000000.0,
        "Interest Expense Non Operating": 134000000.0,
        "Interest Income Non Operating": NaN,
        "Operating Income": 1911000000.0,
        "Operating Expense": 1183000000.0,
        "Research And Development": 775000000.0,
        "Selling General And Administration": 408000000.0,
        "Selling And Marketing Expense": 194000000.0,
        "General And Administrative Expense": 214000000.0,
        "Other Gand A": 214000000.0,
        "Gross Profit": 3094000000.0,
        "Cost Of Revenue": 3536000000.0,
        "Total Revenue": 6630000000.0,
        "Operating Revenue": 6630000000.0
    },
    "2023-01-31": {
        "Tax Effect Of Unusual Items": NaN,
        "Tax Rate For Calcs": NaN,
        "Normalized EBITDA": NaN,
        "Total Unusual Items": 0.0,
        "Total Unusual Items Excluding Goodwill": 0.0,
        "Net Income From Continuing Operation Net Minority Interest": NaN,
        "Reconciled Depreciation": NaN,
        "Reconciled Cost Of Revenue": NaN,
        "EBITDA": NaN,
        "EBIT": NaN,
        "Net Interest Income": NaN,
        "Interest Expense": NaN,
        "Interest Income": 50000000.0,
        "Normalized Income": NaN,
        "Net Income From Continuing And Discontinued Operation": NaN,
        "Total Expenses": NaN,
        "Total Operating Income As Reported": NaN,
        "Diluted Average Shares": NaN,
        "Basic Average Shares": NaN,
        "Diluted EPS": NaN,
        "Basic EPS": NaN,
        "Diluted NI Availto Com Stockholders": NaN,
        "Net Income Common Stockholders": NaN,
        "Net Income": NaN,
        "Net Income Including Noncontrolling Interests": NaN,
        "Net Income Continuous Operations": NaN,
        "Tax Provision": NaN,
        "Pretax Income": NaN,
        "Other Income Expense": NaN,
        "Special Income Charges": 0.0,
        "Restructuring And Mergern Acquisition": 0.0,
        "Net Non Operating Interest Income Expense": NaN,
        "Interest Expense Non Operating": NaN,
        "Interest Income Non Operating": 50000000.0,
        "Operating Income": NaN,
        "Operating Expense": NaN,
        "Research And Development": NaN,
        "Selling General And Administration": NaN,
        "Selling And Marketing Expense": NaN,
        "General And Administrative Expense": NaN,
        "Other Gand A": NaN,
        "Gross Profit": NaN,
        "Cost Of Revenue": NaN,
        "Total Revenue": NaN,
        "Operating Revenue": NaN
    },
    "2022-10-31": {
        "Tax Effect Of Unusual Items": NaN,
        "Tax Rate For Calcs": NaN,
        "Normalized EBITDA": NaN,
        "Total Unusual Items": 0.0,
        "Total Unusual Items Excluding Goodwill": 0.0,
        "Net Income From Continuing Operation Net Minority Interest": NaN,
        "Reconciled Depreciation": NaN,
        "Reconciled Cost Of Revenue": NaN,
        "EBITDA": NaN,
        "EBIT": NaN,
        "Net Interest Income": NaN,
        "Interest Expense": NaN,
        "Interest Income": NaN,
        "Normalized Income": NaN,
        "Net Income From Continuing And Discontinued Operation": NaN,
        "Total Expenses": NaN,
        "Total Operating Income As Reported": NaN,
        "Diluted Average Shares": NaN,
        "Basic Average Shares": NaN,
        "Diluted EPS": NaN,
        "Basic EPS": NaN,
        "Diluted NI Availto Com Stockholders": NaN,
        "Net Income Common Stockholders": NaN,
        "Net Income": NaN,
        "Net Income Including Noncontrolling Interests": NaN,
        "Net Income Continuous Operations": NaN,
        "Tax Provision": NaN,
        "Pretax Income": NaN,
        "Other Income Expense": 0.0,
        "Special Income Charges": 0.0,
        "Restructuring And Mergern Acquisition": 0.0,
        "Net Non Operating Interest Income Expense": NaN,
        "Interest Expense Non Operating": NaN,
        "Interest Income Non Operating": NaN,
        "Operating Income": NaN,
        "Operating Expense": NaN,
        "Research And Development": NaN,
        "Selling General And Administration": NaN,
        "Selling And Marketing Expense": NaN,
        "General And Administrative Expense": NaN,
        "Other Gand A": NaN,
        "Gross Profit": NaN,
        "Cost Of Revenue": NaN,
        "Total Revenue": NaN,
        "Operating Revenue": NaN
    },
    "2022-07-31": {
        "Tax Effect Of Unusual Items": 0.0,
        "Tax Rate For Calcs": 0.137,
        "Normalized EBITDA": 2032000000.0,
        "Total Unusual Items": 0.0,
        "Total Unusual Items Excluding Goodwill": 0.0,
        "Net Income From Continuing Operation Net Minority Interest": 1606000000.0,
        "Reconciled Depreciation": 108000000.0,
        "Reconciled Cost Of Revenue": 3514000000.0,
        "EBITDA": 2032000000.0,
        "EBIT": 1924000000.0,
        "Net Interest Income": -63000000.0,
        "Interest Expense": 63000000.0,
        "Interest Income": NaN,
        "Normalized Income": 1606000000.0,
        "Net Income From Continuing And Discontinued Operation": 1606000000.0,
        "Total Expenses": 4596000000.0,
        "Total Operating Income As Reported": 1924000000.0,
        "Diluted Average Shares": 869000000.0,
        "Basic Average Shares": 864000000.0,
        "Diluted EPS": 1.85,
        "Basic EPS": 1.86,
        "Diluted NI Availto Com Stockholders": 1606000000.0,
        "Net Income Common Stockholders": 1606000000.0,
        "Net Income": 1606000000.0,
        "Net Income Including Noncontrolling Interests": 1606000000.0,
        "Net Income Continuous Operations": 1606000000.0,
        "Tax Provision": 255000000.0,
        "Pretax Income": 1861000000.0,
        "Other Income Expense": NaN,
        "Special Income Charges": 0.0,
        "Restructuring And Mergern Acquisition": 0.0,
        "Net Non Operating Interest Income Expense": -63000000.0,
        "Interest Expense Non Operating": 63000000.0,
        "Interest Income Non Operating": NaN,
        "Operating Income": 1924000000.0,
        "Operating Expense": 1082000000.0,
        "Research And Development": 705000000.0,
        "Selling General And Administration": 377000000.0,
        "Selling And Marketing Expense": 180000000.0,
        "General And Administrative Expense": 197000000.0,
        "Other Gand A": 197000000.0,
        "Gross Profit": 3006000000.0,
        "Cost Of Revenue": 3514000000.0,
        "Total Revenue": 6520000000.0,
        "Operating Revenue": 6520000000.0
    },
    "2022-04-30": {
        "Diluted EPS": 1.74,
        "Total Revenue": NaN,
        "Gross Profit": NaN,
        "Operating Income": NaN,
        "EBIT": NaN,
        "Net Income": NaN
    },
    "2022-01-31": {
        "Diluted EPS": 2.0,
        "Total Revenue": NaN,
        "Gross Profit": NaN,
        "Operating Income": NaN,
        "EBIT": NaN,
        "Net Income": NaN
    },
    "2021-10-31": {
        "Diluted EPS": 1.88,
        "Total Revenue": NaN,
        "Gross Profit": NaN,
        "Operating Income": NaN,
        "EBIT": NaN,
        "Net Income": NaN
    },
    "2021-07-31": {
        "Diluted EPS": 1.87,
        "Total Revenue": NaN,
        "Gross Profit": NaN,
        "Operating Income": NaN,
        "EBIT": NaN,
        "Net Income": NaN
    },
    "2021-04-30": {
        "Diluted EPS": 1.43,
        "Total Revenue": NaN,
        "Gross Profit": NaN,
        "Operating Income": NaN,
        "EBIT": NaN,
        "Net Income": NaN
    },
    "2021-01-31": {
        "Diluted EPS": 1.22,
        "Total Revenue": NaN,
        "Gross Profit": NaN,
        "Operating Income": NaN,
        "EBIT": NaN,
        "Net Income": NaN
    },
    "2020-10-31": {
        "Diluted EPS": 1.23,
        "Total Revenue": NaN,
        "Gross Profit": NaN,
        "Operating Income": NaN,
        "EBIT": NaN,
        "Net Income": NaN
    },
    "2020-07-31": {
        "Diluted EPS": 0.91,
        "Total Revenue": NaN,
        "Gross Profit": NaN,
        "Operating Income": NaN,
        "EBIT": NaN,
        "Net Income": 841
    },
    "2020-04-30": {
        "Diluted EPS": 0.82,
        "Total Revenue": NaN,
        "Gross Profit": NaN,
        "Operating Income": 932,
        "EBIT": NaN,
        "Net Income": 755
    },
    "2020-01-31": {
        "Diluted EPS": 0.96,
        "Total Revenue": NaN,
        "Gross Profit": NaN,
        "Operating Income": NaN,
        "EBIT": NaN,
        "Net Income": 892
    },
    "2019-10-31": {
        "Diluted EPS": 0.75,
        "Total Revenue": NaN,
        "Gross Profit": NaN,
        "Operating Income": 864,
        "EBIT": 956,
        "Net Income": 698
    },
    "2019-07-31": {
        "Diluted EPS": 0.61,
        "Total Revenue": NaN,
        "Gross Profit": NaN,
        "Operating Income": 802,
        "EBIT": 891,
        "Net Income": 571
    },
    "2019-04-30": {
        "Diluted EPS": 0.7,
        "Total Revenue": NaN,
        "Gross Profit": NaN,
        "Operating Income": 776,
        "EBIT": 870,
        "Net Income": 666
    },
    "2019-01-31": {
        "Diluted EPS": 0.8,
        "Total Revenue": NaN,
        "Gross Profit": NaN,
        "Operating Income": 908,
        "EBIT": 996,
        "Net Income": 771
    },
    "2018-10-31": {
        "Diluted EPS": 0.74,
        "Total Revenue": NaN,
        "Gross Profit": NaN,
        "Operating Income": 891,
        "EBIT": NaN,
        "Net Income": 757
    },
    "2018-07-31": {
        "Diluted EPS": 1.01,
        "Total Revenue": NaN,
        "Gross Profit": NaN,
        "Operating Income": NaN,
        "EBIT": NaN,
        "Net Income": NaN
    },
    "2018-04-30": {
        "Diluted EPS": 1.06,
        "Total Revenue": NaN,
        "Gross Profit": NaN,
        "Operating Income": NaN,
        "EBIT": NaN,
        "Net Income": NaN
    },
    "2018-01-31": {
        "Diluted EPS": 0.15,
        "Total Revenue": NaN,
        "Gross Profit": NaN,
        "Operating Income": NaN,
        "EBIT": NaN,
        "Net Income": 165
    },
    "2017-10-31": {
        "Diluted EPS": 0.99,
        "Total Revenue": NaN,
        "Gross Profit": NaN,
        "Operating Income": NaN,
        "EBIT": NaN,
        "Net Income": NaN
    },
    "2017-07-31": {
        "Diluted EPS": 0.85,
        "Total Revenue": NaN,
        "Gross Profit": NaN,
        "Operating Income": NaN,
        "EBIT": NaN,
        "Net Income": 925
    },
    "2017-04-30": {
        "Diluted EPS": 0.76,
        "Total Revenue": NaN,
        "Gross Profit": NaN,
        "Operating Income": 940,
        "EBIT": NaN,
        "Net Income": 824
    },
    "2017-01-31": {
        "Diluted EPS": 0.65,
        "Total Revenue": NaN,
        "Gross Profit": NaN,
        "Operating Income": 807,
        "EBIT": 904,
        "Net Income": 703
    },
    "2016-10-31": {
        "Diluted EPS": 0.54,
        "Total Revenue": NaN,
        "Gross Profit": NaN,
        "Operating Income": 777,
        "EBIT": 877,
        "Net Income": 610
    },
    "2016-07-31": {
        "Diluted EPS": 0.46,
        "Total Revenue": NaN,
        "Gross Profit": NaN,
        "Operating Income": 596,
        "EBIT": 693,
        "Net Income": 505
    },
    "2016-04-30": {
        "Diluted EPS": 0.29,
        "Total Revenue": NaN,
        "Gross Profit": NaN,
        "Operating Income": 425,
        "EBIT": 521,
        "Net Income": 320
    },
    "2016-01-31": {
        "Diluted EPS": 0.25,
        "Total Revenue": NaN,
        "Gross Profit": 916,
        "Operating Income": 354,
        "EBIT": 450,
        "Net Income": 286
    },
    "2015-10-31": {
        "Diluted EPS": 0.28,
        "Total Revenue": NaN,
        "Gross Profit": 959,
        "Operating Income": 423,
        "EBIT": 519,
        "Net Income": 336
    },
    "2015-07-31": {
        "Diluted EPS": 0.27,
        "Total Revenue": NaN,
        "Gross Profit": NaN,
        "Operating Income": 396,
        "EBIT": 489,
        "Net Income": 329
    },
    "2015-04-30": {
        "Diluted EPS": 0.29,
        "Total Revenue": NaN,
        "Gross Profit": NaN,
        "Operating Income": 416,
        "EBIT": 506,
        "Net Income": 364
    },
    "2015-01-31": {
        "Diluted EPS": 0.28,
        "Total Revenue": NaN,
        "Gross Profit": 959,
        "Operating Income": 458,
        "EBIT": 550,
        "Net Income": 348
    },
    "2014-10-31": {
        "Diluted EPS": 0.21,
        "Total Revenue": NaN,
        "Gross Profit": 959,
        "Operating Income": 412,
        "EBIT": 506,
        "Net Income": 256
    },
    "2014-07-31": {
        "Diluted EPS": 0.24,
        "Total Revenue": NaN,
        "Gross Profit": 992,
        "Operating Income": 391,
        "EBIT": 484,
        "Net Income": 301
    },
    "2014-04-30": {
        "Diluted EPS": 0.21,
        "Total Revenue": NaN,
        "Gross Profit": NaN,
        "Operating Income": 387,
        "EBIT": 481,
        "Net Income": 262
    },
    "2014-01-31": {
        "Diluted EPS": 0.21,
        "Total Revenue": NaN,
        "Gross Profit": 891,
        "Operating Income": 330,
        "EBIT": 424,
        "Net Income": 253
    },
    "2013-10-31": {
        "Diluted EPS": 0.15,
        "Total Revenue": NaN,
        "Gross Profit": 795,
        "Operating Income": 211,
        "EBIT": 309,
        "Net Income": 183
    },
    "2013-07-31": {
        "Diluted EPS": 0.14,
        "Total Revenue": NaN,
        "Gross Profit": 806,
        "Operating Income": 250,
        "EBIT": 350,
        "Net Income": 168
    },
    "2013-04-30": {
        "Diluted EPS": -0.11,
        "Total Revenue": NaN,
        "Gross Profit": 808,
        "Operating Income": -68,
        "EBIT": 316,
        "Net Income": -129
    },
    "2013-01-31": {
        "Diluted EPS": 0.03,
        "Total Revenue": NaN,
        "Gross Profit": 582,
        "Operating Income": 39,
        "EBIT": 145,
        "Net Income": 34
    },
    "2012-10-31": {
        "Diluted EPS": -0.39,
        "Total Revenue": NaN,
        "Gross Profit": 586,
        "Operating Income": -499,
        "EBIT": 19,
        "Net Income": -515
    },
    "2012-07-31": {
        "Diluted EPS": 0.17,
        "Total Revenue": NaN,
        "Gross Profit": 930,
        "Operating Income": 322,
        "EBIT": 427,
        "Net Income": 218
    },
    "2012-04-30": {
        "Diluted EPS": 0.22,
        "Total Revenue": NaN,
        "Gross Profit": NaN,
        "Operating Income": 409,
        "EBIT": 517,
        "Net Income": 289
    },
    "2012-01-31": {
        "Diluted EPS": 0.09,
        "Total Revenue": NaN,
        "Gross Profit": 786,
        "Operating Income": 179,
        "EBIT": 291,
        "Net Income": 117
    },
    "2011-10-31": {
        "Diluted EPS": 0.34,
        "Total Revenue": NaN,
        "Gross Profit": 851,
        "Operating Income": 360,
        "EBIT": 419,
        "Net Income": 455
    },
    "2011-07-31": {
        "Diluted EPS": 0.36,
        "Total Revenue": NaN,
        "Gross Profit": NaN,
        "Operating Income": 687,
        "EBIT": 746,
        "Net Income": 476
    },
    "2011-04-30": {
        "Diluted EPS": 0.37,
        "Total Revenue": NaN,
        "Gross Profit": NaN,
        "Operating Income": 677,
        "EBIT": 742,
        "Net Income": 489
    },
    "2011-01-31": {
        "Diluted EPS": 0.38,
        "Total Revenue": NaN,
        "Gross Profit": NaN,
        "Operating Income": 674,
        "EBIT": 737,
        "Net Income": 506
    },
    "2010-10-31": {
        "Diluted EPS": 0.35,
        "Total Revenue": NaN,
        "Gross Profit": NaN,
        "Operating Income": 699,
        "EBIT": 768,
        "Net Income": 468
    },
    "2010-07-31": {
        "Diluted EPS": 0.09,
        "Total Revenue": NaN,
        "Gross Profit": 860,
        "Operating Income": 183,
        "EBIT": 256,
        "Net Income": 123
    },
    "2010-04-30": {
        "Diluted EPS": 0.2,
        "Total Revenue": NaN,
        "Gross Profit": 927,
        "Operating Income": 386,
        "EBIT": 473,
        "Net Income": 264
    },
    "2010-01-31": {
        "Diluted EPS": 0.06,
        "Total Revenue": NaN,
        "Gross Profit": 711,
        "Operating Income": 116,
        "EBIT": 192,
        "Net Income": 83
    },
    "2009-10-31": {
        "Diluted EPS": 0.1,
        "Total Revenue": NaN,
        "Gross Profit": 559,
        "Operating Income": 173,
        "EBIT": 244,
        "Net Income": 138
    },
    "2009-07-31": {
        "Diluted EPS": -0.04,
        "Total Revenue": NaN,
        "Gross Profit": 325,
        "Operating Income": -77,
        "EBIT": -4,
        "Net Income": -55
    },
    "2009-04-30": {
        "Diluted EPS": -0.19,
        "Total Revenue": NaN,
        "Gross Profit": 156,
        "Operating Income": -293,
        "EBIT": -218,
        "Net Income": -255
    },
    "2009-01-31": {
        "Diluted EPS": -0.1,
        "Total Revenue": NaN,
        "Gross Profit": 392,
        "Operating Income": -196,
        "EBIT": -125,
        "Net Income": -133
    },
    "2023-07-31": {
        "Tax Effect Of Unusual Items": 0.0,
        "Tax Rate For Calcs": 0.136,
        "Normalized EBITDA": 2002000000.0,
        "Total Unusual Items": 0.0,
        "Total Unusual Items Excluding Goodwill": 0.0,
        "Net Income From Continuing Operation Net Minority Interest": 1560000000.0,
        "Reconciled Depreciation": 136000000.0,
        "Reconciled Cost Of Revenue": 3449000000.0,
        "EBITDA": 2002000000.0,
        "EBIT": 1866000000.0,
        "Net Interest Income": 4000000.0,
        "Interest Expense": 60000000.0,
        "Interest Income": 64000000.0,
        "Normalized Income": 1560000000.0,
        "Net Income From Continuing And Discontinued Operation": 1560000000.0,
        "Total Expenses": 4623000000.0,
        "Total Operating Income As Reported": 1802000000.0,
        "Diluted Average Shares": 843000000.0,
        "Basic Average Shares": 838000000.0,
        "Diluted EPS": 1.85,
        "Basic EPS": 1.86,
        "Diluted NI Availto Com Stockholders": 1560000000.0,
        "Net Income Common Stockholders": 1560000000.0,
        "Net Income": 1560000000.0,
        "Net Income Including Noncontrolling Interests": 1560000000.0,
        "Net Income Continuous Operations": 1560000000.0,
        "Tax Provision": 246000000.0,
        "Pretax Income": 1806000000.0,
        "Other Income Expense": NaN,
        "Special Income Charges": 0.0,
        "Restructuring And Mergern Acquisition": 0.0,
        "Net Non Operating Interest Income Expense": 4000000.0,
        "Interest Expense Non Operating": 60000000.0,
        "Interest Income Non Operating": 64000000.0,
        "Operating Income": 1802000000.0,
        "Operating Expense": 1174000000.0,
        "Research And Development": 767000000.0,
        "Selling General And Administration": 407000000.0,
        "Selling And Marketing Expense": 193000000.0,
        "General And Administrative Expense": 214000000.0,
        "Other Gand A": 214000000.0,
        "Gross Profit": 2976000000.0,
        "Cost Of Revenue": 3449000000.0,
        "Total Revenue": 6425000000.0,
        "Operating Revenue": 6425000000.0
    },
    "2023-10-31": {
        "Tax Effect Of Unusual Items": 0.0,
        "Tax Rate For Calcs": 0.077348,
        "Normalized EBITDA": 2360000000.0,
        "Total Unusual Items": 0.0,
        "Total Unusual Items Excluding Goodwill": 0.0,
        "Net Income From Continuing Operation Net Minority Interest": 2004000000.0,
        "Reconciled Depreciation": 130000000.0,
        "Reconciled Cost Of Revenue": 3554000000.0,
        "EBITDA": 2360000000.0,
        "EBIT": 2230000000.0,
        "Net Interest Income": 201000000.0,
        "Interest Expense": 58000000.0,
        "Interest Income": 259000000.0,
        "Normalized Income": 2004000000.0,
        "Net Income From Continuing And Discontinued Operation": 2004000000.0,
        "Total Expenses": 4752000000.0,
        "Total Operating Income As Reported": 1971000000.0,
        "Diluted Average Shares": 842000000.0,
        "Basic Average Shares": 836000000.0,
        "Diluted EPS": 2.38,
        "Basic EPS": 2.4,
        "Diluted NI Availto Com Stockholders": 2004000000.0,
        "Net Income Common Stockholders": 2004000000.0,
        "Net Income": 2004000000.0,
        "Net Income Including Noncontrolling Interests": 2004000000.0,
        "Net Income Continuous Operations": 2004000000.0,
        "Tax Provision": 168000000.0,
        "Pretax Income": 2172000000.0,
        "Other Income Expense": NaN,
        "Special Income Charges": 0.0,
        "Restructuring And Mergern Acquisition": 0.0,
        "Net Non Operating Interest Income Expense": 201000000.0,
        "Interest Expense Non Operating": 58000000.0,
        "Interest Income Non Operating": 259000000.0,
        "Operating Income": 1971000000.0,
        "Operating Expense": 1198000000.0,
        "Research And Development": 789000000.0,
        "Selling General And Administration": 409000000.0,
        "Selling And Marketing Expense": 192000000.0,
        "General And Administrative Expense": 217000000.0,
        "Other Gand A": 217000000.0,
        "Gross Profit": 3169000000.0,
        "Cost Of Revenue": 3554000000.0,
        "Total Revenue": 6723000000.0,
        "Operating Revenue": 6723000000.0
    },
    "2024-01-31": {
        "Tax Effect Of Unusual Items": 0.0,
        "Tax Rate For Calcs": 0.123,
        "Normalized EBITDA": 2453000000.0,
        "Total Unusual Items": NaN,
        "Total Unusual Items Excluding Goodwill": NaN,
        "Net Income From Continuing Operation Net Minority Interest": 2019000000.0,
        "Reconciled Depreciation": 91000000.0,
        "Reconciled Cost Of Revenue": 3503000000.0,
        "EBITDA": 2453000000.0,
        "EBIT": 2362000000.0,
        "Net Interest Income": 336000000.0,
        "Interest Expense": 59000000.0,
        "Interest Income": 395000000.0,
        "Normalized Income": 2019000000.0,
        "Net Income From Continuing And Discontinued Operation": 2019000000.0,
        "Total Expenses": 4740000000.0,
        "Total Operating Income As Reported": 1967000000.0,
        "Diluted Average Shares": 837000000.0,
        "Basic Average Shares": 831000000.0,
        "Diluted EPS": 2.41,
        "Basic EPS": 2.43,
        "Diluted NI Availto Com Stockholders": 2019000000.0,
        "Net Income Common Stockholders": 2019000000.0,
        "Net Income": 2019000000.0,
        "Net Income Including Noncontrolling Interests": 2019000000.0,
        "Net Income Continuous Operations": 2019000000.0,
        "Tax Provision": 284000000.0,
        "Pretax Income": 2303000000.0,
        "Other Income Expense": NaN,
        "Special Income Charges": NaN,
        "Restructuring And Mergern Acquisition": NaN,
        "Net Non Operating Interest Income Expense": 336000000.0,
        "Interest Expense Non Operating": 59000000.0,
        "Interest Income Non Operating": 395000000.0,
        "Operating Income": 1967000000.0,
        "Operating Expense": 1237000000.0,
        "Research And Development": 754000000.0,
        "Selling General And Administration": 483000000.0,
        "Selling And Marketing Expense": 207000000.0,
        "General And Administrative Expense": 276000000.0,
        "Other Gand A": 276000000.0,
        "Gross Profit": 3204000000.0,
        "Cost Of Revenue": 3503000000.0,
        "Total Revenue": 6707000000.0,
        "Operating Revenue": 6707000000.0
    },
    "2024-04-30": {
        "Tax Effect Of Unusual Items": 0.0,
        "Tax Rate For Calcs": 0.136409,
        "Normalized EBITDA": 2149000000.0,
        "Total Unusual Items": NaN,
        "Total Unusual Items Excluding Goodwill": NaN,
        "Net Income From Continuing Operation Net Minority Interest": 1722000000.0,
        "Reconciled Depreciation": 96000000.0,
        "Reconciled Cost Of Revenue": 3493000000.0,
        "EBITDA": 2149000000.0,
        "EBIT": 2053000000.0,
        "Net Interest Income": 82000000.0,
        "Interest Expense": 59000000.0,
        "Interest Income": 141000000.0,
        "Normalized Income": 1722000000.0,
        "Net Income From Continuing And Discontinued Operation": 1722000000.0,
        "Total Expenses": 4734000000.0,
        "Total Operating Income As Reported": 1912000000.0,
        "Diluted Average Shares": 836000000.0,
        "Basic Average Shares": 830000000.0,
        "Diluted EPS": 2.06,
        "Basic EPS": 2.08,
        "Diluted NI Availto Com Stockholders": 1722000000.0,
        "Net Income Common Stockholders": 1722000000.0,
        "Net Income": 1722000000.0,
        "Net Income Including Noncontrolling Interests": 1722000000.0,
        "Net Income Continuous Operations": 1722000000.0,
        "Tax Provision": 272000000.0,
        "Pretax Income": 1994000000.0,
        "Other Income Expense": NaN,
        "Special Income Charges": NaN,
        "Restructuring And Mergern Acquisition": NaN,
        "Net Non Operating Interest Income Expense": 82000000.0,
        "Interest Expense Non Operating": 59000000.0,
        "Interest Income Non Operating": 141000000.0,
        "Operating Income": 1912000000.0,
        "Operating Expense": 1241000000.0,
        "Research And Development": 785000000.0,
        "Selling General And Administration": 456000000.0,
        "Selling And Marketing Expense": 209000000.0,
        "General And Administrative Expense": 247000000.0,
        "Other Gand A": 247000000.0,
        "Gross Profit": 3153000000.0,
        "Cost Of Revenue": 3493000000.0,
        "Total Revenue": 6646000000.0,
        "Operating Revenue": 6646000000.0
    }
}