{
    "2023-09-30": {
        "Tax Effect Of Unusual Items": 1600000.0,
        "Tax Rate For Calcs": 0.32,
        "Normalized EBITDA": 156000000.0,
        "Total Unusual Items": 5000000.0,
        "Total Unusual Items Excluding Goodwill": 5000000.0,
        "Net Income From Continuing Operation Net Minority Interest": 17000000.0,
        "Reconciled Depreciation": 103000000.0,
        "Reconciled Cost Of Revenue": 1069000000.0,
        "EBITDA": 161000000.0,
        "EBIT": 58000000.0,
        "Net Interest Income": -49000000.0,
        "Interest Expense": 41000000.0,
        "Normalized Income": 13600000.0,
        "Net Income From Continuing And Discontinued Operation": 17000000.0,
        "Total Expenses": 1233000000.0,
        "Total Operating Income As Reported": 61000000.0,
        "Diluted Average Shares": 597600000.0,
        "Basic Average Shares": 597600000.0,
        "Diluted EPS": 0.02,
        "Basic EPS": 0.02,
        "Diluted NI Availto Com Stockholders": 11000000.0,
        "Net Income Common Stockholders": 11000000.0,
        "Preferred Stock Dividends": 6000000.0,
        "Net Income": 17000000.0,
        "Minority Interests": 0.0,
        "Net Income Including Noncontrolling Interests": 17000000.0,
        "Net Income Continuous Operations": 17000000.0,
        "Tax Provision": 0.0,
        "Pretax Income": 17000000.0,
        "Other Income Expense": 5000000.0,
        "Special Income Charges": 5000000.0,
        "Other Special Charges": -5000000.0,
        "Gain On Sale Of Security": NaN,
        "Net Non Operating Interest Income Expense": -49000000.0,
        "Total Other Finance Cost": 8000000.0,
        "Interest Expense Non Operating": 41000000.0,
        "Operating Income": 61000000.0,
        "Operating Expense": 98000000.0,
        "Depreciation Amortization Depletion Income Statement": 37000000.0,
        "Depreciation And Amortization In Income Statement": 37000000.0,
        "Amortization": 37000000.0,
        "Amortization Of Intangibles Income Statement": 37000000.0,
        "Selling General And Administration": 61000000.0,
        "Gross Profit": 159000000.0,
        "Cost Of Revenue": 1135000000.0,
        "Total Revenue": 1294000000.0,
        "Operating Revenue": 1294000000.0
    },
    "2023-06-30": {
        "Tax Effect Of Unusual Items": NaN,
        "Tax Rate For Calcs": NaN,
        "Normalized EBITDA": NaN,
        "Total Unusual Items": NaN,
        "Total Unusual Items Excluding Goodwill": NaN,
        "Net Income From Continuing Operation Net Minority Interest": NaN,
        "Reconciled Depreciation": NaN,
        "Reconciled Cost Of Revenue": NaN,
        "EBITDA": NaN,
        "EBIT": NaN,
        "Net Interest Income": NaN,
        "Interest Expense": NaN,
        "Normalized Income": NaN,
        "Net Income From Continuing And Discontinued Operation": NaN,
        "Total Expenses": NaN,
        "Total Operating Income As Reported": NaN,
        "Diluted Average Shares": 597600000.0,
        "Basic Average Shares": 597600000.0,
        "Diluted EPS": -0.03,
        "Basic EPS": -0.03,
        "Diluted NI Availto Com Stockholders": NaN,
        "Net Income Common Stockholders": NaN,
        "Preferred Stock Dividends": NaN,
        "Net Income": NaN,
        "Minority Interests": NaN,
        "Net Income Including Noncontrolling Interests": NaN,
        "Net Income Continuous Operations": NaN,
        "Tax Provision": NaN,
        "Pretax Income": NaN,
        "Other Income Expense": 25000000.0,
        "Special Income Charges": NaN,
        "Other Special Charges": -26000000.0,
        "Gain On Sale Of Security": -1000000.0,
        "Net Non Operating Interest Income Expense": NaN,
        "Total Other Finance Cost": NaN,
        "Interest Expense Non Operating": NaN,
        "Operating Income": NaN,
        "Operating Expense": NaN,
        "Depreciation Amortization Depletion Income Statement": NaN,
        "Depreciation And Amortization In Income Statement": NaN,
        "Amortization": NaN,
        "Amortization Of Intangibles Income Statement": NaN,
        "Selling General And Administration": NaN,
        "Gross Profit": NaN,
        "Cost Of Revenue": NaN,
        "Total Revenue": NaN,
        "Operating Revenue": NaN
    },
    "2023-03-31": {
        "Tax Effect Of Unusual Items": NaN,
        "Tax Rate For Calcs": NaN,
        "Normalized EBITDA": NaN,
        "Total Unusual Items": NaN,
        "Total Unusual Items Excluding Goodwill": NaN,
        "Net Income From Continuing Operation Net Minority Interest": NaN,
        "Reconciled Depreciation": NaN,
        "Reconciled Cost Of Revenue": NaN,
        "EBITDA": NaN,
        "EBIT": NaN,
        "Net Interest Income": NaN,
        "Interest Expense": NaN,
        "Normalized Income": NaN,
        "Net Income From Continuing And Discontinued Operation": NaN,
        "Total Expenses": NaN,
        "Total Operating Income As Reported": NaN,
        "Diluted Average Shares": NaN,
        "Basic Average Shares": NaN,
        "Diluted EPS": NaN,
        "Basic EPS": NaN,
        "Diluted NI Availto Com Stockholders": NaN,
        "Net Income Common Stockholders": NaN,
        "Preferred Stock Dividends": NaN,
        "Net Income": NaN,
        "Minority Interests": NaN,
        "Net Income Including Noncontrolling Interests": NaN,
        "Net Income Continuous Operations": NaN,
        "Tax Provision": NaN,
        "Pretax Income": NaN,
        "Other Income Expense": NaN,
        "Special Income Charges": NaN,
        "Other Special Charges": NaN,
        "Gain On Sale Of Security": -6000000.0,
        "Net Non Operating Interest Income Expense": NaN,
        "Total Other Finance Cost": NaN,
        "Interest Expense Non Operating": NaN,
        "Operating Income": NaN,
        "Operating Expense": NaN,
        "Depreciation Amortization Depletion Income Statement": NaN,
        "Depreciation And Amortization In Income Statement": NaN,
        "Amortization": NaN,
        "Amortization Of Intangibles Income Statement": NaN,
        "Selling General And Administration": NaN,
        "Gross Profit": NaN,
        "Cost Of Revenue": NaN,
        "Total Revenue": NaN,
        "Operating Revenue": NaN
    },
    "2022-12-31": {
        "Tax Effect Of Unusual Items": NaN,
        "Tax Rate For Calcs": NaN,
        "Normalized EBITDA": NaN,
        "Total Unusual Items": NaN,
        "Total Unusual Items Excluding Goodwill": NaN,
        "Net Income From Continuing Operation Net Minority Interest": NaN,
        "Reconciled Depreciation": NaN,
        "Reconciled Cost Of Revenue": NaN,
        "EBITDA": NaN,
        "EBIT": NaN,
        "Net Interest Income": NaN,
        "Interest Expense": NaN,
        "Normalized Income": NaN,
        "Net Income From Continuing And Discontinued Operation": NaN,
        "Total Expenses": NaN,
        "Total Operating Income As Reported": NaN,
        "Diluted Average Shares": NaN,
        "Basic Average Shares": NaN,
        "Diluted EPS": NaN,
        "Basic EPS": NaN,
        "Diluted NI Availto Com Stockholders": NaN,
        "Net Income Common Stockholders": NaN,
        "Preferred Stock Dividends": NaN,
        "Net Income": NaN,
        "Minority Interests": NaN,
        "Net Income Including Noncontrolling Interests": NaN,
        "Net Income Continuous Operations": NaN,
        "Tax Provision": NaN,
        "Pretax Income": NaN,
        "Other Income Expense": NaN,
        "Special Income Charges": NaN,
        "Other Special Charges": NaN,
        "Gain On Sale Of Security": -6000000.0,
        "Net Non Operating Interest Income Expense": NaN,
        "Total Other Finance Cost": NaN,
        "Interest Expense Non Operating": NaN,
        "Operating Income": NaN,
        "Operating Expense": NaN,
        "Depreciation Amortization Depletion Income Statement": NaN,
        "Depreciation And Amortization In Income Statement": NaN,
        "Amortization": NaN,
        "Amortization Of Intangibles Income Statement": NaN,
        "Selling General And Administration": NaN,
        "Gross Profit": NaN,
        "Cost Of Revenue": NaN,
        "Total Revenue": NaN,
        "Operating Revenue": NaN
    },
    "2023-12-31": {
        "Tax Effect Of Unusual Items": -151515.151515,
        "Tax Rate For Calcs": 0.151515,
        "Normalized EBITDA": 110000000.0,
        "Total Unusual Items": -1000000.0,
        "Total Unusual Items Excluding Goodwill": -1000000.0,
        "Net Income From Continuing Operation Net Minority Interest": -56000000.0,
        "Reconciled Depreciation": 117000000.0,
        "Reconciled Cost Of Revenue": 958000000.0,
        "EBITDA": 109000000.0,
        "EBIT": -8000000.0,
        "Net Interest Income": -56000000.0,
        "Interest Expense": 58000000.0,
        "Normalized Income": -55151515.151515,
        "Net Income From Continuing And Discontinued Operation": -56000000.0,
        "Total Expenses": 1141000000.0,
        "Total Operating Income As Reported": -9000000.0,
        "Diluted Average Shares": NaN,
        "Basic Average Shares": NaN,
        "Diluted EPS": NaN,
        "Basic EPS": NaN,
        "Diluted NI Availto Com Stockholders": -62000000.0,
        "Net Income Common Stockholders": -62000000.0,
        "Preferred Stock Dividends": 6000000.0,
        "Net Income": -56000000.0,
        "Minority Interests": 0.0,
        "Net Income Including Noncontrolling Interests": -56000000.0,
        "Net Income Continuous Operations": -56000000.0,
        "Tax Provision": -10000000.0,
        "Pretax Income": -66000000.0,
        "Other Income Expense": -1000000.0,
        "Special Income Charges": 0.0,
        "Other Special Charges": 0.0,
        "Gain On Sale Of Security": -1000000.0,
        "Net Non Operating Interest Income Expense": -56000000.0,
        "Total Other Finance Cost": -2000000.0,
        "Interest Expense Non Operating": 58000000.0,
        "Operating Income": -9000000.0,
        "Operating Expense": 102000000.0,
        "Depreciation Amortization Depletion Income Statement": 36000000.0,
        "Depreciation And Amortization In Income Statement": 36000000.0,
        "Amortization": 36000000.0,
        "Amortization Of Intangibles Income Statement": 36000000.0,
        "Selling General And Administration": 66000000.0,
        "Gross Profit": 93000000.0,
        "Cost Of Revenue": 1039000000.0,
        "Total Revenue": 1132000000.0,
        "Operating Revenue": 1132000000.0
    },
    "2024-03-31": {
        "Tax Effect Of Unusual Items": 4800000.0,
        "Tax Rate For Calcs": 0.3,
        "Normalized EBITDA": 112000000.0,
        "Total Unusual Items": 16000000.0,
        "Total Unusual Items Excluding Goodwill": 16000000.0,
        "Net Income From Continuing Operation Net Minority Interest": -12000000.0,
        "Reconciled Depreciation": 109000000.0,
        "Reconciled Cost Of Revenue": 945000000.0,
        "EBITDA": 128000000.0,
        "EBIT": 19000000.0,
        "Net Interest Income": -51000000.0,
        "Interest Expense": 40000000.0,
        "Normalized Income": -23200000.0,
        "Net Income From Continuing And Discontinued Operation": -12000000.0,
        "Total Expenses": 1127000000.0,
        "Total Operating Income As Reported": 14000000.0,
        "Diluted Average Shares": 597600000.0,
        "Basic Average Shares": 597600000.0,
        "Diluted EPS": -0.03,
        "Basic EPS": -0.03,
        "Diluted NI Availto Com Stockholders": -18000000.0,
        "Net Income Common Stockholders": -18000000.0,
        "Preferred Stock Dividends": 6000000.0,
        "Net Income": -12000000.0,
        "Minority Interests": 0.0,
        "Net Income Including Noncontrolling Interests": -12000000.0,
        "Net Income Continuous Operations": -12000000.0,
        "Tax Provision": -9000000.0,
        "Pretax Income": -21000000.0,
        "Other Income Expense": 16000000.0,
        "Special Income Charges": 17000000.0,
        "Other Special Charges": -17000000.0,
        "Gain On Sale Of Security": -1000000.0,
        "Net Non Operating Interest Income Expense": -51000000.0,
        "Total Other Finance Cost": 11000000.0,
        "Interest Expense Non Operating": 40000000.0,
        "Operating Income": 14000000.0,
        "Operating Expense": 109000000.0,
        "Depreciation Amortization Depletion Income Statement": 36000000.0,
        "Depreciation And Amortization In Income Statement": 36000000.0,
        "Amortization": 36000000.0,
        "Amortization Of Intangibles Income Statement": 36000000.0,
        "Selling General And Administration": 73000000.0,
        "Gross Profit": 123000000.0,
        "Cost Of Revenue": 1018000000.0,
        "Total Revenue": 1141000000.0,
        "Operating Revenue": 1141000000.0
    },
    "2024-06-30": {
        "Tax Effect Of Unusual Items": 0.0,
        "Tax Rate For Calcs": 0.29,
        "Normalized EBITDA": 157000000.0,
        "Total Unusual Items": 0.0,
        "Total Unusual Items Excluding Goodwill": 0.0,
        "Net Income From Continuing Operation Net Minority Interest": 2000000.0,
        "Reconciled Depreciation": 113000000.0,
        "Reconciled Cost Of Revenue": 1014000000.0,
        "EBITDA": 157000000.0,
        "EBIT": 44000000.0,
        "Net Interest Income": -51000000.0,
        "Interest Expense": 40000000.0,
        "Normalized Income": 2000000.0,
        "Net Income From Continuing And Discontinued Operation": 2000000.0,
        "Total Expenses": 1204000000.0,
        "Total Operating Income As Reported": 55000000.0,
        "Diluted Average Shares": 597700000.0,
        "Basic Average Shares": 597700000.0,
        "Diluted EPS": -0.01,
        "Basic EPS": -0.01,
        "Diluted NI Availto Com Stockholders": -4000000.0,
        "Net Income Common Stockholders": -4000000.0,
        "Preferred Stock Dividends": 6000000.0,
        "Net Income": 2000000.0,
        "Minority Interests": 0.0,
        "Net Income Including Noncontrolling Interests": 2000000.0,
        "Net Income Continuous Operations": 2000000.0,
        "Tax Provision": 2000000.0,
        "Pretax Income": 4000000.0,
        "Other Income Expense": NaN,
        "Special Income Charges": 0.0,
        "Other Special Charges": NaN,
        "Gain On Sale Of Security": NaN,
        "Net Non Operating Interest Income Expense": -51000000.0,
        "Total Other Finance Cost": 11000000.0,
        "Interest Expense Non Operating": 40000000.0,
        "Operating Income": 55000000.0,
        "Operating Expense": 114000000.0,
        "Depreciation Amortization Depletion Income Statement": 37000000.0,
        "Depreciation And Amortization In Income Statement": 37000000.0,
        "Amortization": 37000000.0,
        "Amortization Of Intangibles Income Statement": 37000000.0,
        "Selling General And Administration": 77000000.0,
        "Gross Profit": 169000000.0,
        "Cost Of Revenue": 1090000000.0,
        "Total Revenue": 1259000000.0,
        "Operating Revenue": 1259000000.0
    },
    "2024-09-30": {
        "Tax Effect Of Unusual Items": -620000.0,
        "Tax Rate For Calcs": 0.31,
        "Normalized EBITDA": 183000000.0,
        "Total Unusual Items": -2000000.0,
        "Total Unusual Items Excluding Goodwill": -2000000.0,
        "Net Income From Continuing Operation Net Minority Interest": 18000000.0,
        "Reconciled Depreciation": 110000000.0,
        "Reconciled Cost Of Revenue": 1049000000.0,
        "EBITDA": 181000000.0,
        "EBIT": 71000000.0,
        "Net Interest Income": -52000000.0,
        "Interest Expense": 42000000.0,
        "Normalized Income": 19380000.0,
        "Net Income From Continuing And Discontinued Operation": 18000000.0,
        "Total Expenses": 1230000000.0,
        "Total Operating Income As Reported": 83000000.0,
        "Diluted Average Shares": 597700000.0,
        "Basic Average Shares": 597700000.0,
        "Diluted EPS": 0.02,
        "Basic EPS": 0.02,
        "Diluted NI Availto Com Stockholders": 12000000.0,
        "Net Income Common Stockholders": 12000000.0,
        "Preferred Stock Dividends": 6000000.0,
        "Net Income": 18000000.0,
        "Minority Interests": 0.0,
        "Net Income Including Noncontrolling Interests": 18000000.0,
        "Net Income Continuous Operations": 18000000.0,
        "Tax Provision": 11000000.0,
        "Pretax Income": 29000000.0,
        "Other Income Expense": -2000000.0,
        "Special Income Charges": -4000000.0,
        "Other Special Charges": 4000000.0,
        "Gain On Sale Of Security": 2000000.0,
        "Net Non Operating Interest Income Expense": -52000000.0,
        "Total Other Finance Cost": 10000000.0,
        "Interest Expense Non Operating": 42000000.0,
        "Operating Income": 83000000.0,
        "Operating Expense": 104000000.0,
        "Depreciation Amortization Depletion Income Statement": 33000000.0,
        "Depreciation And Amortization In Income Statement": 33000000.0,
        "Amortization": 33000000.0,
        "Amortization Of Intangibles Income Statement": 33000000.0,
        "Selling General And Administration": 71000000.0,
        "Gross Profit": 187000000.0,
        "Cost Of Revenue": 1126000000.0,
        "Total Revenue": 1313000000.0,
        "Operating Revenue": 1313000000.0
    }
}