{
    "2023-03-31": {
        "Tax Effect Of Unusual Items": NaN,
        "Tax Rate For Calcs": NaN,
        "Normalized EBITDA": NaN,
        "Total Unusual Items": NaN,
        "Total Unusual Items Excluding Goodwill": NaN,
        "Net Income From Continuing Operation Net Minority Interest": NaN,
        "Reconciled Depreciation": NaN,
        "Reconciled Cost Of Revenue": NaN,
        "EBITDA": NaN,
        "EBIT": NaN,
        "Net Interest Income": NaN,
        "Interest Expense": NaN,
        "Interest Income": NaN,
        "Normalized Income": NaN,
        "Net Income From Continuing And Discontinued Operation": NaN,
        "Total Expenses": NaN,
        "Total Operating Income As Reported": NaN,
        "Diluted Average Shares": NaN,
        "Basic Average Shares": NaN,
        "Diluted EPS": NaN,
        "Basic EPS": NaN,
        "Diluted NI Availto Com Stockholders": NaN,
        "Net Income Common Stockholders": NaN,
        "Otherunder Preferred Stock Dividend": NaN,
        "Net Income": NaN,
        "Minority Interests": NaN,
        "Net Income Including Noncontrolling Interests": NaN,
        "Net Income Continuous Operations": NaN,
        "Earnings From Equity Interest Net Of Tax": NaN,
        "Tax Provision": NaN,
        "Pretax Income": NaN,
        "Other Income Expense": NaN,
        "Other Non Operating Income Expenses": NaN,
        "Special Income Charges": NaN,
        "Gain On Sale Of Business": 0.0,
        "Restructuring And Mergern Acquisition": NaN,
        "Net Non Operating Interest Income Expense": NaN,
        "Interest Expense Non Operating": NaN,
        "Interest Income Non Operating": NaN,
        "Operating Income": NaN,
        "Operating Expense": NaN,
        "Other Operating Expenses": NaN,
        "Research And Development": NaN,
        "Selling General And Administration": NaN,
        "Gross Profit": NaN,
        "Cost Of Revenue": NaN,
        "Total Revenue": NaN,
        "Operating Revenue": NaN
    },
    "2022-12-31": {
        "Tax Effect Of Unusual Items": NaN,
        "Tax Rate For Calcs": NaN,
        "Normalized EBITDA": NaN,
        "Total Unusual Items": NaN,
        "Total Unusual Items Excluding Goodwill": NaN,
        "Net Income From Continuing Operation Net Minority Interest": NaN,
        "Reconciled Depreciation": NaN,
        "Reconciled Cost Of Revenue": NaN,
        "EBITDA": NaN,
        "EBIT": NaN,
        "Net Interest Income": NaN,
        "Interest Expense": NaN,
        "Interest Income": NaN,
        "Normalized Income": NaN,
        "Net Income From Continuing And Discontinued Operation": NaN,
        "Total Expenses": NaN,
        "Total Operating Income As Reported": NaN,
        "Diluted Average Shares": NaN,
        "Basic Average Shares": NaN,
        "Diluted EPS": NaN,
        "Basic EPS": NaN,
        "Diluted NI Availto Com Stockholders": NaN,
        "Net Income Common Stockholders": NaN,
        "Otherunder Preferred Stock Dividend": NaN,
        "Net Income": NaN,
        "Minority Interests": NaN,
        "Net Income Including Noncontrolling Interests": NaN,
        "Net Income Continuous Operations": NaN,
        "Earnings From Equity Interest Net Of Tax": NaN,
        "Tax Provision": NaN,
        "Pretax Income": NaN,
        "Other Income Expense": NaN,
        "Other Non Operating Income Expenses": NaN,
        "Special Income Charges": NaN,
        "Gain On Sale Of Business": 215000000.0,
        "Restructuring And Mergern Acquisition": NaN,
        "Net Non Operating Interest Income Expense": NaN,
        "Interest Expense Non Operating": NaN,
        "Interest Income Non Operating": NaN,
        "Operating Income": NaN,
        "Operating Expense": NaN,
        "Other Operating Expenses": NaN,
        "Research And Development": NaN,
        "Selling General And Administration": NaN,
        "Gross Profit": NaN,
        "Cost Of Revenue": NaN,
        "Total Revenue": NaN,
        "Operating Revenue": NaN
    },
    "2022-09-30": {
        "Tax Effect Of Unusual Items": -212000.0,
        "Tax Rate For Calcs": 0.212,
        "Normalized EBITDA": 494000000.0,
        "Total Unusual Items": -1000000.0,
        "Total Unusual Items Excluding Goodwill": -1000000.0,
        "Net Income From Continuing Operation Net Minority Interest": 232000000.0,
        "Reconciled Depreciation": 151000000.0,
        "Reconciled Cost Of Revenue": 3044000000.0,
        "EBITDA": 493000000.0,
        "EBIT": 342000000.0,
        "Net Interest Income": -50000000.0,
        "Interest Expense": 50000000.0,
        "Interest Income": 9000000.0,
        "Normalized Income": 232788000.0,
        "Net Income From Continuing And Discontinued Operation": 232000000.0,
        "Total Expenses": 3369000000.0,
        "Total Operating Income As Reported": 342000000.0,
        "Diluted Average Shares": 1486000000.0,
        "Basic Average Shares": 1474000000.0,
        "Diluted EPS": 0.155,
        "Basic EPS": 0.156,
        "Diluted NI Availto Com Stockholders": 232000000.0,
        "Net Income Common Stockholders": 232000000.0,
        "Otherunder Preferred Stock Dividend": 2000000.0,
        "Net Income": 232000000.0,
        "Minority Interests": -2000000.0,
        "Net Income Including Noncontrolling Interests": 234000000.0,
        "Net Income Continuous Operations": 234000000.0,
        "Earnings From Equity Interest Net Of Tax": NaN,
        "Tax Provision": 58000000.0,
        "Pretax Income": 292000000.0,
        "Other Income Expense": -1000000.0,
        "Other Non Operating Income Expenses": NaN,
        "Special Income Charges": -1000000.0,
        "Restructuring And Mergern Acquisition": 1000000.0,
        "Net Non Operating Interest Income Expense": -50000000.0,
        "Interest Expense Non Operating": 50000000.0,
        "Interest Income Non Operating": 9000000.0,
        "Operating Income": 343000000.0,
        "Operating Expense": 325000000.0,
        "Other Operating Expenses": -2000000.0,
        "Research And Development": 25000000.0,
        "Selling General And Administration": 302000000.0,
        "Gross Profit": 668000000.0,
        "Cost Of Revenue": 3044000000.0,
        "Total Revenue": 3712000000.0,
        "Operating Revenue": 3712000000.0
    },
    "2022-06-30": {
        "Tax Effect Of Unusual Items": -82800000.0,
        "Tax Rate For Calcs": 0.4,
        "Normalized EBITDA": 604000000.0,
        "Total Unusual Items": -207000000.0,
        "Total Unusual Items Excluding Goodwill": -207000000.0,
        "Net Income From Continuing Operation Net Minority Interest": 109000000.0,
        "Reconciled Depreciation": 146000000.0,
        "Reconciled Cost Of Revenue": 3115000000.0,
        "EBITDA": 397000000.0,
        "EBIT": 251000000.0,
        "Net Interest Income": -35000000.0,
        "Interest Expense": 35000000.0,
        "Interest Income": 9000000.0,
        "Normalized Income": 233200000.0,
        "Net Income From Continuing And Discontinued Operation": 109000000.0,
        "Total Expenses": 3450000000.0,
        "Total Operating Income As Reported": 252000000.0,
        "Diluted Average Shares": 1501000000.0,
        "Basic Average Shares": 1485000000.0,
        "Diluted EPS": 0.073,
        "Basic EPS": 0.074,
        "Diluted NI Availto Com Stockholders": 109000000.0,
        "Net Income Common Stockholders": 109000000.0,
        "Otherunder Preferred Stock Dividend": 1000000.0,
        "Net Income": 109000000.0,
        "Minority Interests": -3000000.0,
        "Net Income Including Noncontrolling Interests": 112000000.0,
        "Net Income Continuous Operations": 112000000.0,
        "Earnings From Equity Interest Net Of Tax": 0.0,
        "Tax Provision": 104000000.0,
        "Pretax Income": 216000000.0,
        "Other Income Expense": -208000000.0,
        "Other Non Operating Income Expenses": -1000000.0,
        "Special Income Charges": -207000000.0,
        "Restructuring And Mergern Acquisition": 207000000.0,
        "Net Non Operating Interest Income Expense": -35000000.0,
        "Interest Expense Non Operating": 35000000.0,
        "Interest Income Non Operating": 9000000.0,
        "Operating Income": 459000000.0,
        "Operating Expense": 335000000.0,
        "Other Operating Expenses": -31000000.0,
        "Research And Development": 24000000.0,
        "Selling General And Administration": 342000000.0,
        "Gross Profit": 794000000.0,
        "Cost Of Revenue": 3115000000.0,
        "Total Revenue": 3909000000.0,
        "Operating Revenue": 3909000000.0
    },
    "2022-03-31": {
        "Diluted EPS": 0.18,
        "Total Revenue": NaN,
        "Gross Profit": 731,
        "Operating Income": 369,
        "EBIT": 517,
        "Net Income": 269
    },
    "2021-12-31": {
        "Diluted EPS": 0.15,
        "Total Revenue": NaN,
        "Gross Profit": 645,
        "Operating Income": 322,
        "EBIT": 477,
        "Net Income": 225
    },
    "2021-09-30": {
        "Diluted EPS": 0.13,
        "Total Revenue": NaN,
        "Gross Profit": 650,
        "Operating Income": 296,
        "EBIT": 474,
        "Net Income": 202
    },
    "2021-06-30": {
        "Diluted EPS": 0.16,
        "Total Revenue": NaN,
        "Gross Profit": 745,
        "Operating Income": 365,
        "EBIT": 516,
        "Net Income": 255
    },
    "2021-03-31": {
        "Diluted EPS": 0.17,
        "Total Revenue": NaN,
        "Gross Profit": 682,
        "Operating Income": 373,
        "EBIT": 514,
        "Net Income": 267
    },
    "2020-12-31": {
        "Diluted EPS": 0.14,
        "Total Revenue": NaN,
        "Gross Profit": 651,
        "Operating Income": 307,
        "EBIT": 452,
        "Net Income": 219
    },
    "2020-09-30": {
        "Diluted EPS": 0.13,
        "Total Revenue": NaN,
        "Gross Profit": 654,
        "Operating Income": 276,
        "EBIT": 423,
        "Net Income": 198
    },
    "2020-06-30": {
        "Diluted EPS": 0.11,
        "Total Revenue": NaN,
        "Gross Profit": 720,
        "Operating Income": 310,
        "EBIT": 467,
        "Net Income": 179
    },
    "2020-03-31": {
        "Diluted EPS": 0.11,
        "Total Revenue": NaN,
        "Gross Profit": 652,
        "Operating Income": 271,
        "EBIT": 439,
        "Net Income": 181
    },
    "2019-12-31": {
        "Diluted EPS": 0.12,
        "Total Revenue": NaN,
        "Gross Profit": 617,
        "Operating Income": 272,
        "EBIT": 422,
        "Net Income": 186
    },
    "2019-09-30": {
        "Diluted EPS": 0.04,
        "Total Revenue": NaN,
        "Gross Profit": 547,
        "Operating Income": 141,
        "EBIT": 326,
        "Net Income": 66
    },
    "2019-06-30": {
        "Diluted EPS": 0.07,
        "Total Revenue": NaN,
        "Gross Profit": 532,
        "Operating Income": 212,
        "EBIT": 395,
        "Net Income": 80
    },
    "2019-03-31": {
        "Diluted EPS": 0.1,
        "Total Revenue": NaN,
        "Gross Profit": 420,
        "Operating Income": 181,
        "EBIT": 263,
        "Net Income": 113
    },
    "2018-12-31": {
        "Diluted EPS": 0.0,
        "Total Revenue": NaN,
        "Gross Profit": NaN,
        "Operating Income": NaN,
        "EBIT": NaN,
        "Net Income": NaN
    },
    "2018-09-30": {
        "Diluted EPS": 0.08,
        "Total Revenue": NaN,
        "Gross Profit": 394,
        "Operating Income": 178,
        "EBIT": 263,
        "Net Income": 98
    },
    "2018-06-30": {
        "Diluted EPS": 0.1,
        "Total Revenue": NaN,
        "Gross Profit": 202,
        "Operating Income": NaN,
        "EBIT": NaN,
        "Net Income": 47
    },
    "2018-03-31": {
        "Diluted EPS": 0.1,
        "Total Revenue": NaN,
        "Gross Profit": 198,
        "Operating Income": 81,
        "EBIT": 81,
        "Net Income": 48
    },
    "2017-12-31": {
        "Diluted EPS": 0.0,
        "Total Revenue": NaN,
        "Gross Profit": NaN,
        "Operating Income": NaN,
        "EBIT": NaN,
        "Net Income": NaN
    },
    "2017-09-30": {
        "Diluted EPS": 0.12,
        "Total Revenue": NaN,
        "Gross Profit": 208,
        "Operating Income": 97,
        "EBIT": 225,
        "Net Income": 56
    },
    "2017-06-30": {
        "Diluted EPS": 0.06,
        "Total Revenue": NaN,
        "Gross Profit": 186,
        "Operating Income": NaN,
        "EBIT": NaN,
        "Net Income": 28
    },
    "2017-03-31": {
        "Diluted EPS": 0.11,
        "Total Revenue": 995,
        "Gross Profit": 198,
        "Operating Income": 88,
        "EBIT": 88,
        "Net Income": 51
    },
    "2016-12-31": {
        "Diluted EPS": 0.0,
        "Total Revenue": NaN,
        "Gross Profit": NaN,
        "Operating Income": NaN,
        "EBIT": NaN,
        "Net Income": NaN
    },
    "2016-09-30": {
        "Diluted EPS": 0.14,
        "Total Revenue": NaN,
        "Gross Profit": 225,
        "Operating Income": 116,
        "EBIT": 238,
        "Net Income": 69
    },
    "2016-06-30": {
        "Diluted EPS": 0.1,
        "Total Revenue": NaN,
        "Gross Profit": 217,
        "Operating Income": NaN,
        "EBIT": NaN,
        "Net Income": 51
    },
    "2016-03-31": {
        "Diluted EPS": 0.12,
        "Total Revenue": 968,
        "Gross Profit": 209,
        "Operating Income": 99,
        "EBIT": 99,
        "Net Income": 56
    },
    "2015-12-31": {
        "Diluted EPS": 0.0,
        "Total Revenue": NaN,
        "Gross Profit": NaN,
        "Operating Income": NaN,
        "EBIT": NaN,
        "Net Income": NaN
    },
    "2015-09-30": {
        "Diluted EPS": 0.13,
        "Total Revenue": NaN,
        "Gross Profit": 222,
        "Operating Income": 106,
        "EBIT": 224,
        "Net Income": 63
    },
    "2015-06-30": {
        "Diluted EPS": 0.13,
        "Total Revenue": NaN,
        "Gross Profit": 221,
        "Operating Income": NaN,
        "EBIT": NaN,
        "Net Income": 66
    },
    "2015-03-31": {
        "Diluted EPS": 0.11,
        "Total Revenue": NaN,
        "Gross Profit": 218,
        "Operating Income": 97,
        "EBIT": 97,
        "Net Income": 54
    },
    "2014-12-31": {
        "Diluted EPS": 0.0,
        "Total Revenue": NaN,
        "Gross Profit": NaN,
        "Operating Income": NaN,
        "EBIT": NaN,
        "Net Income": NaN
    },
    "2014-09-30": {
        "Diluted EPS": 0.03,
        "Total Revenue": NaN,
        "Gross Profit": 221,
        "Operating Income": 107,
        "EBIT": 246,
        "Net Income": 17
    },
    "2014-06-30": {
        "Diluted EPS": 0.13,
        "Total Revenue": NaN,
        "Gross Profit": 219,
        "Operating Income": NaN,
        "EBIT": NaN,
        "Net Income": 66
    },
    "2014-03-31": {
        "Diluted EPS": 0.09,
        "Total Revenue": NaN,
        "Gross Profit": 211,
        "Operating Income": 95,
        "EBIT": 95,
        "Net Income": 49
    },
    "2013-12-31": {
        "Diluted EPS": 0.0,
        "Total Revenue": NaN,
        "Gross Profit": NaN,
        "Operating Income": NaN,
        "EBIT": NaN,
        "Net Income": NaN
    },
    "2013-09-30": {
        "Diluted EPS": 0.1,
        "Total Revenue": NaN,
        "Gross Profit": 224,
        "Operating Income": 88,
        "EBIT": 231,
        "Net Income": 54
    },
    "2013-06-30": {
        "Diluted EPS": 0.1,
        "Total Revenue": NaN,
        "Gross Profit": 252,
        "Operating Income": NaN,
        "EBIT": NaN,
        "Net Income": 53
    },
    "2013-03-31": {
        "Diluted EPS": 0.09,
        "Total Revenue": NaN,
        "Gross Profit": 242,
        "Operating Income": 92,
        "EBIT": 92,
        "Net Income": 49
    },
    "2012-12-31": {
        "Diluted EPS": 0.0,
        "Total Revenue": NaN,
        "Gross Profit": NaN,
        "Operating Income": NaN,
        "EBIT": NaN,
        "Net Income": NaN
    },
    "2012-09-30": {
        "Diluted EPS": 0.09,
        "Total Revenue": NaN,
        "Gross Profit": 247,
        "Operating Income": 90,
        "EBIT": 247,
        "Net Income": 47
    },
    "2012-06-30": {
        "Diluted EPS": 0.08,
        "Total Revenue": NaN,
        "Gross Profit": 233,
        "Operating Income": NaN,
        "EBIT": NaN,
        "Net Income": 42
    },
    "2012-03-31": {
        "Diluted EPS": 0.08,
        "Total Revenue": NaN,
        "Gross Profit": 231,
        "Operating Income": 89,
        "EBIT": 89,
        "Net Income": 44
    },
    "2011-12-31": {
        "Diluted EPS": 0.0,
        "Total Revenue": NaN,
        "Gross Profit": NaN,
        "Operating Income": NaN,
        "EBIT": NaN,
        "Net Income": NaN
    },
    "2011-09-30": {
        "Diluted EPS": 0.1,
        "Total Revenue": NaN,
        "Gross Profit": 224,
        "Operating Income": 104,
        "EBIT": 271,
        "Net Income": 55
    },
    "2011-06-30": {
        "Diluted EPS": 0.1,
        "Total Revenue": NaN,
        "Gross Profit": 238,
        "Operating Income": NaN,
        "EBIT": NaN,
        "Net Income": 54
    },
    "2011-03-31": {
        "Diluted EPS": 0.09,
        "Total Revenue": NaN,
        "Gross Profit": 230,
        "Operating Income": 103,
        "EBIT": 103,
        "Net Income": 50
    },
    "2010-12-31": {
        "Diluted EPS": 0.0,
        "Total Revenue": NaN,
        "Gross Profit": NaN,
        "Operating Income": NaN,
        "EBIT": NaN,
        "Net Income": NaN
    },
    "2010-09-30": {
        "Diluted EPS": 0.11,
        "Total Revenue": NaN,
        "Gross Profit": 242,
        "Operating Income": 119,
        "EBIT": 275,
        "Net Income": 60
    },
    "2010-06-30": {
        "Diluted EPS": 0.11,
        "Total Revenue": NaN,
        "Gross Profit": 234,
        "Operating Income": NaN,
        "EBIT": NaN,
        "Net Income": 59
    },
    "2010-03-31": {
        "Diluted EPS": 0.06,
        "Total Revenue": NaN,
        "Gross Profit": 186,
        "Operating Income": 65,
        "EBIT": 65,
        "Net Income": 30
    },
    "2009-12-31": {
        "Diluted EPS": 0.0,
        "Total Revenue": NaN,
        "Gross Profit": NaN,
        "Operating Income": NaN,
        "EBIT": NaN,
        "Net Income": NaN
    },
    "2009-09-30": {
        "Diluted EPS": 0.07,
        "Total Revenue": 899,
        "Gross Profit": 180,
        "Operating Income": 68,
        "EBIT": 187,
        "Net Income": 35
    },
    "2009-06-30": {
        "Diluted EPS": 0.09,
        "Total Revenue": 866,
        "Gross Profit": 178,
        "Operating Income": 866,
        "EBIT": 906,
        "Net Income": 47
    },
    "2009-03-31": {
        "Diluted EPS": 0.07,
        "Total Revenue": 843,
        "Gross Profit": 164,
        "Operating Income": 64,
        "EBIT": 64,
        "Net Income": 36
    },
    "2023-06-30": {
        "Tax Effect Of Unusual Items": NaN,
        "Tax Rate For Calcs": NaN,
        "Normalized EBITDA": NaN,
        "Total Unusual Items": NaN,
        "Total Unusual Items Excluding Goodwill": NaN,
        "Net Income From Continuing Operation Net Minority Interest": NaN,
        "Reconciled Depreciation": NaN,
        "Reconciled Cost Of Revenue": NaN,
        "EBITDA": NaN,
        "EBIT": NaN,
        "Net Interest Income": NaN,
        "Interest Expense": NaN,
        "Interest Income": NaN,
        "Normalized Income": NaN,
        "Net Income From Continuing And Discontinued Operation": NaN,
        "Total Expenses": NaN,
        "Total Operating Income As Reported": NaN,
        "Diluted Average Shares": NaN,
        "Basic Average Shares": NaN,
        "Diluted EPS": NaN,
        "Basic EPS": NaN,
        "Diluted NI Availto Com Stockholders": NaN,
        "Net Income Common Stockholders": NaN,
        "Otherunder Preferred Stock Dividend": NaN,
        "Net Income": NaN,
        "Minority Interests": NaN,
        "Net Income Including Noncontrolling Interests": NaN,
        "Net Income Continuous Operations": NaN,
        "Earnings From Equity Interest Net Of Tax": NaN,
        "Tax Provision": NaN,
        "Pretax Income": NaN,
        "Other Income Expense": NaN,
        "Other Non Operating Income Expenses": NaN,
        "Special Income Charges": NaN,
        "Gain On Sale Of Business": NaN,
        "Restructuring And Mergern Acquisition": NaN,
        "Net Non Operating Interest Income Expense": NaN,
        "Interest Expense Non Operating": NaN,
        "Interest Income Non Operating": NaN,
        "Operating Income": NaN,
        "Operating Expense": NaN,
        "Other Operating Expenses": -15000000.0,
        "Research And Development": NaN,
        "Selling General And Administration": NaN,
        "Gross Profit": NaN,
        "Cost Of Revenue": NaN,
        "Total Revenue": NaN,
        "Operating Revenue": NaN
    },
    "2023-09-30": {
        "Tax Effect Of Unusual Items": NaN,
        "Tax Rate For Calcs": NaN,
        "Normalized EBITDA": NaN,
        "Total Unusual Items": NaN,
        "Total Unusual Items Excluding Goodwill": NaN,
        "Net Income From Continuing Operation Net Minority Interest": NaN,
        "Reconciled Depreciation": NaN,
        "Reconciled Cost Of Revenue": NaN,
        "EBITDA": NaN,
        "EBIT": NaN,
        "Net Interest Income": NaN,
        "Interest Expense": NaN,
        "Interest Income": NaN,
        "Normalized Income": NaN,
        "Net Income From Continuing And Discontinued Operation": NaN,
        "Total Expenses": NaN,
        "Total Operating Income As Reported": NaN,
        "Diluted Average Shares": NaN,
        "Basic Average Shares": NaN,
        "Diluted EPS": NaN,
        "Basic EPS": NaN,
        "Diluted NI Availto Com Stockholders": NaN,
        "Net Income Common Stockholders": NaN,
        "Otherunder Preferred Stock Dividend": NaN,
        "Net Income": NaN,
        "Minority Interests": NaN,
        "Net Income Including Noncontrolling Interests": NaN,
        "Net Income Continuous Operations": NaN,
        "Earnings From Equity Interest Net Of Tax": NaN,
        "Tax Provision": NaN,
        "Pretax Income": NaN,
        "Other Income Expense": NaN,
        "Other Non Operating Income Expenses": NaN,
        "Special Income Charges": NaN,
        "Gain On Sale Of Business": NaN,
        "Restructuring And Mergern Acquisition": NaN,
        "Net Non Operating Interest Income Expense": NaN,
        "Interest Expense Non Operating": NaN,
        "Interest Income Non Operating": NaN,
        "Operating Income": NaN,
        "Operating Expense": NaN,
        "Other Operating Expenses": 18000000.0,
        "Research And Development": NaN,
        "Selling General And Administration": NaN,
        "Gross Profit": NaN,
        "Cost Of Revenue": NaN,
        "Total Revenue": NaN,
        "Operating Revenue": NaN
    },
    "2023-12-31": {
        "Tax Effect Of Unusual Items": -4080000.0,
        "Tax Rate For Calcs": 0.17,
        "Normalized EBITDA": 424000000.0,
        "Total Unusual Items": -24000000.0,
        "Total Unusual Items Excluding Goodwill": -24000000.0,
        "Net Income From Continuing Operation Net Minority Interest": 134000000.0,
        "Reconciled Depreciation": 146000000.0,
        "Reconciled Cost Of Revenue": 2630000000.0,
        "EBITDA": 400000000.0,
        "EBIT": 254000000.0,
        "Net Interest Income": -78000000.0,
        "Interest Expense": 89000000.0,
        "Interest Income": 11000000.0,
        "Normalized Income": 153920000.0,
        "Net Income From Continuing And Discontinued Operation": 134000000.0,
        "Total Expenses": 2985000000.0,
        "Total Operating Income As Reported": 242000000.0,
        "Diluted Average Shares": 1440000000.0,
        "Basic Average Shares": 1439000000.0,
        "Diluted EPS": 0.092,
        "Basic EPS": 0.093,
        "Diluted NI Availto Com Stockholders": 133000000.0,
        "Net Income Common Stockholders": 133000000.0,
        "Otherunder Preferred Stock Dividend": 1000000.0,
        "Net Income": 134000000.0,
        "Minority Interests": -2000000.0,
        "Net Income Including Noncontrolling Interests": 136000000.0,
        "Net Income Continuous Operations": 136000000.0,
        "Earnings From Equity Interest Net Of Tax": -1000000.0,
        "Tax Provision": 28000000.0,
        "Pretax Income": 165000000.0,
        "Other Income Expense": -23000000.0,
        "Other Non Operating Income Expenses": 1000000.0,
        "Special Income Charges": -24000000.0,
        "Gain On Sale Of Business": 0.0,
        "Restructuring And Mergern Acquisition": 24000000.0,
        "Net Non Operating Interest Income Expense": -78000000.0,
        "Interest Expense Non Operating": 89000000.0,
        "Interest Income Non Operating": 11000000.0,
        "Operating Income": 266000000.0,
        "Operating Expense": 355000000.0,
        "Other Operating Expenses": 28000000.0,
        "Research And Development": 28000000.0,
        "Selling General And Administration": 299000000.0,
        "Gross Profit": 621000000.0,
        "Cost Of Revenue": 2630000000.0,
        "Total Revenue": 3251000000.0,
        "Operating Revenue": 3251000000.0
    },
    "2024-03-31": {
        "Tax Effect Of Unusual Items": -5220000.0,
        "Tax Rate For Calcs": 0.174,
        "Normalized EBITDA": 502000000.0,
        "Total Unusual Items": -30000000.0,
        "Total Unusual Items Excluding Goodwill": -30000000.0,
        "Net Income From Continuing Operation Net Minority Interest": 187000000.0,
        "Reconciled Depreciation": 153000000.0,
        "Reconciled Cost Of Revenue": 2719000000.0,
        "EBITDA": 472000000.0,
        "EBIT": 319000000.0,
        "Net Interest Income": -79000000.0,
        "Interest Expense": 89000000.0,
        "Interest Income": 10000000.0,
        "Normalized Income": 211780000.0,
        "Net Income From Continuing And Discontinued Operation": 187000000.0,
        "Total Expenses": 3074000000.0,
        "Total Operating Income As Reported": 307000000.0,
        "Diluted Average Shares": 1439000000.0,
        "Basic Average Shares": 1439000000.0,
        "Diluted EPS": 0.129,
        "Basic EPS": 0.129,
        "Diluted NI Availto Com Stockholders": 186000000.0,
        "Net Income Common Stockholders": 186000000.0,
        "Otherunder Preferred Stock Dividend": 1000000.0,
        "Net Income": 187000000.0,
        "Minority Interests": -2000000.0,
        "Net Income Including Noncontrolling Interests": 189000000.0,
        "Net Income Continuous Operations": 189000000.0,
        "Earnings From Equity Interest Net Of Tax": -1000000.0,
        "Tax Provision": 40000000.0,
        "Pretax Income": 230000000.0,
        "Other Income Expense": -28000000.0,
        "Other Non Operating Income Expenses": 2000000.0,
        "Special Income Charges": -30000000.0,
        "Gain On Sale Of Business": 0.0,
        "Restructuring And Mergern Acquisition": 30000000.0,
        "Net Non Operating Interest Income Expense": -79000000.0,
        "Interest Expense Non Operating": 89000000.0,
        "Interest Income Non Operating": 10000000.0,
        "Operating Income": 337000000.0,
        "Operating Expense": 355000000.0,
        "Other Operating Expenses": NaN,
        "Research And Development": 25000000.0,
        "Selling General And Administration": 330000000.0,
        "Gross Profit": 692000000.0,
        "Cost Of Revenue": 2719000000.0,
        "Total Revenue": 3411000000.0,
        "Operating Revenue": 3411000000.0
    },
    "2024-06-30": {
        "Tax Effect Of Unusual Items": -2641509.433962,
        "Tax Rate For Calcs": 0.176101,
        "Normalized EBITDA": 565000000.0,
        "Total Unusual Items": -15000000.0,
        "Total Unusual Items Excluding Goodwill": -15000000.0,
        "Net Income From Continuing Operation Net Minority Interest": 257000000.0,
        "Reconciled Depreciation": 147000000.0,
        "Reconciled Cost Of Revenue": 2781000000.0,
        "EBITDA": 550000000.0,
        "EBIT": 403000000.0,
        "Net Interest Income": -78000000.0,
        "Interest Expense": 85000000.0,
        "Interest Income": 7000000.0,
        "Normalized Income": 269358490.566038,
        "Net Income From Continuing And Discontinued Operation": 257000000.0,
        "Total Expenses": 3125000000.0,
        "Total Operating Income As Reported": 395000000.0,
        "Diluted Average Shares": 1443000000.0,
        "Basic Average Shares": 1439000000.0,
        "Diluted EPS": 0.178,
        "Basic EPS": 0.178,
        "Diluted NI Availto Com Stockholders": 256000000.0,
        "Net Income Common Stockholders": 256000000.0,
        "Otherunder Preferred Stock Dividend": 1000000.0,
        "Net Income": 257000000.0,
        "Minority Interests": -4000000.0,
        "Net Income Including Noncontrolling Interests": 261000000.0,
        "Net Income Continuous Operations": 261000000.0,
        "Earnings From Equity Interest Net Of Tax": -1000000.0,
        "Tax Provision": 56000000.0,
        "Pretax Income": 318000000.0,
        "Other Income Expense": -14000000.0,
        "Other Non Operating Income Expenses": 1000000.0,
        "Special Income Charges": -15000000.0,
        "Gain On Sale Of Business": NaN,
        "Restructuring And Mergern Acquisition": 15000000.0,
        "Net Non Operating Interest Income Expense": -78000000.0,
        "Interest Expense Non Operating": 85000000.0,
        "Interest Income Non Operating": 7000000.0,
        "Operating Income": 410000000.0,
        "Operating Expense": 344000000.0,
        "Other Operating Expenses": -11000000.0,
        "Research And Development": 26000000.0,
        "Selling General And Administration": 329000000.0,
        "Gross Profit": 754000000.0,
        "Cost Of Revenue": 2781000000.0,
        "Total Revenue": 3535000000.0,
        "Operating Revenue": 3535000000.0
    },
    "2024-09-30": {
        "Tax Effect Of Unusual Items": -1092000.0,
        "Tax Rate For Calcs": 0.182,
        "Normalized EBITDA": 469000000.0,
        "Total Unusual Items": -6000000.0,
        "Total Unusual Items Excluding Goodwill": -6000000.0,
        "Net Income From Continuing Operation Net Minority Interest": 191000000.0,
        "Reconciled Depreciation": 141000000.0,
        "Reconciled Cost Of Revenue": 2694000000.0,
        "EBITDA": 463000000.0,
        "EBIT": 322000000.0,
        "Net Interest Income": -75000000.0,
        "Interest Expense": 86000000.0,
        "Interest Income": 11000000.0,
        "Normalized Income": 195908000.0,
        "Net Income From Continuing And Discontinued Operation": 191000000.0,
        "Total Expenses": 3035000000.0,
        "Total Operating Income As Reported": 312000000.0,
        "Diluted Average Shares": 1444000000.0,
        "Basic Average Shares": 1440000000.0,
        "Diluted EPS": 0.132,
        "Basic EPS": 0.132,
        "Diluted NI Availto Com Stockholders": 190000000.0,
        "Net Income Common Stockholders": 190000000.0,
        "Otherunder Preferred Stock Dividend": 1000000.0,
        "Net Income": 191000000.0,
        "Minority Interests": -2000000.0,
        "Net Income Including Noncontrolling Interests": 193000000.0,
        "Net Income Continuous Operations": 193000000.0,
        "Earnings From Equity Interest Net Of Tax": 0.0,
        "Tax Provision": 43000000.0,
        "Pretax Income": 236000000.0,
        "Other Income Expense": -7000000.0,
        "Other Non Operating Income Expenses": -1000000.0,
        "Special Income Charges": -6000000.0,
        "Gain On Sale Of Business": NaN,
        "Restructuring And Mergern Acquisition": 6000000.0,
        "Net Non Operating Interest Income Expense": -75000000.0,
        "Interest Expense Non Operating": 86000000.0,
        "Interest Income Non Operating": 11000000.0,
        "Operating Income": 318000000.0,
        "Operating Expense": 341000000.0,
        "Other Operating Expenses": -2000000.0,
        "Research And Development": 28000000.0,
        "Selling General And Administration": 315000000.0,
        "Gross Profit": 659000000.0,
        "Cost Of Revenue": 2694000000.0,
        "Total Revenue": 3353000000.0,
        "Operating Revenue": 3353000000.0
    },
    "2024-12-31": {
        "Tax Effect Of Unusual Items": -8547000.0,
        "Tax Rate For Calcs": 0.259,
        "Normalized EBITDA": 464000000.0,
        "Total Unusual Items": -33000000.0,
        "Total Unusual Items Excluding Goodwill": -33000000.0,
        "Net Income From Continuing Operation Net Minority Interest": 163000000.0,
        "Reconciled Depreciation": 126000000.0,
        "Reconciled Cost Of Revenue": 2615000000.0,
        "EBITDA": 431000000.0,
        "EBIT": 305000000.0,
        "Net Interest Income": -72000000.0,
        "Interest Expense": 81000000.0,
        "Interest Income": 9000000.0,
        "Normalized Income": 187453000.0,
        "Net Income From Continuing And Discontinued Operation": 163000000.0,
        "Total Expenses": 2911000000.0,
        "Total Operating Income As Reported": 297000000.0,
        "Diluted Average Shares": 1446000000.0,
        "Basic Average Shares": 1443000000.0,
        "Diluted EPS": 0.113,
        "Basic EPS": 0.113,
        "Diluted NI Availto Com Stockholders": 163000000.0,
        "Net Income Common Stockholders": 163000000.0,
        "Otherunder Preferred Stock Dividend": 0.0,
        "Net Income": 163000000.0,
        "Minority Interests": -4000000.0,
        "Net Income Including Noncontrolling Interests": 167000000.0,
        "Net Income Continuous Operations": 167000000.0,
        "Earnings From Equity Interest Net Of Tax": 1000000.0,
        "Tax Provision": 58000000.0,
        "Pretax Income": 224000000.0,
        "Other Income Expense": -34000000.0,
        "Other Non Operating Income Expenses": -1000000.0,
        "Special Income Charges": -33000000.0,
        "Gain On Sale Of Business": NaN,
        "Restructuring And Mergern Acquisition": 33000000.0,
        "Net Non Operating Interest Income Expense": -72000000.0,
        "Interest Expense Non Operating": 81000000.0,
        "Interest Income Non Operating": 9000000.0,
        "Operating Income": 330000000.0,
        "Operating Expense": 296000000.0,
        "Other Operating Expenses": -26000000.0,
        "Research And Development": 27000000.0,
        "Selling General And Administration": 295000000.0,
        "Gross Profit": 626000000.0,
        "Cost Of Revenue": 2615000000.0,
        "Total Revenue": 3241000000.0,
        "Operating Revenue": 3241000000.0
    }
}