{
    "2023-03-31": {
        "Tax Effect Of Unusual Items": 0.0,
        "Tax Rate For Calcs": 0.175,
        "Normalized EBITDA": 4885000000.0,
        "Total Unusual Items": NaN,
        "Total Unusual Items Excluding Goodwill": NaN,
        "Net Income From Continuing Operation Net Minority Interest": 2841000000.0,
        "Reconciled Depreciation": 900000000.0,
        "Reconciled Cost Of Revenue": 1720000000.0,
        "EBITDA": 4885000000.0,
        "EBIT": 3985000000.0,
        "Net Interest Income": -543000000.0,
        "Interest Expense": 543000000.0,
        "Normalized Income": 2841000000.0,
        "Net Income From Continuing And Discontinued Operation": 2841000000.0,
        "Total Expenses": 4184000000.0,
        "Total Operating Income As Reported": 1921000000.0,
        "Diluted Average Shares": 538000000.0,
        "Basic Average Shares": 534000000.0,
        "Diluted EPS": 5.28,
        "Basic EPS": 5.32,
        "Diluted NI Availto Com Stockholders": 2841000000.0,
        "Net Income Common Stockholders": 2841000000.0,
        "Net Income": 2841000000.0,
        "Net Income Including Noncontrolling Interests": 2841000000.0,
        "Net Income Continuous Operations": 2841000000.0,
        "Tax Provision": 601000000.0,
        "Pretax Income": 3442000000.0,
        "Other Income Expense": 2064000000.0,
        "Other Non Operating Income Expenses": 2064000000.0,
        "Special Income Charges": NaN,
        "Net Non Operating Interest Income Expense": -543000000.0,
        "Interest Expense Non Operating": 543000000.0,
        "Operating Income": 1921000000.0,
        "Operating Expense": 2464000000.0,
        "Other Operating Expenses": 148000000.0,
        "Research And Development": 1058000000.0,
        "Selling General And Administration": 1258000000.0,
        "Gross Profit": 4385000000.0,
        "Cost Of Revenue": 1720000000.0,
        "Total Revenue": 6105000000.0,
        "Operating Revenue": 5846000000.0
    },
    "2022-12-31": {
        "Tax Effect Of Unusual Items": NaN,
        "Tax Rate For Calcs": NaN,
        "Normalized EBITDA": NaN,
        "Total Unusual Items": 0.0,
        "Total Unusual Items Excluding Goodwill": 0.0,
        "Net Income From Continuing Operation Net Minority Interest": NaN,
        "Reconciled Depreciation": NaN,
        "Reconciled Cost Of Revenue": NaN,
        "EBITDA": NaN,
        "EBIT": NaN,
        "Net Interest Income": NaN,
        "Interest Expense": NaN,
        "Normalized Income": NaN,
        "Net Income From Continuing And Discontinued Operation": NaN,
        "Total Expenses": NaN,
        "Total Operating Income As Reported": NaN,
        "Diluted Average Shares": NaN,
        "Basic Average Shares": NaN,
        "Diluted EPS": NaN,
        "Basic EPS": NaN,
        "Diluted NI Availto Com Stockholders": NaN,
        "Net Income Common Stockholders": NaN,
        "Net Income": NaN,
        "Net Income Including Noncontrolling Interests": NaN,
        "Net Income Continuous Operations": NaN,
        "Tax Provision": NaN,
        "Pretax Income": NaN,
        "Other Income Expense": NaN,
        "Other Non Operating Income Expenses": NaN,
        "Special Income Charges": 0.0,
        "Net Non Operating Interest Income Expense": NaN,
        "Interest Expense Non Operating": NaN,
        "Operating Income": NaN,
        "Operating Expense": NaN,
        "Other Operating Expenses": NaN,
        "Research And Development": NaN,
        "Selling General And Administration": NaN,
        "Gross Profit": NaN,
        "Cost Of Revenue": NaN,
        "Total Revenue": NaN,
        "Operating Revenue": NaN
    },
    "2022-09-30": {
        "Tax Effect Of Unusual Items": NaN,
        "Tax Rate For Calcs": NaN,
        "Normalized EBITDA": NaN,
        "Total Unusual Items": 0.0,
        "Total Unusual Items Excluding Goodwill": 0.0,
        "Net Income From Continuing Operation Net Minority Interest": NaN,
        "Reconciled Depreciation": NaN,
        "Reconciled Cost Of Revenue": NaN,
        "EBITDA": NaN,
        "EBIT": NaN,
        "Net Interest Income": NaN,
        "Interest Expense": NaN,
        "Normalized Income": NaN,
        "Net Income From Continuing And Discontinued Operation": NaN,
        "Total Expenses": NaN,
        "Total Operating Income As Reported": NaN,
        "Diluted Average Shares": NaN,
        "Basic Average Shares": NaN,
        "Diluted EPS": NaN,
        "Basic EPS": NaN,
        "Diluted NI Availto Com Stockholders": NaN,
        "Net Income Common Stockholders": NaN,
        "Net Income": NaN,
        "Net Income Including Noncontrolling Interests": NaN,
        "Net Income Continuous Operations": NaN,
        "Tax Provision": NaN,
        "Pretax Income": NaN,
        "Other Income Expense": NaN,
        "Other Non Operating Income Expenses": NaN,
        "Special Income Charges": 0.0,
        "Net Non Operating Interest Income Expense": NaN,
        "Interest Expense Non Operating": NaN,
        "Operating Income": NaN,
        "Operating Expense": NaN,
        "Other Operating Expenses": NaN,
        "Research And Development": NaN,
        "Selling General And Administration": NaN,
        "Gross Profit": NaN,
        "Cost Of Revenue": NaN,
        "Total Revenue": NaN,
        "Operating Revenue": NaN
    },
    "2022-06-30": {
        "Tax Effect Of Unusual Items": 0.0,
        "Tax Rate For Calcs": 0.14,
        "Normalized EBITDA": 1859000000.0,
        "Total Unusual Items": 0.0,
        "Total Unusual Items Excluding Goodwill": 0.0,
        "Net Income From Continuing Operation Net Minority Interest": 1317000000.0,
        "Reconciled Depreciation": 828000000.0,
        "Reconciled Cost Of Revenue": 1510000000.0,
        "EBITDA": 1859000000.0,
        "EBIT": 1859000000.0,
        "Net Interest Income": -328000000.0,
        "Interest Expense": 328000000.0,
        "Normalized Income": 1317000000.0,
        "Net Income From Continuing And Discontinued Operation": 1317000000.0,
        "Total Expenses": 4418000000.0,
        "Total Operating Income As Reported": 2176000000.0,
        "Diluted Average Shares": 537000000.0,
        "Basic Average Shares": 535000000.0,
        "Diluted EPS": 2.45,
        "Basic EPS": 2.46,
        "Diluted NI Availto Com Stockholders": 1317000000.0,
        "Net Income Common Stockholders": 1317000000.0,
        "Net Income": 1317000000.0,
        "Net Income Including Noncontrolling Interests": 1317000000.0,
        "Net Income Continuous Operations": 1317000000.0,
        "Tax Provision": 214000000.0,
        "Pretax Income": 1531000000.0,
        "Other Income Expense": -317000000.0,
        "Other Non Operating Income Expenses": -317000000.0,
        "Special Income Charges": 0.0,
        "Net Non Operating Interest Income Expense": -328000000.0,
        "Interest Expense Non Operating": 328000000.0,
        "Operating Income": 2176000000.0,
        "Operating Expense": 2908000000.0,
        "Other Operating Expenses": 542000000.0,
        "Research And Development": 1039000000.0,
        "Selling General And Administration": 1327000000.0,
        "Gross Profit": 5084000000.0,
        "Cost Of Revenue": 1510000000.0,
        "Total Revenue": 6594000000.0,
        "Operating Revenue": 6281000000.0
    },
    "2023-06-30": {
        "Tax Effect Of Unusual Items": 0.0,
        "Tax Rate For Calcs": 0.146,
        "Normalized EBITDA": 3262000000.0,
        "Net Income From Continuing Operation Net Minority Interest": 1379000000.0,
        "Reconciled Depreciation": 896000000.0,
        "Reconciled Cost Of Revenue": 1813000000.0,
        "EBITDA": 3262000000.0,
        "EBIT": 2366000000.0,
        "Net Interest Income": -752000000.0,
        "Interest Expense": 752000000.0,
        "Normalized Income": 1379000000.0,
        "Net Income From Continuing And Discontinued Operation": 1379000000.0,
        "Total Expenses": 4302000000.0,
        "Total Operating Income As Reported": 2684000000.0,
        "Diluted Average Shares": 537000000.0,
        "Basic Average Shares": 535000000.0,
        "Diluted EPS": 2.57,
        "Basic EPS": 2.58,
        "Diluted NI Availto Com Stockholders": 1379000000.0,
        "Net Income Common Stockholders": 1379000000.0,
        "Net Income": 1379000000.0,
        "Net Income Including Noncontrolling Interests": 1379000000.0,
        "Net Income Continuous Operations": 1379000000.0,
        "Tax Provision": 235000000.0,
        "Pretax Income": 1614000000.0,
        "Other Income Expense": -318000000.0,
        "Other Non Operating Income Expenses": -318000000.0,
        "Net Non Operating Interest Income Expense": -752000000.0,
        "Interest Expense Non Operating": 752000000.0,
        "Operating Income": 2684000000.0,
        "Operating Expense": 2489000000.0,
        "Other Operating Expenses": 82000000.0,
        "Research And Development": 1113000000.0,
        "Selling General And Administration": 1294000000.0,
        "Gross Profit": 5173000000.0,
        "Cost Of Revenue": 1813000000.0,
        "Total Revenue": 6986000000.0,
        "Operating Revenue": 6683000000.0
    },
    "2022-03-31": {
        "Diluted EPS": 2.68,
        "Total Revenue": NaN,
        "Gross Profit": NaN,
        "Operating Income": NaN,
        "EBIT": NaN,
        "Net Income": NaN
    },
    "2021-12-31": {
        "Diluted EPS": 3.33,
        "Total Revenue": NaN,
        "Gross Profit": NaN,
        "Operating Income": NaN,
        "EBIT": NaN,
        "Net Income": NaN
    },
    "2021-09-30": {
        "Diluted EPS": 3.31,
        "Total Revenue": NaN,
        "Gross Profit": NaN,
        "Operating Income": NaN,
        "EBIT": NaN,
        "Net Income": NaN
    },
    "2021-06-30": {
        "Diluted EPS": 0.81,
        "Total Revenue": NaN,
        "Gross Profit": NaN,
        "Operating Income": 828,
        "EBIT": NaN,
        "Net Income": 464
    },
    "2021-03-31": {
        "Diluted EPS": 2.83,
        "Total Revenue": NaN,
        "Gross Profit": NaN,
        "Operating Income": NaN,
        "EBIT": NaN,
        "Net Income": NaN
    },
    "2020-12-31": {
        "Diluted EPS": 2.76,
        "Total Revenue": NaN,
        "Gross Profit": NaN,
        "Operating Income": NaN,
        "EBIT": NaN,
        "Net Income": NaN
    },
    "2020-09-30": {
        "Diluted EPS": 3.43,
        "Total Revenue": NaN,
        "Gross Profit": NaN,
        "Operating Income": NaN,
        "EBIT": NaN,
        "Net Income": NaN
    },
    "2020-06-30": {
        "Diluted EPS": 3.05,
        "Total Revenue": NaN,
        "Gross Profit": NaN,
        "Operating Income": NaN,
        "EBIT": NaN,
        "Net Income": NaN
    },
    "2020-03-31": {
        "Diluted EPS": 3.07,
        "Total Revenue": NaN,
        "Gross Profit": NaN,
        "Operating Income": NaN,
        "EBIT": NaN,
        "Net Income": NaN
    },
    "2019-12-31": {
        "Diluted EPS": 2.86,
        "Total Revenue": NaN,
        "Gross Profit": NaN,
        "Operating Income": NaN,
        "EBIT": NaN,
        "Net Income": NaN
    },
    "2019-09-30": {
        "Diluted EPS": 3.27,
        "Total Revenue": NaN,
        "Gross Profit": NaN,
        "Operating Income": NaN,
        "EBIT": NaN,
        "Net Income": NaN
    },
    "2019-06-30": {
        "Diluted EPS": 3.57,
        "Total Revenue": NaN,
        "Gross Profit": NaN,
        "Operating Income": NaN,
        "EBIT": NaN,
        "Net Income": NaN
    },
    "2019-03-31": {
        "Diluted EPS": 3.18,
        "Total Revenue": NaN,
        "Gross Profit": NaN,
        "Operating Income": NaN,
        "EBIT": NaN,
        "Net Income": NaN
    },
    "2018-12-31": {
        "Diluted EPS": 3.03,
        "Total Revenue": NaN,
        "Gross Profit": NaN,
        "Operating Income": NaN,
        "EBIT": NaN,
        "Net Income": NaN
    },
    "2018-09-30": {
        "Diluted EPS": 2.86,
        "Total Revenue": NaN,
        "Gross Profit": NaN,
        "Operating Income": NaN,
        "EBIT": NaN,
        "Net Income": NaN
    },
    "2018-06-30": {
        "Diluted EPS": 3.48,
        "Total Revenue": NaN,
        "Gross Profit": NaN,
        "Operating Income": NaN,
        "EBIT": NaN,
        "Net Income": NaN
    },
    "2018-03-31": {
        "Diluted EPS": 3.25,
        "Total Revenue": NaN,
        "Gross Profit": NaN,
        "Operating Income": NaN,
        "EBIT": NaN,
        "Net Income": NaN
    },
    "2017-12-31": {
        "Diluted EPS": -5.77,
        "Total Revenue": NaN,
        "Gross Profit": NaN,
        "Operating Income": NaN,
        "EBIT": NaN,
        "Net Income": NaN
    },
    "2017-09-30": {
        "Diluted EPS": 2.76,
        "Total Revenue": NaN,
        "Gross Profit": NaN,
        "Operating Income": NaN,
        "EBIT": NaN,
        "Net Income": NaN
    },
    "2017-06-30": {
        "Diluted EPS": 2.91,
        "Total Revenue": NaN,
        "Gross Profit": NaN,
        "Operating Income": NaN,
        "EBIT": NaN,
        "Net Income": NaN
    },
    "2017-03-31": {
        "Diluted EPS": 2.79,
        "Total Revenue": NaN,
        "Gross Profit": NaN,
        "Operating Income": NaN,
        "EBIT": NaN,
        "Net Income": NaN
    },
    "2016-12-31": {
        "Diluted EPS": 2.59,
        "Total Revenue": NaN,
        "Gross Profit": NaN,
        "Operating Income": NaN,
        "EBIT": NaN,
        "Net Income": NaN
    },
    "2016-09-30": {
        "Diluted EPS": 2.68,
        "Total Revenue": NaN,
        "Gross Profit": NaN,
        "Operating Income": NaN,
        "EBIT": NaN,
        "Net Income": NaN
    },
    "2016-06-30": {
        "Diluted EPS": 2.47,
        "Total Revenue": NaN,
        "Gross Profit": NaN,
        "Operating Income": NaN,
        "EBIT": NaN,
        "Net Income": NaN
    },
    "2016-03-31": {
        "Diluted EPS": 2.5,
        "Total Revenue": NaN,
        "Gross Profit": NaN,
        "Operating Income": NaN,
        "EBIT": NaN,
        "Net Income": NaN
    },
    "2015-12-31": {
        "Diluted EPS": 2.36,
        "Total Revenue": NaN,
        "Gross Profit": NaN,
        "Operating Income": NaN,
        "EBIT": NaN,
        "Net Income": NaN
    },
    "2015-09-30": {
        "Diluted EPS": 2.44,
        "Total Revenue": NaN,
        "Gross Profit": NaN,
        "Operating Income": NaN,
        "EBIT": NaN,
        "Net Income": NaN
    },
    "2015-06-30": {
        "Diluted EPS": 2.15,
        "Total Revenue": NaN,
        "Gross Profit": NaN,
        "Operating Income": NaN,
        "EBIT": NaN,
        "Net Income": NaN
    },
    "2015-03-31": {
        "Diluted EPS": 2.11,
        "Total Revenue": NaN,
        "Gross Profit": NaN,
        "Operating Income": NaN,
        "EBIT": NaN,
        "Net Income": NaN
    },
    "2014-12-31": {
        "Diluted EPS": 1.68,
        "Total Revenue": NaN,
        "Gross Profit": NaN,
        "Operating Income": NaN,
        "EBIT": NaN,
        "Net Income": NaN
    },
    "2014-09-30": {
        "Diluted EPS": 1.61,
        "Total Revenue": NaN,
        "Gross Profit": NaN,
        "Operating Income": NaN,
        "EBIT": NaN,
        "Net Income": NaN
    },
    "2014-06-30": {
        "Diluted EPS": 2.01,
        "Total Revenue": NaN,
        "Gross Profit": NaN,
        "Operating Income": NaN,
        "EBIT": NaN,
        "Net Income": NaN
    },
    "2014-03-31": {
        "Diluted EPS": 1.4,
        "Total Revenue": NaN,
        "Gross Profit": NaN,
        "Operating Income": NaN,
        "EBIT": NaN,
        "Net Income": NaN
    },
    "2013-12-31": {
        "Diluted EPS": 1.32,
        "Total Revenue": NaN,
        "Gross Profit": NaN,
        "Operating Income": NaN,
        "EBIT": NaN,
        "Net Income": NaN
    },
    "2013-09-30": {
        "Diluted EPS": 1.79,
        "Total Revenue": NaN,
        "Gross Profit": NaN,
        "Operating Income": NaN,
        "EBIT": NaN,
        "Net Income": NaN
    },
    "2013-06-30": {
        "Diluted EPS": 1.65,
        "Total Revenue": NaN,
        "Gross Profit": NaN,
        "Operating Income": NaN,
        "EBIT": NaN,
        "Net Income": NaN
    },
    "2013-03-31": {
        "Diluted EPS": 1.88,
        "Total Revenue": NaN,
        "Gross Profit": NaN,
        "Operating Income": NaN,
        "EBIT": NaN,
        "Net Income": NaN
    },
    "2012-12-31": {
        "Diluted EPS": 1.02,
        "Total Revenue": NaN,
        "Gross Profit": NaN,
        "Operating Income": NaN,
        "EBIT": NaN,
        "Net Income": 788
    },
    "2012-09-30": {
        "Diluted EPS": 1.41,
        "Total Revenue": NaN,
        "Gross Profit": NaN,
        "Operating Income": NaN,
        "EBIT": NaN,
        "Net Income": NaN
    },
    "2012-06-30": {
        "Diluted EPS": 1.61,
        "Total Revenue": NaN,
        "Gross Profit": NaN,
        "Operating Income": NaN,
        "EBIT": NaN,
        "Net Income": NaN
    },
    "2012-03-31": {
        "Diluted EPS": 1.48,
        "Total Revenue": NaN,
        "Gross Profit": NaN,
        "Operating Income": NaN,
        "EBIT": NaN,
        "Net Income": NaN
    },
    "2011-12-31": {
        "Diluted EPS": 1.09,
        "Total Revenue": NaN,
        "Gross Profit": NaN,
        "Operating Income": NaN,
        "EBIT": NaN,
        "Net Income": 934
    },
    "2011-09-30": {
        "Diluted EPS": 0.5,
        "Total Revenue": NaN,
        "Gross Profit": NaN,
        "Operating Income": 525,
        "EBIT": 790,
        "Net Income": 454
    },
    "2011-06-30": {
        "Diluted EPS": 1.25,
        "Total Revenue": NaN,
        "Gross Profit": NaN,
        "Operating Income": NaN,
        "EBIT": NaN,
        "Net Income": NaN
    },
    "2011-03-31": {
        "Diluted EPS": 1.2,
        "Total Revenue": NaN,
        "Gross Profit": NaN,
        "Operating Income": NaN,
        "EBIT": NaN,
        "Net Income": NaN
    },
    "2010-12-31": {
        "Diluted EPS": 1.08,
        "Total Revenue": NaN,
        "Gross Profit": NaN,
        "Operating Income": NaN,
        "EBIT": NaN,
        "Net Income": NaN
    },
    "2010-09-30": {
        "Diluted EPS": 1.28,
        "Total Revenue": NaN,
        "Gross Profit": NaN,
        "Operating Income": NaN,
        "EBIT": NaN,
        "Net Income": NaN
    },
    "2010-06-30": {
        "Diluted EPS": 1.25,
        "Total Revenue": NaN,
        "Gross Profit": NaN,
        "Operating Income": NaN,
        "EBIT": NaN,
        "Net Income": NaN
    },
    "2010-03-31": {
        "Diluted EPS": 1.18,
        "Total Revenue": NaN,
        "Gross Profit": NaN,
        "Operating Income": NaN,
        "EBIT": NaN,
        "Net Income": NaN
    },
    "2009-12-31": {
        "Diluted EPS": 0.92,
        "Total Revenue": NaN,
        "Gross Profit": NaN,
        "Operating Income": NaN,
        "EBIT": NaN,
        "Net Income": 931
    },
    "2009-09-30": {
        "Diluted EPS": 1.36,
        "Total Revenue": NaN,
        "Gross Profit": NaN,
        "Operating Income": NaN,
        "EBIT": NaN,
        "Net Income": NaN
    },
    "2009-06-30": {
        "Diluted EPS": 1.25,
        "Total Revenue": NaN,
        "Gross Profit": NaN,
        "Operating Income": NaN,
        "EBIT": NaN,
        "Net Income": NaN
    },
    "2009-03-31": {
        "Diluted EPS": 0.98,
        "Total Revenue": NaN,
        "Gross Profit": NaN,
        "Operating Income": NaN,
        "EBIT": NaN,
        "Net Income": NaN
    },
    "2023-09-30": {
        "Tax Effect Of Unusual Items": 0.0,
        "Tax Rate For Calcs": 0.111,
        "Normalized EBITDA": 3601000000.0,
        "Net Income From Continuing Operation Net Minority Interest": 1730000000.0,
        "Reconciled Depreciation": 895000000.0,
        "Reconciled Cost Of Revenue": 1806000000.0,
        "EBITDA": 3601000000.0,
        "EBIT": 2706000000.0,
        "Net Interest Income": -759000000.0,
        "Interest Expense": 759000000.0,
        "Normalized Income": 1730000000.0,
        "Net Income From Continuing And Discontinued Operation": 1730000000.0,
        "Total Expenses": 4882000000.0,
        "Total Operating Income As Reported": 2021000000.0,
        "Diluted Average Shares": 538000000.0,
        "Basic Average Shares": 535000000.0,
        "Diluted EPS": 3.22,
        "Basic EPS": 3.23,
        "Diluted NI Availto Com Stockholders": 1730000000.0,
        "Net Income Common Stockholders": 1730000000.0,
        "Net Income": 1730000000.0,
        "Net Income Including Noncontrolling Interests": 1730000000.0,
        "Net Income Continuous Operations": 1730000000.0,
        "Tax Provision": 217000000.0,
        "Pretax Income": 1947000000.0,
        "Other Income Expense": 685000000.0,
        "Other Non Operating Income Expenses": 685000000.0,
        "Net Non Operating Interest Income Expense": -759000000.0,
        "Interest Expense Non Operating": 759000000.0,
        "Operating Income": 2021000000.0,
        "Operating Expense": 3076000000.0,
        "Other Operating Expenses": 644000000.0,
        "Research And Development": 1079000000.0,
        "Selling General And Administration": 1353000000.0,
        "Gross Profit": 5097000000.0,
        "Cost Of Revenue": 1806000000.0,
        "Total Revenue": 6903000000.0,
        "Operating Revenue": 6548000000.0
    },
    "2023-12-31": {
        "Tax Effect Of Unusual Items": 0.0,
        "Tax Rate For Calcs": 0.099765,
        "Normalized EBITDA": 3053000000.0,
        "Net Income From Continuing Operation Net Minority Interest": 767000000.0,
        "Reconciled Depreciation": 1380000000.0,
        "Reconciled Cost Of Revenue": 3112000000.0,
        "EBITDA": 3053000000.0,
        "EBIT": 1673000000.0,
        "Net Interest Income": -821000000.0,
        "Interest Expense": 821000000.0,
        "Normalized Income": 767000000.0,
        "Net Income From Continuing And Discontinued Operation": 767000000.0,
        "Total Expenses": 6925000000.0,
        "Total Operating Income As Reported": 1271000000.0,
        "Diluted Average Shares": 540000000.0,
        "Basic Average Shares": 535000000.0,
        "Diluted EPS": 1.42,
        "Basic EPS": 1.43,
        "Diluted NI Availto Com Stockholders": 767000000.0,
        "Net Income Common Stockholders": 767000000.0,
        "Net Income": 767000000.0,
        "Net Income Including Noncontrolling Interests": 767000000.0,
        "Net Income Continuous Operations": 767000000.0,
        "Tax Provision": 85000000.0,
        "Pretax Income": 852000000.0,
        "Other Income Expense": 402000000.0,
        "Other Non Operating Income Expenses": 402000000.0,
        "Net Non Operating Interest Income Expense": -821000000.0,
        "Interest Expense Non Operating": 821000000.0,
        "Operating Income": 1271000000.0,
        "Operating Expense": 3813000000.0,
        "Other Operating Expenses": 5000000.0,
        "Research And Development": 1534000000.0,
        "Selling General And Administration": 2274000000.0,
        "Gross Profit": 5084000000.0,
        "Cost Of Revenue": 3112000000.0,
        "Total Revenue": 8196000000.0,
        "Operating Revenue": 7833000000.0
    },
    "2024-03-31": {
        "Tax Effect Of Unusual Items": 0.0,
        "Tax Rate For Calcs": 0.21,
        "Normalized EBITDA": 2155000000.0,
        "Net Income From Continuing Operation Net Minority Interest": -113000000.0,
        "Reconciled Depreciation": 1399000000.0,
        "Reconciled Cost Of Revenue": 3200000000.0,
        "EBITDA": 2155000000.0,
        "EBIT": 756000000.0,
        "Net Interest Income": -824000000.0,
        "Interest Expense": 824000000.0,
        "Normalized Income": -113000000.0,
        "Net Income From Continuing And Discontinued Operation": -113000000.0,
        "Total Expenses": 6456000000.0,
        "Total Operating Income As Reported": 991000000.0,
        "Diluted Average Shares": 536000000.0,
        "Basic Average Shares": 536000000.0,
        "Diluted EPS": -0.21,
        "Basic EPS": -0.21,
        "Diluted NI Availto Com Stockholders": -113000000.0,
        "Net Income Common Stockholders": -113000000.0,
        "Net Income": -113000000.0,
        "Net Income Including Noncontrolling Interests": -113000000.0,
        "Net Income Continuous Operations": -113000000.0,
        "Tax Provision": 45000000.0,
        "Pretax Income": -68000000.0,
        "Other Income Expense": -235000000.0,
        "Other Non Operating Income Expenses": -235000000.0,
        "Net Non Operating Interest Income Expense": -824000000.0,
        "Interest Expense Non Operating": 824000000.0,
        "Operating Income": 991000000.0,
        "Operating Expense": 3256000000.0,
        "Other Operating Expenses": 105000000.0,
        "Research And Development": 1343000000.0,
        "Selling General And Administration": 1808000000.0,
        "Gross Profit": 4247000000.0,
        "Cost Of Revenue": 3200000000.0,
        "Total Revenue": 7447000000.0,
        "Operating Revenue": 7118000000.0
    },
    "2024-06-30": {
        "Tax Effect Of Unusual Items": 0.0,
        "Tax Rate For Calcs": 0.06,
        "Normalized EBITDA": 3002000000.0,
        "Net Income From Continuing Operation Net Minority Interest": 746000000.0,
        "Reconciled Depreciation": 1400000000.0,
        "Reconciled Cost Of Revenue": 3236000000.0,
        "EBITDA": 3002000000.0,
        "EBIT": 1602000000.0,
        "Net Interest Income": -808000000.0,
        "Interest Expense": 808000000.0,
        "Normalized Income": 746000000.0,
        "Net Income From Continuing And Discontinued Operation": 746000000.0,
        "Total Expenses": 6479000000.0,
        "Total Operating Income As Reported": 1909000000.0,
        "Diluted Average Shares": 541000000.0,
        "Basic Average Shares": 537000000.0,
        "Diluted EPS": 1.38,
        "Basic EPS": 1.39,
        "Diluted NI Availto Com Stockholders": 746000000.0,
        "Net Income Common Stockholders": 746000000.0,
        "Net Income": 746000000.0,
        "Net Income Including Noncontrolling Interests": 746000000.0,
        "Net Income Continuous Operations": 746000000.0,
        "Tax Provision": 48000000.0,
        "Pretax Income": 794000000.0,
        "Other Income Expense": -307000000.0,
        "Other Non Operating Income Expenses": -307000000.0,
        "Net Non Operating Interest Income Expense": -808000000.0,
        "Interest Expense Non Operating": 808000000.0,
        "Operating Income": 1909000000.0,
        "Operating Expense": 3243000000.0,
        "Other Operating Expenses": 11000000.0,
        "Research And Development": 1447000000.0,
        "Selling General And Administration": 1785000000.0,
        "Gross Profit": 5152000000.0,
        "Cost Of Revenue": 3236000000.0,
        "Total Revenue": 8388000000.0,
        "Operating Revenue": 8041000000.0
    },
    "2024-09-30": {
        "Tax Effect Of Unusual Items": 0.0,
        "Tax Rate For Calcs": 0.087,
        "Normalized EBITDA": 5273000000.0,
        "Net Income From Continuing Operation Net Minority Interest": 2830000000.0,
        "Reconciled Depreciation": 1396000000.0,
        "Reconciled Cost Of Revenue": 3310000000.0,
        "EBITDA": 5273000000.0,
        "EBIT": 3877000000.0,
        "Net Interest Income": -776000000.0,
        "Interest Expense": 776000000.0,
        "Normalized Income": 2830000000.0,
        "Net Income From Continuing And Discontinued Operation": 2830000000.0,
        "Total Expenses": 6456000000.0,
        "Total Operating Income As Reported": 2047000000.0,
        "Diluted Average Shares": 542000000.0,
        "Basic Average Shares": 537000000.0,
        "Diluted EPS": 5.22,
        "Basic EPS": 5.27,
        "Diluted NI Availto Com Stockholders": 2830000000.0,
        "Net Income Common Stockholders": 2830000000.0,
        "Net Income": 2830000000.0,
        "Net Income Including Noncontrolling Interests": 2830000000.0,
        "Net Income Continuous Operations": 2830000000.0,
        "Tax Provision": 271000000.0,
        "Pretax Income": 3101000000.0,
        "Other Income Expense": 1830000000.0,
        "Other Non Operating Income Expenses": 1830000000.0,
        "Net Non Operating Interest Income Expense": -776000000.0,
        "Interest Expense Non Operating": 776000000.0,
        "Operating Income": 2047000000.0,
        "Operating Expense": 3146000000.0,
        "Other Operating Expenses": 71000000.0,
        "Research And Development": 1450000000.0,
        "Selling General And Administration": 1625000000.0,
        "Gross Profit": 5193000000.0,
        "Cost Of Revenue": 3310000000.0,
        "Total Revenue": 8503000000.0,
        "Operating Revenue": 8151000000.0
    }
}