{
    "2023-03-31": {
        "Tax Effect Of Unusual Items": 0.0,
        "Tax Rate For Calcs": 0.0,
        "Normalized EBITDA": -528040.0,
        "Total Unusual Items": 23374.0,
        "Total Unusual Items Excluding Goodwill": 23374.0,
        "Net Income From Continuing Operation Net Minority Interest": -581966.0,
        "Reconciled Depreciation": 114445.0,
        "Reconciled Cost Of Revenue": 2295768.0,
        "EBITDA": -504666.0,
        "EBIT": -619111.0,
        "Net Interest Income": 13771.0,
        "Interest Expense": NaN,
        "Normalized Income": -605340.0,
        "Net Income From Continuing And Discontinued Operation": -581966.0,
        "Total Expenses": 4731410.0,
        "Total Operating Income As Reported": -619111.0,
        "Diluted Average Shares": 9635709.0,
        "Basic Average Shares": 9635709.0,
        "Diluted EPS": -0.06,
        "Basic EPS": -0.06,
        "Diluted NI Availto Com Stockholders": -581966.0,
        "Net Income Common Stockholders": -581966.0,
        "Net Income": -581966.0,
        "Net Income Including Noncontrolling Interests": -581966.0,
        "Net Income Continuous Operations": -581966.0,
        "Tax Provision": 0.0,
        "Pretax Income": -581966.0,
        "Other Income Expense": 23374.0,
        "Special Income Charges": 0.0,
        "Other Special Charges": NaN,
        "Gain On Sale Of Security": 23374.0,
        "Net Non Operating Interest Income Expense": 13771.0,
        "Total Other Finance Cost": -13771.0,
        "Interest Expense Non Operating": NaN,
        "Operating Income": -619111.0,
        "Operating Expense": 2435642.0,
        "Research And Development": 348730.0,
        "Selling General And Administration": 2086912.0,
        "Gross Profit": 1816531.0,
        "Cost Of Revenue": 2295768.0,
        "Total Revenue": 4112299.0,
        "Operating Revenue": 4112299.0
    },
    "2022-12-31": {
        "Tax Effect Of Unusual Items": 0.0,
        "Tax Rate For Calcs": 0.0,
        "Normalized EBITDA": 316257.0,
        "Total Unusual Items": -933794.0,
        "Total Unusual Items Excluding Goodwill": -933794.0,
        "Net Income From Continuing Operation Net Minority Interest": -888108.0,
        "Reconciled Depreciation": 281874.0,
        "Reconciled Cost Of Revenue": 2372644.0,
        "EBITDA": -617537.0,
        "EBIT": -899411.0,
        "Net Interest Income": 11303.0,
        "Interest Expense": -11303.0,
        "Normalized Income": 45686.0,
        "Net Income From Continuing And Discontinued Operation": -888108.0,
        "Total Expenses": 4240893.0,
        "Total Operating Income As Reported": -85753.0,
        "Diluted Average Shares": NaN,
        "Basic Average Shares": NaN,
        "Diluted EPS": NaN,
        "Basic EPS": NaN,
        "Diluted NI Availto Com Stockholders": -888108.0,
        "Net Income Common Stockholders": -888108.0,
        "Net Income": -888108.0,
        "Net Income Including Noncontrolling Interests": -888108.0,
        "Net Income Continuous Operations": -888108.0,
        "Tax Provision": 0.0,
        "Pretax Income": -888108.0,
        "Other Income Expense": -933794.0,
        "Special Income Charges": -935924.0,
        "Other Special Charges": NaN,
        "Gain On Sale Of Security": 2130.0,
        "Net Non Operating Interest Income Expense": 11303.0,
        "Total Other Finance Cost": NaN,
        "Interest Expense Non Operating": -11303.0,
        "Operating Income": 34383.0,
        "Operating Expense": 1868249.0,
        "Research And Development": 212439.0,
        "Selling General And Administration": 1655810.0,
        "Gross Profit": 1902632.0,
        "Cost Of Revenue": 2372644.0,
        "Total Revenue": 4275276.0,
        "Operating Revenue": 4275276.0
    },
    "2022-09-30": {
        "Tax Effect Of Unusual Items": NaN,
        "Tax Rate For Calcs": NaN,
        "Normalized EBITDA": NaN,
        "Total Unusual Items": NaN,
        "Total Unusual Items Excluding Goodwill": NaN,
        "Net Income From Continuing Operation Net Minority Interest": NaN,
        "Reconciled Depreciation": NaN,
        "Reconciled Cost Of Revenue": NaN,
        "EBITDA": NaN,
        "EBIT": NaN,
        "Net Interest Income": NaN,
        "Interest Expense": 9318.0,
        "Normalized Income": NaN,
        "Net Income From Continuing And Discontinued Operation": NaN,
        "Total Expenses": NaN,
        "Total Operating Income As Reported": NaN,
        "Diluted Average Shares": 9712756.0,
        "Basic Average Shares": 9630739.0,
        "Diluted EPS": 0.06,
        "Basic EPS": 0.06,
        "Diluted NI Availto Com Stockholders": NaN,
        "Net Income Common Stockholders": NaN,
        "Net Income": NaN,
        "Net Income Including Noncontrolling Interests": NaN,
        "Net Income Continuous Operations": NaN,
        "Tax Provision": NaN,
        "Pretax Income": NaN,
        "Other Income Expense": NaN,
        "Special Income Charges": 0.0,
        "Other Special Charges": NaN,
        "Gain On Sale Of Security": NaN,
        "Net Non Operating Interest Income Expense": NaN,
        "Total Other Finance Cost": 9318.0,
        "Interest Expense Non Operating": 9318.0,
        "Operating Income": NaN,
        "Operating Expense": NaN,
        "Research And Development": NaN,
        "Selling General And Administration": NaN,
        "Gross Profit": NaN,
        "Cost Of Revenue": NaN,
        "Total Revenue": NaN,
        "Operating Revenue": NaN
    },
    "2022-06-30": {
        "Tax Effect Of Unusual Items": 0.0,
        "Tax Rate For Calcs": 0.0,
        "Normalized EBITDA": -118782.0,
        "Total Unusual Items": 0.0,
        "Total Unusual Items Excluding Goodwill": 0.0,
        "Net Income From Continuing Operation Net Minority Interest": -369540.0,
        "Reconciled Depreciation": 241120.0,
        "Reconciled Cost Of Revenue": 2546323.0,
        "EBITDA": -118782.0,
        "EBIT": -359902.0,
        "Net Interest Income": -9638.0,
        "Interest Expense": 9638.0,
        "Normalized Income": -369540.0,
        "Net Income From Continuing And Discontinued Operation": -369540.0,
        "Total Expenses": 4943944.0,
        "Total Operating Income As Reported": -359902.0,
        "Diluted Average Shares": 9589668.0,
        "Basic Average Shares": 9589668.0,
        "Diluted EPS": -0.04,
        "Basic EPS": -0.04,
        "Diluted NI Availto Com Stockholders": -369540.0,
        "Net Income Common Stockholders": -369540.0,
        "Net Income": -369540.0,
        "Net Income Including Noncontrolling Interests": -369540.0,
        "Net Income Continuous Operations": -369540.0,
        "Tax Provision": 0.0,
        "Pretax Income": -369540.0,
        "Other Income Expense": NaN,
        "Special Income Charges": 0.0,
        "Gain On Sale Of Security": NaN,
        "Net Non Operating Interest Income Expense": -9638.0,
        "Total Other Finance Cost": NaN,
        "Interest Expense Non Operating": 9638.0,
        "Operating Income": -359902.0,
        "Operating Expense": 2397621.0,
        "Research And Development": 175836.0,
        "Selling General And Administration": 2221785.0,
        "Gross Profit": 2037719.0,
        "Cost Of Revenue": 2546323.0,
        "Total Revenue": 4584042.0,
        "Operating Revenue": 4584042.0
    },
    "2022-03-31": {
        "Diluted EPS": 0.0,
        "Total Revenue": 5,
        "Gross Profit": 2,
        "Operating Income": 0,
        "EBIT": 0,
        "Net Income": 0
    },
    "2021-12-31": {
        "Diluted EPS": -0.26,
        "Total Revenue": 3,
        "Gross Profit": 1,
        "Operating Income": -3,
        "EBIT": -3,
        "Net Income": -3
    },
    "2021-09-30": {
        "Diluted EPS": -0.06,
        "Total Revenue": 1,
        "Gross Profit": 0,
        "Operating Income": -1,
        "EBIT": 0,
        "Net Income": -1
    },
    "2021-06-30": {
        "Diluted EPS": -0.05,
        "Total Revenue": 1,
        "Gross Profit": 0,
        "Operating Income": -1,
        "EBIT": -1,
        "Net Income": 0
    },
    "2021-03-31": {
        "Diluted EPS": -0.16,
        "Total Revenue": 0,
        "Gross Profit": 0,
        "Operating Income": -1,
        "EBIT": -1,
        "Net Income": -1
    },
    "2020-12-31": {
        "Diluted EPS": -0.14,
        "Total Revenue": 1,
        "Gross Profit": 0,
        "Operating Income": 0,
        "EBIT": 0,
        "Net Income": 0
    },
    "2020-09-30": {
        "Diluted EPS": 0.0,
        "Total Revenue": 1,
        "Gross Profit": 1,
        "Operating Income": 0,
        "EBIT": 0,
        "Net Income": 0
    },
    "2020-06-30": {
        "Diluted EPS": -0.1,
        "Total Revenue": 1,
        "Gross Profit": 0,
        "Operating Income": 0,
        "EBIT": 0,
        "Net Income": 0
    },
    "2020-03-31": {
        "Diluted EPS": -0.13,
        "Total Revenue": 1,
        "Gross Profit": 0,
        "Operating Income": 0,
        "EBIT": 0,
        "Net Income": 0
    },
    "2019-12-31": {
        "Diluted EPS": 0.0,
        "Total Revenue": NaN,
        "Gross Profit": NaN,
        "Operating Income": NaN,
        "EBIT": NaN,
        "Net Income": NaN
    },
    "2023-06-30": {
        "Tax Effect Of Unusual Items": 0.0,
        "Tax Rate For Calcs": 0.0,
        "Normalized EBITDA": -140812.0,
        "Total Unusual Items": 28035.0,
        "Total Unusual Items Excluding Goodwill": 28035.0,
        "Net Income From Continuing Operation Net Minority Interest": -472761.0,
        "Reconciled Depreciation": 395333.0,
        "Reconciled Cost Of Revenue": 2152022.0,
        "EBITDA": -112777.0,
        "EBIT": -508110.0,
        "Net Interest Income": 7314.0,
        "Interest Expense": NaN,
        "Normalized Income": -500796.0,
        "Net Income From Continuing And Discontinued Operation": -472761.0,
        "Total Expenses": 4581341.0,
        "Total Operating Income As Reported": -508110.0,
        "Diluted Average Shares": 9638252.0,
        "Basic Average Shares": 9638252.0,
        "Diluted EPS": -0.05,
        "Basic EPS": -0.05,
        "Diluted NI Availto Com Stockholders": -472761.0,
        "Net Income Common Stockholders": -472761.0,
        "Net Income": -472761.0,
        "Net Income Including Noncontrolling Interests": -472761.0,
        "Net Income Continuous Operations": -472761.0,
        "Tax Provision": 0.0,
        "Pretax Income": -472761.0,
        "Other Income Expense": 28035.0,
        "Special Income Charges": NaN,
        "Other Special Charges": NaN,
        "Gain On Sale Of Security": 28035.0,
        "Net Non Operating Interest Income Expense": 7314.0,
        "Total Other Finance Cost": -7314.0,
        "Interest Expense Non Operating": NaN,
        "Operating Income": -508110.0,
        "Operating Expense": 2429319.0,
        "Research And Development": 697905.0,
        "Selling General And Administration": 1731414.0,
        "Gross Profit": 1921209.0,
        "Cost Of Revenue": 2152022.0,
        "Total Revenue": 4073231.0,
        "Operating Revenue": 4073231.0
    },
    "2023-09-30": {
        "Tax Effect Of Unusual Items": 0.0,
        "Tax Rate For Calcs": 0.0,
        "Normalized EBITDA": -967529.0,
        "Total Unusual Items": 40285.0,
        "Total Unusual Items Excluding Goodwill": 40285.0,
        "Net Income From Continuing Operation Net Minority Interest": -887709.0,
        "Reconciled Depreciation": -150362.0,
        "Reconciled Cost Of Revenue": 1904388.0,
        "EBITDA": -927244.0,
        "EBIT": -927244.0,
        "Net Interest Income": -750.0,
        "Interest Expense": NaN,
        "Normalized Income": -927994.0,
        "Net Income From Continuing And Discontinued Operation": -887709.0,
        "Total Expenses": 4314413.0,
        "Total Operating Income As Reported": -927244.0,
        "Diluted Average Shares": 9662003.0,
        "Basic Average Shares": 9662003.0,
        "Diluted EPS": -0.09,
        "Basic EPS": -0.09,
        "Diluted NI Availto Com Stockholders": -887709.0,
        "Net Income Common Stockholders": -887709.0,
        "Net Income": -887709.0,
        "Net Income Including Noncontrolling Interests": -887709.0,
        "Net Income Continuous Operations": -887709.0,
        "Tax Provision": 0.0,
        "Pretax Income": -887709.0,
        "Other Income Expense": 40285.0,
        "Special Income Charges": NaN,
        "Other Special Charges": NaN,
        "Gain On Sale Of Security": 40285.0,
        "Net Non Operating Interest Income Expense": -750.0,
        "Total Other Finance Cost": 750.0,
        "Interest Expense Non Operating": NaN,
        "Operating Income": -927244.0,
        "Operating Expense": 2410025.0,
        "Research And Development": 425573.0,
        "Selling General And Administration": 1984452.0,
        "Gross Profit": 1482781.0,
        "Cost Of Revenue": 1904388.0,
        "Total Revenue": 3387169.0,
        "Operating Revenue": 3387169.0
    },
    "2024-03-31": {
        "Tax Effect Of Unusual Items": 0.0,
        "Tax Rate For Calcs": 0.0,
        "Normalized EBITDA": 1924197.0,
        "Total Unusual Items": -3222946.0,
        "Total Unusual Items Excluding Goodwill": -3222946.0,
        "Net Income From Continuing Operation Net Minority Interest": -4655161.0,
        "Reconciled Depreciation": 129123.0,
        "Reconciled Cost Of Revenue": 1410701.0,
        "EBITDA": -1298749.0,
        "EBIT": -1427872.0,
        "Net Interest Income": -4343.0,
        "Interest Expense": NaN,
        "Normalized Income": -1432215.0,
        "Net Income From Continuing And Discontinued Operation": -4655161.0,
        "Total Expenses": 3721203.0,
        "Total Operating Income As Reported": -1427872.0,
        "Diluted Average Shares": 9715712.0,
        "Basic Average Shares": 9715712.0,
        "Diluted EPS": -0.48,
        "Basic EPS": -0.48,
        "Diluted NI Availto Com Stockholders": -4655161.0,
        "Net Income Common Stockholders": -4655161.0,
        "Net Income": -4655161.0,
        "Net Income Including Noncontrolling Interests": -4655161.0,
        "Net Income Continuous Operations": -4655161.0,
        "Tax Provision": 0.0,
        "Pretax Income": -4655161.0,
        "Other Income Expense": -3222946.0,
        "Special Income Charges": -3248911.0,
        "Other Special Charges": 3248911.0,
        "Gain On Sale Of Security": 25965.0,
        "Net Non Operating Interest Income Expense": -4343.0,
        "Total Other Finance Cost": 4343.0,
        "Interest Expense Non Operating": NaN,
        "Operating Income": -1427872.0,
        "Operating Expense": 2310502.0,
        "Research And Development": 276755.0,
        "Selling General And Administration": 2033747.0,
        "Gross Profit": 882630.0,
        "Cost Of Revenue": 1410701.0,
        "Total Revenue": 2293331.0,
        "Operating Revenue": 2293331.0
    }
}