{
    "2023-03-31": {
        "Tax Effect Of Unusual Items": NaN,
        "Tax Rate For Calcs": NaN,
        "Normalized EBITDA": NaN,
        "Total Unusual Items": NaN,
        "Total Unusual Items Excluding Goodwill": NaN,
        "Net Income From Continuing Operation Net Minority Interest": NaN,
        "Reconciled Depreciation": NaN,
        "Reconciled Cost Of Revenue": NaN,
        "EBITDA": NaN,
        "EBIT": NaN,
        "Net Interest Income": NaN,
        "Interest Expense": NaN,
        "Interest Income": NaN,
        "Normalized Income": NaN,
        "Net Income From Continuing And Discontinued Operation": NaN,
        "Total Expenses": NaN,
        "Diluted Average Shares": 24655400.0,
        "Basic Average Shares": 23421300.0,
        "Diluted EPS": 1.46,
        "Basic EPS": 1.53,
        "Diluted NI Availto Com Stockholders": NaN,
        "Net Income Common Stockholders": NaN,
        "Net Income": NaN,
        "Minority Interests": NaN,
        "Net Income Including Noncontrolling Interests": NaN,
        "Net Income Continuous Operations": NaN,
        "Tax Provision": NaN,
        "Pretax Income": NaN,
        "Other Income Expense": NaN,
        "Other Non Operating Income Expenses": NaN,
        "Earnings From Equity Interest": NaN,
        "Gain On Sale Of Security": NaN,
        "Net Non Operating Interest Income Expense": NaN,
        "Interest Expense Non Operating": NaN,
        "Interest Income Non Operating": NaN,
        "Operating Income": NaN,
        "Operating Expense": NaN,
        "Depreciation Amortization Depletion Income Statement": NaN,
        "Depreciation And Amortization In Income Statement": NaN,
        "Selling General And Administration": NaN,
        "Gross Profit": NaN,
        "Cost Of Revenue": NaN,
        "Total Revenue": NaN,
        "Operating Revenue": NaN
    },
    "2022-12-31": {
        "Tax Effect Of Unusual Items": NaN,
        "Tax Rate For Calcs": NaN,
        "Normalized EBITDA": NaN,
        "Total Unusual Items": NaN,
        "Total Unusual Items Excluding Goodwill": NaN,
        "Net Income From Continuing Operation Net Minority Interest": NaN,
        "Reconciled Depreciation": NaN,
        "Reconciled Cost Of Revenue": NaN,
        "EBITDA": NaN,
        "EBIT": NaN,
        "Net Interest Income": NaN,
        "Interest Expense": NaN,
        "Interest Income": NaN,
        "Normalized Income": NaN,
        "Net Income From Continuing And Discontinued Operation": NaN,
        "Total Expenses": NaN,
        "Diluted Average Shares": 24731600.0,
        "Basic Average Shares": 23489000.0,
        "Diluted EPS": 1.35,
        "Basic EPS": 1.43,
        "Diluted NI Availto Com Stockholders": NaN,
        "Net Income Common Stockholders": NaN,
        "Net Income": NaN,
        "Minority Interests": NaN,
        "Net Income Including Noncontrolling Interests": NaN,
        "Net Income Continuous Operations": NaN,
        "Tax Provision": NaN,
        "Pretax Income": NaN,
        "Other Income Expense": NaN,
        "Other Non Operating Income Expenses": NaN,
        "Earnings From Equity Interest": NaN,
        "Gain On Sale Of Security": NaN,
        "Net Non Operating Interest Income Expense": NaN,
        "Interest Expense Non Operating": NaN,
        "Interest Income Non Operating": NaN,
        "Operating Income": NaN,
        "Operating Expense": NaN,
        "Depreciation Amortization Depletion Income Statement": NaN,
        "Depreciation And Amortization In Income Statement": NaN,
        "Selling General And Administration": NaN,
        "Gross Profit": NaN,
        "Cost Of Revenue": NaN,
        "Total Revenue": NaN,
        "Operating Revenue": NaN
    },
    "2022-09-30": {
        "Tax Effect Of Unusual Items": 47080.0,
        "Tax Rate For Calcs": 0.22,
        "Normalized EBITDA": 67108000.0,
        "Total Unusual Items": 214000.0,
        "Total Unusual Items Excluding Goodwill": 214000.0,
        "Net Income From Continuing Operation Net Minority Interest": 45125000.0,
        "Reconciled Depreciation": 3184000.0,
        "Reconciled Cost Of Revenue": 1823759000.0,
        "EBITDA": 67322000.0,
        "EBIT": 64138000.0,
        "Net Interest Income": -1034000.0,
        "Interest Expense": 6130000.0,
        "Interest Income": 5096000.0,
        "Normalized Income": 44958080.0,
        "Net Income From Continuing And Discontinued Operation": 45125000.0,
        "Total Expenses": 1844727000.0,
        "Diluted Average Shares": 24685200.0,
        "Basic Average Shares": 23396400.0,
        "Diluted EPS": 1.83,
        "Basic EPS": 1.93,
        "Diluted NI Availto Com Stockholders": 45125000.0,
        "Net Income Common Stockholders": 45125000.0,
        "Net Income": 45125000.0,
        "Minority Interests": -112000.0,
        "Net Income Including Noncontrolling Interests": 45237000.0,
        "Net Income Continuous Operations": 45237000.0,
        "Tax Provision": 12771000.0,
        "Pretax Income": 58008000.0,
        "Other Income Expense": 3418000.0,
        "Other Non Operating Income Expenses": 527000.0,
        "Earnings From Equity Interest": 2677000.0,
        "Gain On Sale Of Security": 214000.0,
        "Net Non Operating Interest Income Expense": -1034000.0,
        "Interest Expense Non Operating": 6130000.0,
        "Interest Income Non Operating": 5096000.0,
        "Operating Income": 55624000.0,
        "Operating Expense": 20968000.0,
        "Depreciation Amortization Depletion Income Statement": 3184000.0,
        "Depreciation And Amortization In Income Statement": 3184000.0,
        "Selling General And Administration": 17784000.0,
        "Gross Profit": 76592000.0,
        "Cost Of Revenue": 1823759000.0,
        "Total Revenue": 1900351000.0,
        "Operating Revenue": 1900351000.0
    },
    "2022-06-30": {
        "Tax Effect Of Unusual Items": 6088.575014,
        "Tax Rate For Calcs": 0.202953,
        "Normalized EBITDA": 55899000.0,
        "Total Unusual Items": 30000.0,
        "Total Unusual Items Excluding Goodwill": 30000.0,
        "Net Income From Continuing Operation Net Minority Interest": 37336000.0,
        "Reconciled Depreciation": 3223000.0,
        "Reconciled Cost Of Revenue": 2022054000.0,
        "EBITDA": 55929000.0,
        "EBIT": 52706000.0,
        "Net Interest Income": -20000.0,
        "Interest Expense": 5695000.0,
        "Interest Income": 5675000.0,
        "Normalized Income": 37312088.575014,
        "Net Income From Continuing And Discontinued Operation": 37336000.0,
        "Total Expenses": 2046011000.0,
        "Diluted Average Shares": 24492400.0,
        "Basic Average Shares": 23084000.0,
        "Diluted EPS": 1.53,
        "Basic EPS": 1.62,
        "Diluted NI Availto Com Stockholders": 37336000.0,
        "Net Income Common Stockholders": 37336000.0,
        "Net Income": 37336000.0,
        "Minority Interests": -134000.0,
        "Net Income Including Noncontrolling Interests": 37470000.0,
        "Net Income Continuous Operations": 37470000.0,
        "Tax Provision": 9541000.0,
        "Pretax Income": 47011000.0,
        "Other Income Expense": 3238000.0,
        "Other Non Operating Income Expenses": 618000.0,
        "Earnings From Equity Interest": 2590000.0,
        "Gain On Sale Of Security": 30000.0,
        "Net Non Operating Interest Income Expense": -20000.0,
        "Interest Expense Non Operating": 5695000.0,
        "Interest Income Non Operating": 5675000.0,
        "Operating Income": 43793000.0,
        "Operating Expense": 23957000.0,
        "Depreciation Amortization Depletion Income Statement": 3223000.0,
        "Depreciation And Amortization In Income Statement": 3223000.0,
        "Selling General And Administration": 20734000.0,
        "Gross Profit": 67750000.0,
        "Cost Of Revenue": 2022054000.0,
        "Total Revenue": 2089804000.0,
        "Operating Revenue": 2089804000.0
    },
    "2022-03-31": {
        "Diluted EPS": 1.53,
        "Total Revenue": NaN,
        "Gross Profit": 72,
        "Operating Income": 44,
        "EBIT": 52,
        "Net Income": 37
    },
    "2021-12-31": {
        "Diluted EPS": 1.3,
        "Total Revenue": NaN,
        "Gross Profit": 66,
        "Operating Income": 39,
        "EBIT": 48,
        "Net Income": 32
    },
    "2021-09-30": {
        "Diluted EPS": 1.08,
        "Total Revenue": NaN,
        "Gross Profit": 56,
        "Operating Income": 31,
        "EBIT": 40,
        "Net Income": 26
    },
    "2021-06-30": {
        "Diluted EPS": 2.36,
        "Total Revenue": NaN,
        "Gross Profit": 87,
        "Operating Income": 62,
        "EBIT": 71,
        "Net Income": 51
    },
    "2021-03-31": {
        "Diluted EPS": 4.42,
        "Total Revenue": NaN,
        "Gross Profit": 68,
        "Operating Income": 80,
        "EBIT": 82,
        "Net Income": 77
    },
    "2020-12-31": {
        "Diluted EPS": 0.58,
        "Total Revenue": NaN,
        "Gross Profit": 19,
        "Operating Income": 10,
        "EBIT": 11,
        "Net Income": 9
    },
    "2020-09-30": {
        "Diluted EPS": 1.55,
        "Total Revenue": NaN,
        "Gross Profit": 36,
        "Operating Income": 26,
        "EBIT": 27,
        "Net Income": 23
    },
    "2020-06-30": {
        "Diluted EPS": 1.26,
        "Total Revenue": NaN,
        "Gross Profit": 28,
        "Operating Income": 18,
        "EBIT": 19,
        "Net Income": 18
    },
    "2020-03-31": {
        "Diluted EPS": 0.81,
        "Total Revenue": NaN,
        "Gross Profit": 22,
        "Operating Income": 12,
        "EBIT": 13,
        "Net Income": 11
    },
    "2019-12-31": {
        "Diluted EPS": 0.09,
        "Total Revenue": NaN,
        "Gross Profit": 8,
        "Operating Income": 0,
        "EBIT": 1,
        "Net Income": 1
    },
    "2019-09-30": {
        "Diluted EPS": 0.01,
        "Total Revenue": NaN,
        "Gross Profit": 8,
        "Operating Income": 0,
        "EBIT": 1,
        "Net Income": 0
    },
    "2019-06-30": {
        "Diluted EPS": -0.06,
        "Total Revenue": 850,
        "Gross Profit": 6,
        "Operating Income": -2,
        "EBIT": -1,
        "Net Income": -1
    },
    "2019-03-31": {
        "Diluted EPS": 0.07,
        "Total Revenue": NaN,
        "Gross Profit": 9,
        "Operating Income": 0,
        "EBIT": 1,
        "Net Income": 1
    },
    "2018-12-31": {
        "Diluted EPS": 0.04,
        "Total Revenue": NaN,
        "Gross Profit": 8,
        "Operating Income": 0,
        "EBIT": 1,
        "Net Income": 1
    },
    "2018-09-30": {
        "Diluted EPS": 0.11,
        "Total Revenue": NaN,
        "Gross Profit": 8,
        "Operating Income": 1,
        "EBIT": 2,
        "Net Income": 1
    },
    "2018-06-30": {
        "Diluted EPS": -0.22,
        "Total Revenue": NaN,
        "Gross Profit": 6,
        "Operating Income": -5,
        "EBIT": -1,
        "Net Income": -3
    },
    "2018-03-31": {
        "Diluted EPS": -0.05,
        "Total Revenue": NaN,
        "Gross Profit": 7,
        "Operating Income": -2,
        "EBIT": -1,
        "Net Income": -1
    },
    "2017-12-31": {
        "Diluted EPS": -0.02,
        "Total Revenue": NaN,
        "Gross Profit": 9,
        "Operating Income": 0,
        "EBIT": 1,
        "Net Income": 0
    },
    "2017-09-30": {
        "Diluted EPS": 0.04,
        "Total Revenue": NaN,
        "Gross Profit": 7,
        "Operating Income": 0,
        "EBIT": 1,
        "Net Income": 0
    },
    "2017-06-30": {
        "Diluted EPS": 0.09,
        "Total Revenue": NaN,
        "Gross Profit": 6,
        "Operating Income": 1,
        "EBIT": 1,
        "Net Income": 1
    },
    "2017-03-31": {
        "Diluted EPS": 0.08,
        "Total Revenue": NaN,
        "Gross Profit": 7,
        "Operating Income": 1,
        "EBIT": 2,
        "Net Income": 1
    },
    "2016-12-31": {
        "Diluted EPS": 0.2,
        "Total Revenue": NaN,
        "Gross Profit": 10,
        "Operating Income": 4,
        "EBIT": 4,
        "Net Income": 3
    },
    "2016-09-30": {
        "Diluted EPS": 0.14,
        "Total Revenue": NaN,
        "Gross Profit": 8,
        "Operating Income": 2,
        "EBIT": 3,
        "Net Income": 2
    },
    "2016-06-30": {
        "Diluted EPS": 0.07,
        "Total Revenue": NaN,
        "Gross Profit": 8,
        "Operating Income": 2,
        "EBIT": 2,
        "Net Income": 1
    },
    "2016-03-31": {
        "Diluted EPS": 0.09,
        "Total Revenue": NaN,
        "Gross Profit": 7,
        "Operating Income": 1,
        "EBIT": 2,
        "Net Income": 1
    },
    "2015-12-31": {
        "Diluted EPS": 0.1,
        "Total Revenue": NaN,
        "Gross Profit": 6,
        "Operating Income": 1,
        "EBIT": 1,
        "Net Income": 1
    },
    "2015-09-30": {
        "Diluted EPS": 0.4,
        "Total Revenue": NaN,
        "Gross Profit": 14,
        "Operating Income": 8,
        "EBIT": 8,
        "Net Income": 6
    },
    "2015-06-30": {
        "Diluted EPS": 0.18,
        "Total Revenue": NaN,
        "Gross Profit": 6,
        "Operating Income": 2,
        "EBIT": 2,
        "Net Income": 3
    },
    "2015-03-31": {
        "Diluted EPS": 0.12,
        "Total Revenue": NaN,
        "Gross Profit": 6,
        "Operating Income": 2,
        "EBIT": 2,
        "Net Income": 2
    },
    "2014-12-31": {
        "Diluted EPS": 0.12,
        "Total Revenue": NaN,
        "Gross Profit": 7,
        "Operating Income": 2,
        "EBIT": 3,
        "Net Income": 2
    },
    "2014-09-30": {
        "Diluted EPS": 0.08,
        "Total Revenue": NaN,
        "Gross Profit": 6,
        "Operating Income": 2,
        "EBIT": 2,
        "Net Income": 1
    },
    "2014-06-30": {
        "Diluted EPS": 0.11,
        "Total Revenue": NaN,
        "Gross Profit": 5,
        "Operating Income": 2,
        "EBIT": 2,
        "Net Income": 2
    },
    "2014-03-31": {
        "Diluted EPS": 0.14,
        "Total Revenue": NaN,
        "Gross Profit": 8,
        "Operating Income": 3,
        "EBIT": 3,
        "Net Income": 2
    },
    "2013-12-31": {
        "Diluted EPS": 0.15,
        "Total Revenue": NaN,
        "Gross Profit": 8,
        "Operating Income": 3,
        "EBIT": 4,
        "Net Income": 2
    },
    "2013-09-30": {
        "Diluted EPS": 0.15,
        "Total Revenue": NaN,
        "Gross Profit": 7,
        "Operating Income": 3,
        "EBIT": 4,
        "Net Income": 2
    },
    "2013-06-30": {
        "Diluted EPS": 0.0,
        "Total Revenue": NaN,
        "Gross Profit": NaN,
        "Operating Income": NaN,
        "EBIT": NaN,
        "Net Income": NaN
    },
    "2013-03-31": {
        "Diluted EPS": 0.17,
        "Total Revenue": NaN,
        "Gross Profit": 8,
        "Operating Income": 4,
        "EBIT": 4,
        "Net Income": 3
    },
    "2012-12-31": {
        "Diluted EPS": 0.16,
        "Total Revenue": NaN,
        "Gross Profit": 6,
        "Operating Income": 3,
        "EBIT": 3,
        "Net Income": 2
    },
    "2012-06-30": {
        "Diluted EPS": 0.0,
        "Total Revenue": NaN,
        "Gross Profit": NaN,
        "Operating Income": NaN,
        "EBIT": NaN,
        "Net Income": NaN
    },
    "2023-06-30": {
        "Tax Effect Of Unusual Items": 29504.285054,
        "Tax Rate For Calcs": 0.254347,
        "Normalized EBITDA": 67792000.0,
        "Total Unusual Items": 116000.0,
        "Total Unusual Items Excluding Goodwill": 116000.0,
        "Net Income From Continuing Operation Net Minority Interest": 41834000.0,
        "Reconciled Depreciation": 2741000.0,
        "Reconciled Cost Of Revenue": 3040745000.0,
        "EBITDA": 67908000.0,
        "EBIT": 65167000.0,
        "Net Interest Income": -2861000.0,
        "Interest Expense": 8925000.0,
        "Interest Income": 6064000.0,
        "Normalized Income": 41747504.285054,
        "Net Income From Continuing And Discontinued Operation": 41834000.0,
        "Total Expenses": 3066330000.0,
        "Diluted Average Shares": NaN,
        "Basic Average Shares": NaN,
        "Diluted EPS": NaN,
        "Basic EPS": NaN,
        "Diluted NI Availto Com Stockholders": 41834000.0,
        "Net Income Common Stockholders": 41834000.0,
        "Net Income": 41834000.0,
        "Minority Interests": -103000.0,
        "Net Income Including Noncontrolling Interests": 41937000.0,
        "Net Income Continuous Operations": 41937000.0,
        "Tax Provision": 14305000.0,
        "Pretax Income": 56242000.0,
        "Other Income Expense": 6078000.0,
        "Other Non Operating Income Expenses": 662000.0,
        "Earnings From Equity Interest": 5300000.0,
        "Gain On Sale Of Security": 116000.0,
        "Net Non Operating Interest Income Expense": -2861000.0,
        "Interest Expense Non Operating": 8925000.0,
        "Interest Income Non Operating": 6064000.0,
        "Operating Income": 53025000.0,
        "Operating Expense": 25585000.0,
        "Depreciation Amortization Depletion Income Statement": 2741000.0,
        "Depreciation And Amortization In Income Statement": 2741000.0,
        "Selling General And Administration": 22844000.0,
        "Gross Profit": 78610000.0,
        "Cost Of Revenue": 3040745000.0,
        "Total Revenue": 3119355000.0,
        "Operating Revenue": 3119355000.0
    },
    "2023-09-30": {
        "Tax Effect Of Unusual Items": -19458.0,
        "Tax Rate For Calcs": 0.207,
        "Normalized EBITDA": 36644000.0,
        "Total Unusual Items": -94000.0,
        "Total Unusual Items Excluding Goodwill": -94000.0,
        "Net Income From Continuing Operation Net Minority Interest": 18827000.0,
        "Reconciled Depreciation": 2792000.0,
        "Reconciled Cost Of Revenue": 2435213000.0,
        "EBITDA": 36550000.0,
        "EBIT": 33758000.0,
        "Net Interest Income": -3721000.0,
        "Interest Expense": 9823000.0,
        "Interest Income": 6102000.0,
        "Normalized Income": 18901542.0,
        "Net Income From Continuing And Discontinued Operation": 18827000.0,
        "Total Expenses": 2459850000.0,
        "Diluted Average Shares": 24532600.0,
        "Basic Average Shares": 23364700.0,
        "Diluted EPS": 0.77,
        "Basic EPS": 0.81,
        "Diluted NI Availto Com Stockholders": 18827000.0,
        "Net Income Common Stockholders": 18827000.0,
        "Net Income": 18827000.0,
        "Minority Interests": -156000.0,
        "Net Income Including Noncontrolling Interests": 18983000.0,
        "Net Income Continuous Operations": 18983000.0,
        "Tax Provision": 4952000.0,
        "Pretax Income": 23935000.0,
        "Other Income Expense": 2888000.0,
        "Other Non Operating Income Expenses": 273000.0,
        "Earnings From Equity Interest": 2709000.0,
        "Gain On Sale Of Security": -94000.0,
        "Net Non Operating Interest Income Expense": -3721000.0,
        "Interest Expense Non Operating": 9823000.0,
        "Interest Income Non Operating": 6102000.0,
        "Operating Income": 24768000.0,
        "Operating Expense": 24637000.0,
        "Depreciation Amortization Depletion Income Statement": 2792000.0,
        "Depreciation And Amortization In Income Statement": 2792000.0,
        "Selling General And Administration": 21845000.0,
        "Gross Profit": 49405000.0,
        "Cost Of Revenue": 2435213000.0,
        "Total Revenue": 2484618000.0,
        "Operating Revenue": 2484618000.0
    },
    "2023-12-31": {
        "Tax Effect Of Unusual Items": 25410.0,
        "Tax Rate For Calcs": 0.242,
        "Normalized EBITDA": 31302000.0,
        "Total Unusual Items": 105000.0,
        "Total Unusual Items Excluding Goodwill": 105000.0,
        "Net Income From Continuing Operation Net Minority Interest": 13766000.0,
        "Reconciled Depreciation": 2811000.0,
        "Reconciled Cost Of Revenue": 2032774000.0,
        "EBITDA": 31407000.0,
        "EBIT": 28596000.0,
        "Net Interest Income": -3857000.0,
        "Interest Expense": 10168000.0,
        "Interest Income": 6311000.0,
        "Normalized Income": 13686410.0,
        "Net Income From Continuing And Discontinued Operation": 13766000.0,
        "Total Expenses": 2057981000.0,
        "Diluted Average Shares": 24063500.0,
        "Basic Average Shares": 23079500.0,
        "Diluted EPS": 0.57,
        "Basic EPS": 0.6,
        "Diluted NI Availto Com Stockholders": 13766000.0,
        "Net Income Common Stockholders": 13766000.0,
        "Net Income": 13766000.0,
        "Minority Interests": -195000.0,
        "Net Income Including Noncontrolling Interests": 13961000.0,
        "Net Income Continuous Operations": 13961000.0,
        "Tax Provision": 4467000.0,
        "Pretax Income": 18428000.0,
        "Other Income Expense": 1451000.0,
        "Other Non Operating Income Expenses": 569000.0,
        "Earnings From Equity Interest": 777000.0,
        "Gain On Sale Of Security": 105000.0,
        "Net Non Operating Interest Income Expense": -3857000.0,
        "Interest Expense Non Operating": 10168000.0,
        "Interest Income Non Operating": 6311000.0,
        "Operating Income": 20834000.0,
        "Operating Expense": 25207000.0,
        "Depreciation Amortization Depletion Income Statement": 2811000.0,
        "Depreciation And Amortization In Income Statement": 2811000.0,
        "Selling General And Administration": 22396000.0,
        "Gross Profit": 46041000.0,
        "Cost Of Revenue": 2032774000.0,
        "Total Revenue": 2078815000.0,
        "Operating Revenue": 2078815000.0
    },
    "2024-03-31": {
        "Tax Effect Of Unusual Items": 14600.0,
        "Tax Rate For Calcs": 0.2,
        "Normalized EBITDA": 19223000.0,
        "Total Unusual Items": 73000.0,
        "Total Unusual Items Excluding Goodwill": 73000.0,
        "Net Income From Continuing Operation Net Minority Interest": 5013000.0,
        "Reconciled Depreciation": 2949000.0,
        "Reconciled Cost Of Revenue": 2575813000.0,
        "EBITDA": 19296000.0,
        "EBIT": 16347000.0,
        "Net Interest Income": -3225000.0,
        "Interest Expense": 9907000.0,
        "Interest Income": 6682000.0,
        "Normalized Income": 4954600.0,
        "Net Income From Continuing And Discontinued Operation": 5013000.0,
        "Total Expenses": 2601616000.0,
        "Diluted Average Shares": 23822800.0,
        "Basic Average Shares": 22847200.0,
        "Diluted EPS": 0.21,
        "Basic EPS": 0.22,
        "Diluted NI Availto Com Stockholders": 5013000.0,
        "Net Income Common Stockholders": 5013000.0,
        "Net Income": 5013000.0,
        "Minority Interests": -141000.0,
        "Net Income Including Noncontrolling Interests": 5154000.0,
        "Net Income Continuous Operations": 5154000.0,
        "Tax Provision": 1286000.0,
        "Pretax Income": 6440000.0,
        "Other Income Expense": 630000.0,
        "Other Non Operating Income Expenses": 763000.0,
        "Earnings From Equity Interest": -206000.0,
        "Gain On Sale Of Security": 73000.0,
        "Net Non Operating Interest Income Expense": -3225000.0,
        "Interest Expense Non Operating": 9907000.0,
        "Interest Income Non Operating": 6682000.0,
        "Operating Income": 9035000.0,
        "Operating Expense": 25803000.0,
        "Depreciation Amortization Depletion Income Statement": 2949000.0,
        "Depreciation And Amortization In Income Statement": 2949000.0,
        "Selling General And Administration": 22854000.0,
        "Gross Profit": 34838000.0,
        "Cost Of Revenue": 2575813000.0,
        "Total Revenue": 2610651000.0,
        "Operating Revenue": 2610651000.0
    },
    "2024-06-30": {
        "Tax Effect Of Unusual Items": 19237.674761,
        "Tax Rate For Calcs": 0.089478,
        "Normalized EBITDA": 46238000.0,
        "Total Unusual Items": 215000.0,
        "Total Unusual Items Excluding Goodwill": 215000.0,
        "Net Income From Continuing Operation Net Minority Interest": 30940000.0,
        "Reconciled Depreciation": 2845000.0,
        "Reconciled Cost Of Revenue": 2481984000.0,
        "EBITDA": 46453000.0,
        "EBIT": 43608000.0,
        "Net Interest Income": -1560000.0,
        "Interest Expense": 9633000.0,
        "Interest Income": 8073000.0,
        "Normalized Income": 30744237.674761,
        "Net Income From Continuing And Discontinued Operation": 30940000.0,
        "Total Expenses": 2507534000.0,
        "Diluted Average Shares": NaN,
        "Basic Average Shares": NaN,
        "Diluted EPS": NaN,
        "Basic EPS": NaN,
        "Diluted NI Availto Com Stockholders": 30940000.0,
        "Net Income Common Stockholders": 30940000.0,
        "Net Income": 30940000.0,
        "Minority Interests": 5000.0,
        "Net Income Including Noncontrolling Interests": 30935000.0,
        "Net Income Continuous Operations": 30935000.0,
        "Tax Provision": 3040000.0,
        "Pretax Income": 33975000.0,
        "Other Income Expense": 18114000.0,
        "Other Non Operating Income Expenses": 17135000.0,
        "Earnings From Equity Interest": 764000.0,
        "Gain On Sale Of Security": 215000.0,
        "Net Non Operating Interest Income Expense": -1560000.0,
        "Interest Expense Non Operating": 9633000.0,
        "Interest Income Non Operating": 8073000.0,
        "Operating Income": 17421000.0,
        "Operating Expense": 25550000.0,
        "Depreciation Amortization Depletion Income Statement": 2845000.0,
        "Depreciation And Amortization In Income Statement": 2845000.0,
        "Selling General And Administration": 22705000.0,
        "Gross Profit": 42971000.0,
        "Cost Of Revenue": 2481984000.0,
        "Total Revenue": 2524955000.0,
        "Operating Revenue": 2524955000.0
    }
}