{
    "2023-03-31": {
        "Tax Effect Of Unusual Items": NaN,
        "Tax Rate For Calcs": NaN,
        "Normalized EBITDA": NaN,
        "Net Income From Continuing Operation Net Minority Interest": NaN,
        "Reconciled Depreciation": NaN,
        "EBITDA": NaN,
        "EBIT": NaN,
        "Net Interest Income": NaN,
        "Interest Income": NaN,
        "Normalized Income": NaN,
        "Net Income From Continuing And Discontinued Operation": NaN,
        "Total Expenses": NaN,
        "Total Operating Income As Reported": NaN,
        "Diluted Average Shares": 2528845.0,
        "Basic Average Shares": 2528845.0,
        "Diluted EPS": -0.37,
        "Basic EPS": -0.37,
        "Diluted NI Availto Com Stockholders": NaN,
        "Net Income Common Stockholders": NaN,
        "Net Income": NaN,
        "Net Income Including Noncontrolling Interests": NaN,
        "Net Income Continuous Operations": NaN,
        "Pretax Income": NaN,
        "Other Income Expense": -816.0,
        "Other Non Operating Income Expenses": -816.0,
        "Net Non Operating Interest Income Expense": NaN,
        "Interest Income Non Operating": NaN,
        "Operating Income": NaN,
        "Operating Expense": NaN,
        "Research And Development": NaN,
        "Selling General And Administration": NaN,
        "Selling And Marketing Expense": NaN,
        "General And Administrative Expense": NaN,
        "Other Gand A": NaN,
        "Total Revenue": NaN,
        "Operating Revenue": NaN
    },
    "2022-12-31": {
        "Tax Effect Of Unusual Items": NaN,
        "Tax Rate For Calcs": NaN,
        "Normalized EBITDA": NaN,
        "Net Income From Continuing Operation Net Minority Interest": NaN,
        "Reconciled Depreciation": NaN,
        "EBITDA": NaN,
        "EBIT": NaN,
        "Net Interest Income": NaN,
        "Interest Expense": 0.0,
        "Interest Income": NaN,
        "Normalized Income": NaN,
        "Net Income From Continuing And Discontinued Operation": NaN,
        "Total Expenses": NaN,
        "Total Operating Income As Reported": NaN,
        "Diluted Average Shares": 2525464.0,
        "Basic Average Shares": 2525464.0,
        "Diluted EPS": -0.28,
        "Basic EPS": -0.28,
        "Diluted NI Availto Com Stockholders": NaN,
        "Net Income Common Stockholders": NaN,
        "Net Income": NaN,
        "Net Income Including Noncontrolling Interests": NaN,
        "Net Income Continuous Operations": NaN,
        "Pretax Income": NaN,
        "Other Income Expense": NaN,
        "Other Non Operating Income Expenses": NaN,
        "Net Non Operating Interest Income Expense": NaN,
        "Interest Expense Non Operating": 0.0,
        "Interest Income Non Operating": NaN,
        "Operating Income": NaN,
        "Operating Expense": NaN,
        "Research And Development": NaN,
        "Selling General And Administration": NaN,
        "Selling And Marketing Expense": NaN,
        "General And Administrative Expense": NaN,
        "Other Gand A": NaN,
        "Total Revenue": NaN,
        "Operating Revenue": NaN
    },
    "2022-09-30": {
        "Tax Effect Of Unusual Items": NaN,
        "Tax Rate For Calcs": NaN,
        "Normalized EBITDA": NaN,
        "Net Income From Continuing Operation Net Minority Interest": NaN,
        "Reconciled Depreciation": NaN,
        "EBITDA": NaN,
        "EBIT": NaN,
        "Net Interest Income": NaN,
        "Interest Expense": NaN,
        "Interest Income": NaN,
        "Normalized Income": NaN,
        "Net Income From Continuing And Discontinued Operation": NaN,
        "Total Expenses": NaN,
        "Total Operating Income As Reported": NaN,
        "Diluted Average Shares": NaN,
        "Basic Average Shares": NaN,
        "Diluted EPS": NaN,
        "Basic EPS": NaN,
        "Diluted NI Availto Com Stockholders": NaN,
        "Net Income Common Stockholders": NaN,
        "Net Income": NaN,
        "Net Income Including Noncontrolling Interests": NaN,
        "Net Income Continuous Operations": NaN,
        "Pretax Income": NaN,
        "Other Income Expense": -531.0,
        "Other Non Operating Income Expenses": -531.0,
        "Net Non Operating Interest Income Expense": NaN,
        "Interest Expense Non Operating": NaN,
        "Interest Income Non Operating": NaN,
        "Operating Income": NaN,
        "Operating Expense": NaN,
        "Research And Development": NaN,
        "Selling General And Administration": NaN,
        "Selling And Marketing Expense": NaN,
        "General And Administrative Expense": NaN,
        "Other Gand A": NaN,
        "Total Revenue": NaN,
        "Operating Revenue": NaN
    },
    "2022-06-30": {
        "Tax Effect Of Unusual Items": 0.0,
        "Tax Rate For Calcs": 0.0,
        "Normalized EBITDA": -1943956.0,
        "Net Income From Continuing Operation Net Minority Interest": -2143416.0,
        "Reconciled Depreciation": 193536.0,
        "EBITDA": -1943956.0,
        "EBIT": -2137492.0,
        "Net Interest Income": -5436.0,
        "Interest Expense": 5924.0,
        "Interest Income": 488.0,
        "Normalized Income": -2143416.0,
        "Net Income From Continuing And Discontinued Operation": -2143416.0,
        "Total Expenses": 2295598.0,
        "Total Operating Income As Reported": NaN,
        "Diluted Average Shares": 2300356.0,
        "Basic Average Shares": 2300356.0,
        "Diluted EPS": -0.88,
        "Basic EPS": -0.88,
        "Diluted NI Availto Com Stockholders": -2143416.0,
        "Net Income Common Stockholders": -2143416.0,
        "Net Income": -2143416.0,
        "Net Income Including Noncontrolling Interests": -2143416.0,
        "Net Income Continuous Operations": -2143416.0,
        "Pretax Income": -2143416.0,
        "Other Income Expense": NaN,
        "Other Non Operating Income Expenses": NaN,
        "Net Non Operating Interest Income Expense": -5436.0,
        "Interest Expense Non Operating": 5924.0,
        "Interest Income Non Operating": 488.0,
        "Operating Income": -2137980.0,
        "Operating Expense": 2295598.0,
        "Research And Development": 682885.0,
        "Selling General And Administration": 1612713.0,
        "Selling And Marketing Expense": 355751.0,
        "General And Administrative Expense": 1256962.0,
        "Other Gand A": 1256962.0,
        "Total Revenue": 157618.0,
        "Operating Revenue": 157618.0
    },
    "2022-03-31": {
        "Diluted EPS": -1.12,
        "Total Revenue": 0,
        "Gross Profit": 0,
        "Operating Income": -2,
        "EBIT": -2,
        "Net Income": -2
    },
    "2021-12-31": {
        "Diluted EPS": -1.32,
        "Total Revenue": 0,
        "Gross Profit": 0,
        "Operating Income": -2,
        "EBIT": -2,
        "Net Income": -2
    },
    "2021-09-30": {
        "Diluted EPS": -1.32,
        "Total Revenue": 0,
        "Gross Profit": 0,
        "Operating Income": -2,
        "EBIT": -2,
        "Net Income": -2
    },
    "2021-06-30": {
        "Diluted EPS": -0.72,
        "Total Revenue": 0,
        "Gross Profit": 0,
        "Operating Income": -2,
        "EBIT": -2,
        "Net Income": -2
    },
    "2021-03-31": {
        "Diluted EPS": -1.32,
        "Total Revenue": 0,
        "Gross Profit": 0,
        "Operating Income": -2,
        "EBIT": -2,
        "Net Income": -2
    },
    "2020-12-31": {
        "Diluted EPS": -1.32,
        "Total Revenue": 0,
        "Gross Profit": 0,
        "Operating Income": -2,
        "EBIT": -2,
        "Net Income": -2
    },
    "2020-09-30": {
        "Diluted EPS": -3.72,
        "Total Revenue": 0,
        "Gross Profit": 0,
        "Operating Income": -1,
        "EBIT": -1,
        "Net Income": -5
    },
    "2020-06-30": {
        "Diluted EPS": -0.84,
        "Total Revenue": 0,
        "Gross Profit": 0,
        "Operating Income": -1,
        "EBIT": -1,
        "Net Income": -1
    },
    "2020-03-31": {
        "Diluted EPS": -0.72,
        "Total Revenue": 0,
        "Gross Profit": 0,
        "Operating Income": -1,
        "EBIT": -1,
        "Net Income": -1
    },
    "2019-12-31": {
        "Diluted EPS": -0.84,
        "Total Revenue": 0,
        "Gross Profit": 0,
        "Operating Income": -1,
        "EBIT": -1,
        "Net Income": -1
    },
    "2019-09-30": {
        "Diluted EPS": -0.84,
        "Total Revenue": 0,
        "Gross Profit": 0,
        "Operating Income": -1,
        "EBIT": -1,
        "Net Income": -1
    },
    "2019-06-30": {
        "Diluted EPS": 0.0,
        "Total Revenue": NaN,
        "Gross Profit": NaN,
        "Operating Income": NaN,
        "EBIT": NaN,
        "Net Income": NaN
    },
    "2019-03-31": {
        "Diluted EPS": -0.84,
        "Total Revenue": 0,
        "Gross Profit": 0,
        "Operating Income": -1,
        "EBIT": -1,
        "Net Income": -1
    },
    "2023-06-30": {
        "Tax Effect Of Unusual Items": NaN,
        "Tax Rate For Calcs": NaN,
        "Normalized EBITDA": NaN,
        "Net Income From Continuing Operation Net Minority Interest": NaN,
        "Reconciled Depreciation": NaN,
        "EBITDA": NaN,
        "EBIT": NaN,
        "Net Interest Income": NaN,
        "Interest Income": NaN,
        "Normalized Income": NaN,
        "Net Income From Continuing And Discontinued Operation": NaN,
        "Total Expenses": NaN,
        "Total Operating Income As Reported": NaN,
        "Diluted Average Shares": NaN,
        "Basic Average Shares": NaN,
        "Diluted EPS": NaN,
        "Basic EPS": NaN,
        "Diluted NI Availto Com Stockholders": NaN,
        "Net Income Common Stockholders": NaN,
        "Net Income": NaN,
        "Net Income Including Noncontrolling Interests": NaN,
        "Net Income Continuous Operations": NaN,
        "Pretax Income": NaN,
        "Other Income Expense": -272.0,
        "Other Non Operating Income Expenses": -272.0,
        "Net Non Operating Interest Income Expense": NaN,
        "Interest Income Non Operating": NaN,
        "Operating Income": NaN,
        "Operating Expense": NaN,
        "Research And Development": NaN,
        "Selling General And Administration": NaN,
        "Selling And Marketing Expense": NaN,
        "General And Administrative Expense": NaN,
        "Other Gand A": NaN,
        "Total Revenue": NaN,
        "Operating Revenue": NaN
    },
    "2023-09-30": {
        "Tax Effect Of Unusual Items": 0.0,
        "Tax Rate For Calcs": 0.0,
        "Normalized EBITDA": -797632.0,
        "Net Income From Continuing Operation Net Minority Interest": -890693.0,
        "Reconciled Depreciation": 152358.0,
        "EBITDA": -797632.0,
        "EBIT": -949990.0,
        "Net Interest Income": 59297.0,
        "Interest Income": 59297.0,
        "Normalized Income": -890693.0,
        "Net Income From Continuing And Discontinued Operation": -890693.0,
        "Total Expenses": 1013323.0,
        "Total Operating Income As Reported": -949990.0,
        "Diluted Average Shares": 2542440.0,
        "Basic Average Shares": 2542440.0,
        "Diluted EPS": -0.35,
        "Basic EPS": -0.35,
        "Diluted NI Availto Com Stockholders": -890693.0,
        "Net Income Common Stockholders": -890693.0,
        "Net Income": -890693.0,
        "Net Income Including Noncontrolling Interests": -890693.0,
        "Net Income Continuous Operations": -890693.0,
        "Pretax Income": -890693.0,
        "Other Income Expense": NaN,
        "Other Non Operating Income Expenses": NaN,
        "Net Non Operating Interest Income Expense": 59297.0,
        "Interest Income Non Operating": 59297.0,
        "Operating Income": -949990.0,
        "Operating Expense": 1013323.0,
        "Research And Development": 333434.0,
        "Selling General And Administration": 679889.0,
        "Selling And Marketing Expense": 241627.0,
        "General And Administrative Expense": 438262.0,
        "Other Gand A": 438262.0,
        "Total Revenue": 63333.0,
        "Operating Revenue": 63333.0
    },
    "2023-12-31": {
        "Tax Effect Of Unusual Items": 0.0,
        "Tax Rate For Calcs": 0.0,
        "Normalized EBITDA": -816417.0,
        "Net Income From Continuing Operation Net Minority Interest": -905611.0,
        "Reconciled Depreciation": 139667.0,
        "EBITDA": -816417.0,
        "EBIT": -956084.0,
        "Net Interest Income": 50473.0,
        "Interest Income": 50473.0,
        "Normalized Income": -905611.0,
        "Net Income From Continuing And Discontinued Operation": -905611.0,
        "Total Expenses": 997527.0,
        "Total Operating Income As Reported": -956084.0,
        "Diluted Average Shares": 2542440.0,
        "Basic Average Shares": 2542440.0,
        "Diluted EPS": -0.36,
        "Basic EPS": -0.36,
        "Diluted NI Availto Com Stockholders": -905611.0,
        "Net Income Common Stockholders": -905611.0,
        "Net Income": -905611.0,
        "Net Income Including Noncontrolling Interests": -905611.0,
        "Net Income Continuous Operations": -905611.0,
        "Pretax Income": -905611.0,
        "Other Income Expense": NaN,
        "Other Non Operating Income Expenses": NaN,
        "Net Non Operating Interest Income Expense": 50473.0,
        "Interest Income Non Operating": 50473.0,
        "Operating Income": -956084.0,
        "Operating Expense": 997527.0,
        "Research And Development": 331224.0,
        "Selling General And Administration": 666303.0,
        "Selling And Marketing Expense": 222502.0,
        "General And Administrative Expense": 443801.0,
        "Other Gand A": 443801.0,
        "Total Revenue": 41443.0,
        "Operating Revenue": 41443.0
    },
    "2024-03-31": {
        "Tax Effect Of Unusual Items": 0.0,
        "Tax Rate For Calcs": 0.0,
        "Normalized EBITDA": -1341632.0,
        "Net Income From Continuing Operation Net Minority Interest": -1425912.0,
        "Reconciled Depreciation": 122152.0,
        "EBITDA": -1341632.0,
        "EBIT": -1463784.0,
        "Net Interest Income": 37872.0,
        "Interest Income": 37872.0,
        "Normalized Income": -1425912.0,
        "Net Income From Continuing And Discontinued Operation": -1425912.0,
        "Total Expenses": 1498045.0,
        "Total Operating Income As Reported": -1463784.0,
        "Diluted Average Shares": 2542440.0,
        "Basic Average Shares": 2542440.0,
        "Diluted EPS": -0.56,
        "Basic EPS": -0.56,
        "Diluted NI Availto Com Stockholders": -1425912.0,
        "Net Income Common Stockholders": -1425912.0,
        "Net Income": -1425912.0,
        "Net Income Including Noncontrolling Interests": -1425912.0,
        "Net Income Continuous Operations": -1425912.0,
        "Pretax Income": -1425912.0,
        "Other Income Expense": NaN,
        "Other Non Operating Income Expenses": NaN,
        "Net Non Operating Interest Income Expense": 37872.0,
        "Interest Income Non Operating": 37872.0,
        "Operating Income": -1463784.0,
        "Operating Expense": 1498045.0,
        "Research And Development": 223845.0,
        "Selling General And Administration": 1274200.0,
        "Selling And Marketing Expense": 139333.0,
        "General And Administrative Expense": 1134867.0,
        "Other Gand A": 1134867.0,
        "Total Revenue": 34261.0,
        "Operating Revenue": 34261.0
    },
    "2024-06-30": {
        "Tax Effect Of Unusual Items": 0.0,
        "Tax Rate For Calcs": 0.0,
        "Normalized EBITDA": -913834.0,
        "Net Income From Continuing Operation Net Minority Interest": -1180966.0,
        "Reconciled Depreciation": 119490.0,
        "EBITDA": -913834.0,
        "EBIT": -1033324.0,
        "Net Interest Income": 28827.0,
        "Interest Income": 28827.0,
        "Normalized Income": -1180966.0,
        "Net Income From Continuing And Discontinued Operation": -1180966.0,
        "Total Expenses": 1237637.0,
        "Total Operating Income As Reported": -1209793.0,
        "Diluted Average Shares": NaN,
        "Basic Average Shares": NaN,
        "Diluted EPS": NaN,
        "Basic EPS": NaN,
        "Diluted NI Availto Com Stockholders": -1180966.0,
        "Net Income Common Stockholders": -1180966.0,
        "Net Income": -1180966.0,
        "Net Income Including Noncontrolling Interests": -1180966.0,
        "Net Income Continuous Operations": -1180966.0,
        "Pretax Income": -1180966.0,
        "Other Income Expense": NaN,
        "Other Non Operating Income Expenses": NaN,
        "Net Non Operating Interest Income Expense": 28827.0,
        "Interest Income Non Operating": 28827.0,
        "Operating Income": -1209793.0,
        "Operating Expense": 1237637.0,
        "Research And Development": 185825.0,
        "Selling General And Administration": 1051812.0,
        "Selling And Marketing Expense": 160453.0,
        "General And Administrative Expense": 891359.0,
        "Other Gand A": 891359.0,
        "Total Revenue": 27844.0,
        "Operating Revenue": 27844.0
    },
    "2024-09-30": {
        "Tax Effect Of Unusual Items": 0.0,
        "Tax Rate For Calcs": 0.0,
        "Normalized EBITDA": -809069.0,
        "Net Income From Continuing Operation Net Minority Interest": -908045.0,
        "Reconciled Depreciation": 118275.0,
        "EBITDA": -809069.0,
        "EBIT": -927344.0,
        "Net Interest Income": 19299.0,
        "Interest Income": 19299.0,
        "Normalized Income": -908045.0,
        "Net Income From Continuing And Discontinued Operation": -908045.0,
        "Total Expenses": 938594.0,
        "Total Operating Income As Reported": -927344.0,
        "Diluted Average Shares": 2707275.0,
        "Basic Average Shares": 2707275.0,
        "Diluted EPS": -0.34,
        "Basic EPS": -0.34,
        "Diluted NI Availto Com Stockholders": -908045.0,
        "Net Income Common Stockholders": -908045.0,
        "Net Income": -908045.0,
        "Net Income Including Noncontrolling Interests": -908045.0,
        "Net Income Continuous Operations": -908045.0,
        "Pretax Income": -908045.0,
        "Other Income Expense": NaN,
        "Other Non Operating Income Expenses": NaN,
        "Net Non Operating Interest Income Expense": 19299.0,
        "Interest Income Non Operating": 19299.0,
        "Operating Income": -927344.0,
        "Operating Expense": 938594.0,
        "Research And Development": 139658.0,
        "Selling General And Administration": 798936.0,
        "Selling And Marketing Expense": 165814.0,
        "General And Administrative Expense": 633122.0,
        "Other Gand A": 633122.0,
        "Total Revenue": 11250.0,
        "Operating Revenue": 11250.0
    }
}