{
    "2023-03-31": {
        "Tax Effect Of Unusual Items": 0.0,
        "Tax Rate For Calcs": 0.0,
        "Normalized EBITDA": -10997000.0,
        "Total Unusual Items": -8743000.0,
        "Total Unusual Items Excluding Goodwill": -8743000.0,
        "Net Income From Continuing Operation Net Minority Interest": -27917000.0,
        "Reconciled Depreciation": 701000.0,
        "EBIT": -19740000.0,
        "Net Interest Income": 579000.0,
        "Interest Income": 579000.0,
        "Normalized Income": -19174000.0,
        "Net Income From Continuing And Discontinued Operation": -27917000.0,
        "Total Expenses": 19740000.0,
        "Total Operating Income As Reported": -28483000.0,
        "Diluted Average Shares": 39188397.0,
        "Basic Average Shares": 39188397.0,
        "Diluted EPS": -0.71,
        "Basic EPS": -0.71,
        "Diluted NI Availto Com Stockholders": -27917000.0,
        "Net Income Common Stockholders": -27917000.0,
        "Net Income": -27917000.0,
        "Net Income Including Noncontrolling Interests": -27917000.0,
        "Net Income Continuous Operations": -27917000.0,
        "Pretax Income": -27917000.0,
        "Other Income Expense": -8756000.0,
        "Other Non Operating Income Expenses": -13000.0,
        "Special Income Charges": -8743000.0,
        "Restructuring And Mergern Acquisition": 8743000.0,
        "Net Non Operating Interest Income Expense": 579000.0,
        "Total Other Finance Cost": -579000.0,
        "Interest Income Non Operating": 579000.0,
        "Operating Income": -19740000.0,
        "Operating Expense": 19740000.0,
        "Research And Development": 12988000.0,
        "Selling General And Administration": 6752000.0,
        "General And Administrative Expense": 6752000.0,
        "Other Gand A": 6752000.0,
        "Total Revenue": 0.0,
        "Operating Revenue": 0.0
    },
    "2022-12-31": {
        "Tax Effect Of Unusual Items": 0.0,
        "Tax Rate For Calcs": 0.0,
        "Normalized EBITDA": -23095000.0,
        "Total Unusual Items": NaN,
        "Total Unusual Items Excluding Goodwill": NaN,
        "Net Income From Continuing Operation Net Minority Interest": -22599000.0,
        "Reconciled Depreciation": 660000.0,
        "EBIT": -23095000.0,
        "Net Interest Income": 505000.0,
        "Interest Income": 505000.0,
        "Normalized Income": -22599000.0,
        "Net Income From Continuing And Discontinued Operation": -22599000.0,
        "Total Expenses": 23095000.0,
        "Total Operating Income As Reported": -23095000.0,
        "Diluted Average Shares": 39038116.0,
        "Basic Average Shares": 39040326.0,
        "Diluted EPS": -0.58,
        "Basic EPS": -0.58,
        "Diluted NI Availto Com Stockholders": -22599000.0,
        "Net Income Common Stockholders": -22599000.0,
        "Net Income": -22599000.0,
        "Net Income Including Noncontrolling Interests": -22599000.0,
        "Net Income Continuous Operations": -22599000.0,
        "Pretax Income": -22599000.0,
        "Other Income Expense": -9000.0,
        "Other Non Operating Income Expenses": -9000.0,
        "Special Income Charges": NaN,
        "Restructuring And Mergern Acquisition": NaN,
        "Net Non Operating Interest Income Expense": 505000.0,
        "Total Other Finance Cost": NaN,
        "Interest Income Non Operating": 505000.0,
        "Operating Income": -23095000.0,
        "Operating Expense": 23095000.0,
        "Research And Development": 14440000.0,
        "Selling General And Administration": 8655000.0,
        "General And Administrative Expense": 8655000.0,
        "Other Gand A": 8655000.0,
        "Total Revenue": 0.0,
        "Operating Revenue": 0.0
    },
    "2022-09-30": {
        "Tax Effect Of Unusual Items": 0.0,
        "Tax Rate For Calcs": 0.0,
        "Normalized EBITDA": -25526000.0,
        "Total Unusual Items": NaN,
        "Total Unusual Items Excluding Goodwill": NaN,
        "Net Income From Continuing Operation Net Minority Interest": -25206000.0,
        "Reconciled Depreciation": 677000.0,
        "EBIT": -25526000.0,
        "Net Interest Income": 321000.0,
        "Interest Income": 321000.0,
        "Normalized Income": -25206000.0,
        "Net Income From Continuing And Discontinued Operation": -25206000.0,
        "Total Expenses": 25526000.0,
        "Total Operating Income As Reported": -25526000.0,
        "Diluted Average Shares": 38914570.0,
        "Basic Average Shares": 38914570.0,
        "Diluted EPS": -0.65,
        "Basic EPS": -0.65,
        "Diluted NI Availto Com Stockholders": -25206000.0,
        "Net Income Common Stockholders": -25206000.0,
        "Net Income": -25206000.0,
        "Net Income Including Noncontrolling Interests": -25206000.0,
        "Net Income Continuous Operations": -25206000.0,
        "Pretax Income": -25206000.0,
        "Other Income Expense": -1000.0,
        "Other Non Operating Income Expenses": -1000.0,
        "Special Income Charges": NaN,
        "Restructuring And Mergern Acquisition": NaN,
        "Net Non Operating Interest Income Expense": 321000.0,
        "Total Other Finance Cost": NaN,
        "Interest Income Non Operating": 321000.0,
        "Operating Income": -25526000.0,
        "Operating Expense": 25526000.0,
        "Research And Development": 18238000.0,
        "Selling General And Administration": 7288000.0,
        "General And Administrative Expense": 7288000.0,
        "Other Gand A": 7288000.0,
        "Total Revenue": 0.0,
        "Operating Revenue": 0.0
    },
    "2022-06-30": {
        "Tax Effect Of Unusual Items": 0.0,
        "Tax Rate For Calcs": 0.0,
        "Normalized EBITDA": -35142000.0,
        "Total Unusual Items": NaN,
        "Total Unusual Items Excluding Goodwill": NaN,
        "Net Income From Continuing Operation Net Minority Interest": -35945000.0,
        "Reconciled Depreciation": 880000.0,
        "EBIT": -36022000.0,
        "Net Interest Income": 75000.0,
        "Interest Income": 75000.0,
        "Normalized Income": -35945000.0,
        "Net Income From Continuing And Discontinued Operation": -35945000.0,
        "Total Expenses": 36022000.0,
        "Total Operating Income As Reported": -36022000.0,
        "Diluted Average Shares": 38748741.0,
        "Basic Average Shares": 38748741.0,
        "Diluted EPS": -0.93,
        "Basic EPS": -0.93,
        "Diluted NI Availto Com Stockholders": -35945000.0,
        "Net Income Common Stockholders": -35945000.0,
        "Net Income": -35945000.0,
        "Net Income Including Noncontrolling Interests": -35945000.0,
        "Net Income Continuous Operations": -35945000.0,
        "Pretax Income": -35945000.0,
        "Other Income Expense": 2000.0,
        "Other Non Operating Income Expenses": 2000.0,
        "Special Income Charges": NaN,
        "Restructuring And Mergern Acquisition": NaN,
        "Net Non Operating Interest Income Expense": 75000.0,
        "Total Other Finance Cost": NaN,
        "Interest Income Non Operating": 75000.0,
        "Operating Income": -36022000.0,
        "Operating Expense": 36022000.0,
        "Research And Development": 25909000.0,
        "Selling General And Administration": 10113000.0,
        "General And Administrative Expense": 10113000.0,
        "Other Gand A": 10113000.0,
        "Total Revenue": 0.0,
        "Operating Revenue": 0.0
    },
    "2022-03-31": {
        "Diluted EPS": -1.1,
        "Total Revenue": NaN,
        "Gross Profit": NaN,
        "Operating Income": -43,
        "EBIT": -42,
        "Net Income": -43
    },
    "2021-12-31": {
        "Diluted EPS": -0.79,
        "Total Revenue": NaN,
        "Gross Profit": NaN,
        "Operating Income": -31,
        "EBIT": -30,
        "Net Income": -30
    },
    "2021-09-30": {
        "Diluted EPS": -0.68,
        "Total Revenue": NaN,
        "Gross Profit": NaN,
        "Operating Income": -26,
        "EBIT": -25,
        "Net Income": -26
    },
    "2021-06-30": {
        "Diluted EPS": -0.62,
        "Total Revenue": NaN,
        "Gross Profit": NaN,
        "Operating Income": -24,
        "EBIT": -23,
        "Net Income": -24
    },
    "2021-03-31": {
        "Diluted EPS": -0.58,
        "Total Revenue": NaN,
        "Gross Profit": NaN,
        "Operating Income": -20,
        "EBIT": -20,
        "Net Income": -20
    },
    "2020-12-31": {
        "Diluted EPS": 0.74,
        "Total Revenue": NaN,
        "Gross Profit": NaN,
        "Operating Income": -19,
        "EBIT": -18,
        "Net Income": -19
    },
    "2020-09-30": {
        "Diluted EPS": -0.48,
        "Total Revenue": NaN,
        "Gross Profit": NaN,
        "Operating Income": -17,
        "EBIT": -16,
        "Net Income": -17
    },
    "2020-06-30": {
        "Diluted EPS": -1.11,
        "Total Revenue": NaN,
        "Gross Profit": NaN,
        "Operating Income": -15,
        "EBIT": -15,
        "Net Income": -15
    },
    "2020-03-31": {
        "Diluted EPS": -2.06,
        "Total Revenue": NaN,
        "Gross Profit": NaN,
        "Operating Income": -15,
        "EBIT": -15,
        "Net Income": -15
    },
    "2019-12-31": {
        "Diluted EPS": 0.0,
        "Total Revenue": NaN,
        "Gross Profit": NaN,
        "Operating Income": NaN,
        "EBIT": NaN,
        "Net Income": NaN
    },
    "2019-09-30": {
        "Diluted EPS": -1.07,
        "Total Revenue": NaN,
        "Gross Profit": NaN,
        "Operating Income": -8,
        "EBIT": -8,
        "Net Income": -8
    },
    "2019-06-30": {
        "Diluted EPS": -0.99,
        "Total Revenue": NaN,
        "Gross Profit": NaN,
        "Operating Income": -7,
        "EBIT": -7,
        "Net Income": -7
    },
    "2018-12-31": {
        "Diluted EPS": 0.0,
        "Total Revenue": NaN,
        "Gross Profit": NaN,
        "Operating Income": NaN,
        "EBIT": NaN,
        "Net Income": NaN
    },
    "2023-06-30": {
        "Tax Effect Of Unusual Items": 0.0,
        "Tax Rate For Calcs": 0.0,
        "Normalized EBITDA": -1474000.0,
        "Total Unusual Items": -8129000.0,
        "Total Unusual Items Excluding Goodwill": -8129000.0,
        "Net Income From Continuing Operation Net Minority Interest": -17333000.0,
        "Reconciled Depreciation": 128000.0,
        "EBIT": -9603000.0,
        "Net Interest Income": 419000.0,
        "Interest Income": 419000.0,
        "Normalized Income": -9204000.0,
        "Net Income From Continuing And Discontinued Operation": -17333000.0,
        "Total Expenses": 9603000.0,
        "Total Operating Income As Reported": -17732000.0,
        "Diluted Average Shares": 39333046.0,
        "Basic Average Shares": 39333046.0,
        "Diluted EPS": -0.44,
        "Basic EPS": -0.44,
        "Diluted NI Availto Com Stockholders": -17333000.0,
        "Net Income Common Stockholders": -17333000.0,
        "Net Income": -17333000.0,
        "Net Income Including Noncontrolling Interests": -17333000.0,
        "Net Income Continuous Operations": -17333000.0,
        "Pretax Income": -17333000.0,
        "Other Income Expense": -8149000.0,
        "Other Non Operating Income Expenses": -20000.0,
        "Special Income Charges": -8129000.0,
        "Restructuring And Mergern Acquisition": 8129000.0,
        "Net Non Operating Interest Income Expense": 419000.0,
        "Total Other Finance Cost": NaN,
        "Interest Income Non Operating": 419000.0,
        "Operating Income": -9603000.0,
        "Operating Expense": 9603000.0,
        "Research And Development": 2558000.0,
        "Selling General And Administration": 7045000.0,
        "General And Administrative Expense": 7045000.0,
        "Other Gand A": 7045000.0,
        "Total Revenue": 0.0,
        "Operating Revenue": 0.0
    }
}