{
    "2023-06-30": {
        "Tax Effect Of Unusual Items": NaN,
        "Tax Rate For Calcs": NaN,
        "Normalized EBITDA": NaN,
        "Total Unusual Items": NaN,
        "Total Unusual Items Excluding Goodwill": NaN,
        "Net Income From Continuing Operation Net Minority Interest": NaN,
        "Reconciled Depreciation": NaN,
        "Reconciled Cost Of Revenue": NaN,
        "EBITDA": NaN,
        "EBIT": NaN,
        "Net Interest Income": NaN,
        "Interest Expense": NaN,
        "Interest Income": NaN,
        "Normalized Income": NaN,
        "Net Income From Continuing And Discontinued Operation": NaN,
        "Total Expenses": NaN,
        "Total Operating Income As Reported": NaN,
        "Diluted Average Shares": NaN,
        "Basic Average Shares": NaN,
        "Diluted EPS": NaN,
        "Basic EPS": NaN,
        "Diluted NI Availto Com Stockholders": NaN,
        "Net Income Common Stockholders": NaN,
        "Net Income": NaN,
        "Minority Interests": NaN,
        "Net Income Including Noncontrolling Interests": NaN,
        "Net Income Discontinuous Operations": 0.0,
        "Net Income Continuous Operations": NaN,
        "Earnings From Equity Interest Net Of Tax": NaN,
        "Tax Provision": NaN,
        "Pretax Income": NaN,
        "Other Income Expense": NaN,
        "Other Non Operating Income Expenses": NaN,
        "Special Income Charges": NaN,
        "Write Off": NaN,
        "Restructuring And Mergern Acquisition": NaN,
        "Earnings From Equity Interest": NaN,
        "Gain On Sale Of Security": NaN,
        "Net Non Operating Interest Income Expense": NaN,
        "Total Other Finance Cost": 8034000000.0,
        "Interest Expense Non Operating": NaN,
        "Interest Income Non Operating": NaN,
        "Operating Income": NaN,
        "Operating Expense": NaN,
        "Other Operating Expenses": NaN,
        "Depreciation Amortization Depletion Income Statement": NaN,
        "Depreciation And Amortization In Income Statement": NaN,
        "Selling General And Administration": NaN,
        "Selling And Marketing Expense": NaN,
        "General And Administrative Expense": NaN,
        "Other Gand A": NaN,
        "Gross Profit": NaN,
        "Cost Of Revenue": NaN,
        "Total Revenue": NaN,
        "Operating Revenue": NaN
    },
    "2023-03-31": {
        "Tax Effect Of Unusual Items": NaN,
        "Tax Rate For Calcs": NaN,
        "Normalized EBITDA": NaN,
        "Total Unusual Items": NaN,
        "Total Unusual Items Excluding Goodwill": NaN,
        "Net Income From Continuing Operation Net Minority Interest": NaN,
        "Reconciled Depreciation": NaN,
        "Reconciled Cost Of Revenue": NaN,
        "EBITDA": NaN,
        "EBIT": NaN,
        "Net Interest Income": NaN,
        "Interest Expense": NaN,
        "Interest Income": 2009000000.0,
        "Normalized Income": NaN,
        "Net Income From Continuing And Discontinued Operation": NaN,
        "Total Expenses": NaN,
        "Total Operating Income As Reported": 44125000000.0,
        "Diluted Average Shares": NaN,
        "Basic Average Shares": NaN,
        "Diluted EPS": NaN,
        "Basic EPS": NaN,
        "Diluted NI Availto Com Stockholders": NaN,
        "Net Income Common Stockholders": NaN,
        "Net Income": NaN,
        "Minority Interests": NaN,
        "Net Income Including Noncontrolling Interests": NaN,
        "Net Income Discontinuous Operations": 0.0,
        "Net Income Continuous Operations": NaN,
        "Earnings From Equity Interest Net Of Tax": NaN,
        "Tax Provision": NaN,
        "Pretax Income": NaN,
        "Other Income Expense": NaN,
        "Other Non Operating Income Expenses": NaN,
        "Special Income Charges": NaN,
        "Write Off": NaN,
        "Restructuring And Mergern Acquisition": NaN,
        "Earnings From Equity Interest": -583000000.0,
        "Gain On Sale Of Security": NaN,
        "Net Non Operating Interest Income Expense": NaN,
        "Total Other Finance Cost": 4606000000.0,
        "Interest Expense Non Operating": NaN,
        "Interest Income Non Operating": 2009000000.0,
        "Operating Income": NaN,
        "Operating Expense": NaN,
        "Other Operating Expenses": 2790000000.0,
        "Depreciation Amortization Depletion Income Statement": NaN,
        "Depreciation And Amortization In Income Statement": NaN,
        "Selling General And Administration": NaN,
        "Selling And Marketing Expense": NaN,
        "General And Administrative Expense": NaN,
        "Other Gand A": NaN,
        "Gross Profit": NaN,
        "Cost Of Revenue": NaN,
        "Total Revenue": NaN,
        "Operating Revenue": NaN
    },
    "2022-12-31": {
        "Tax Effect Of Unusual Items": NaN,
        "Tax Rate For Calcs": NaN,
        "Normalized EBITDA": NaN,
        "Total Unusual Items": NaN,
        "Total Unusual Items Excluding Goodwill": NaN,
        "Net Income From Continuing Operation Net Minority Interest": NaN,
        "Reconciled Depreciation": NaN,
        "Reconciled Cost Of Revenue": NaN,
        "EBITDA": NaN,
        "EBIT": NaN,
        "Net Interest Income": NaN,
        "Interest Expense": NaN,
        "Interest Income": -33105111000.0,
        "Normalized Income": NaN,
        "Net Income From Continuing And Discontinued Operation": NaN,
        "Total Expenses": NaN,
        "Total Operating Income As Reported": 46513048000.0,
        "Diluted Average Shares": NaN,
        "Basic Average Shares": NaN,
        "Diluted EPS": NaN,
        "Basic EPS": NaN,
        "Diluted NI Availto Com Stockholders": NaN,
        "Net Income Common Stockholders": NaN,
        "Net Income": NaN,
        "Minority Interests": NaN,
        "Net Income Including Noncontrolling Interests": NaN,
        "Net Income Discontinuous Operations": -10097884000.0,
        "Net Income Continuous Operations": NaN,
        "Earnings From Equity Interest Net Of Tax": NaN,
        "Tax Provision": NaN,
        "Pretax Income": NaN,
        "Other Income Expense": NaN,
        "Other Non Operating Income Expenses": NaN,
        "Special Income Charges": NaN,
        "Write Off": NaN,
        "Restructuring And Mergern Acquisition": NaN,
        "Earnings From Equity Interest": -1859446000.0,
        "Gain On Sale Of Security": NaN,
        "Net Non Operating Interest Income Expense": NaN,
        "Total Other Finance Cost": NaN,
        "Interest Expense Non Operating": NaN,
        "Interest Income Non Operating": -33105111000.0,
        "Operating Income": NaN,
        "Operating Expense": NaN,
        "Other Operating Expenses": 1823478000.0,
        "Depreciation Amortization Depletion Income Statement": NaN,
        "Depreciation And Amortization In Income Statement": NaN,
        "Selling General And Administration": NaN,
        "Selling And Marketing Expense": 29467163000.0,
        "General And Administrative Expense": 14964203000.0,
        "Other Gand A": 14964203000.0,
        "Gross Profit": NaN,
        "Cost Of Revenue": NaN,
        "Total Revenue": NaN,
        "Operating Revenue": NaN
    },
    "2022-09-30": {
        "Tax Effect Of Unusual Items": NaN,
        "Tax Rate For Calcs": NaN,
        "Normalized EBITDA": NaN,
        "Total Unusual Items": NaN,
        "Total Unusual Items Excluding Goodwill": NaN,
        "Net Income From Continuing Operation Net Minority Interest": NaN,
        "Reconciled Depreciation": NaN,
        "Reconciled Cost Of Revenue": NaN,
        "EBITDA": NaN,
        "EBIT": NaN,
        "Net Interest Income": NaN,
        "Interest Expense": NaN,
        "Interest Income": 7076561000.0,
        "Normalized Income": NaN,
        "Net Income From Continuing And Discontinued Operation": NaN,
        "Total Expenses": NaN,
        "Total Operating Income As Reported": NaN,
        "Diluted Average Shares": NaN,
        "Basic Average Shares": NaN,
        "Diluted EPS": NaN,
        "Basic EPS": NaN,
        "Diluted NI Availto Com Stockholders": NaN,
        "Net Income Common Stockholders": NaN,
        "Net Income": NaN,
        "Minority Interests": NaN,
        "Net Income Including Noncontrolling Interests": NaN,
        "Net Income Discontinuous Operations": NaN,
        "Net Income Continuous Operations": NaN,
        "Earnings From Equity Interest Net Of Tax": NaN,
        "Tax Provision": NaN,
        "Pretax Income": NaN,
        "Other Income Expense": NaN,
        "Other Non Operating Income Expenses": NaN,
        "Special Income Charges": NaN,
        "Write Off": NaN,
        "Restructuring And Mergern Acquisition": NaN,
        "Earnings From Equity Interest": 52304000.0,
        "Gain On Sale Of Security": NaN,
        "Net Non Operating Interest Income Expense": NaN,
        "Total Other Finance Cost": NaN,
        "Interest Expense Non Operating": NaN,
        "Interest Income Non Operating": 7076561000.0,
        "Operating Income": NaN,
        "Operating Expense": NaN,
        "Other Operating Expenses": 1164794000.0,
        "Depreciation Amortization Depletion Income Statement": NaN,
        "Depreciation And Amortization In Income Statement": NaN,
        "Selling General And Administration": NaN,
        "Selling And Marketing Expense": 30211671000.0,
        "General And Administrative Expense": 14160495000.0,
        "Other Gand A": 14160495000.0,
        "Gross Profit": NaN,
        "Cost Of Revenue": NaN,
        "Total Revenue": NaN,
        "Operating Revenue": NaN
    },
    "2022-06-30": {
        "Tax Effect Of Unusual Items": -4895275334.44085,
        "Tax Rate For Calcs": 0.341348,
        "Normalized EBITDA": 90701000000.0,
        "Total Unusual Items": -14341000000.0,
        "Total Unusual Items Excluding Goodwill": -14341000000.0,
        "Net Income From Continuing Operation Net Minority Interest": 13684000000.0,
        "Reconciled Depreciation": 41716000000.0,
        "Reconciled Cost Of Revenue": 85427000000.0,
        "EBITDA": 76360000000.0,
        "EBIT": 34644000000.0,
        "Net Interest Income": -3741000000.0,
        "Interest Expense": 11770000000.0,
        "Interest Income": NaN,
        "Normalized Income": 23129724665.55915,
        "Net Income From Continuing And Discontinued Operation": 13684000000.0,
        "Total Expenses": 177144000000.0,
        "Total Operating Income As Reported": NaN,
        "Diluted Average Shares": 3200000000.0,
        "Basic Average Shares": 3200000000.0,
        "Diluted EPS": 4.2,
        "Basic EPS": 4.2,
        "Diluted NI Availto Com Stockholders": 13684000000.0,
        "Net Income Common Stockholders": 13684000000.0,
        "Net Income": 13684000000.0,
        "Minority Interests": -1398000000.0,
        "Net Income Including Noncontrolling Interests": 15082000000.0,
        "Net Income Discontinuous Operations": 0.0,
        "Net Income Continuous Operations": 15082000000.0,
        "Earnings From Equity Interest Net Of Tax": 11000000.0,
        "Tax Provision": 7808000000.0,
        "Pretax Income": 22874000000.0,
        "Other Income Expense": -13632000000.0,
        "Other Non Operating Income Expenses": -1292000000.0,
        "Earnings From Equity Interest": NaN,
        "Gain On Sale Of Security": -14341000000.0,
        "Net Non Operating Interest Income Expense": -3741000000.0,
        "Total Other Finance Cost": 12228000000.0,
        "Interest Expense Non Operating": 11770000000.0,
        "Interest Income Non Operating": NaN,
        "Operating Income": 40248000000.0,
        "Operating Expense": 91717000000.0,
        "Other Operating Expenses": NaN,
        "Depreciation Amortization Depletion Income Statement": 41716000000.0,
        "Depreciation And Amortization In Income Statement": 41716000000.0,
        "Selling General And Administration": 47983000000.0,
        "Selling And Marketing Expense": NaN,
        "General And Administrative Expense": NaN,
        "Other Gand A": NaN,
        "Gross Profit": 131965000000.0,
        "Cost Of Revenue": 85427000000.0,
        "Total Revenue": 217392000000.0,
        "Operating Revenue": 219462000000.0
    },
    "2022-03-31": {
        "Diluted EPS": 0.47,
        "Total Revenue": NaN,
        "Gross Profit": NaN,
        "Operating Income": NaN,
        "EBIT": NaN,
        "Net Income": NaN
    },
    "2021-12-31": {
        "Diluted EPS": 1.92,
        "Total Revenue": NaN,
        "Gross Profit": NaN,
        "Operating Income": NaN,
        "EBIT": NaN,
        "Net Income": NaN
    },
    "2021-09-30": {
        "Diluted EPS": 0.24,
        "Total Revenue": NaN,
        "Gross Profit": NaN,
        "Operating Income": NaN,
        "EBIT": NaN,
        "Net Income": 791
    },
    "2021-06-30": {
        "Diluted EPS": 0.65,
        "Total Revenue": NaN,
        "Gross Profit": NaN,
        "Operating Income": NaN,
        "EBIT": NaN,
        "Net Income": NaN
    },
    "2021-03-31": {
        "Diluted EPS": 0.03,
        "Total Revenue": NaN,
        "Gross Profit": NaN,
        "Operating Income": NaN,
        "EBIT": NaN,
        "Net Income": 89
    },
    "2020-12-31": {
        "Diluted EPS": 0.73,
        "Total Revenue": NaN,
        "Gross Profit": NaN,
        "Operating Income": NaN,
        "EBIT": NaN,
        "Net Income": NaN
    },
    "2020-09-30": {
        "Diluted EPS": 0.26,
        "Total Revenue": NaN,
        "Gross Profit": NaN,
        "Operating Income": NaN,
        "EBIT": NaN,
        "Net Income": 854
    },
    "2020-06-30": {
        "Diluted EPS": 0.26,
        "Total Revenue": NaN,
        "Gross Profit": NaN,
        "Operating Income": NaN,
        "EBIT": NaN,
        "Net Income": 861
    },
    "2020-03-31": {
        "Diluted EPS": -0.45,
        "Total Revenue": NaN,
        "Gross Profit": NaN,
        "Operating Income": NaN,
        "EBIT": NaN,
        "Net Income": NaN
    },
    "2019-12-31": {
        "Diluted EPS": 0.27,
        "Total Revenue": NaN,
        "Gross Profit": NaN,
        "Operating Income": NaN,
        "EBIT": NaN,
        "Net Income": NaN
    },
    "2019-09-30": {
        "Diluted EPS": 0.2,
        "Total Revenue": NaN,
        "Gross Profit": NaN,
        "Operating Income": NaN,
        "EBIT": NaN,
        "Net Income": 671
    },
    "2019-06-30": {
        "Diluted EPS": 0.22,
        "Total Revenue": NaN,
        "Gross Profit": NaN,
        "Operating Income": NaN,
        "EBIT": NaN,
        "Net Income": 736
    },
    "2019-03-31": {
        "Diluted EPS": 0.31,
        "Total Revenue": NaN,
        "Gross Profit": NaN,
        "Operating Income": NaN,
        "EBIT": NaN,
        "Net Income": NaN
    },
    "2018-12-31": {
        "Diluted EPS": 0.21,
        "Total Revenue": NaN,
        "Gross Profit": NaN,
        "Operating Income": NaN,
        "EBIT": NaN,
        "Net Income": 734
    },
    "2018-09-30": {
        "Diluted EPS": 0.3,
        "Total Revenue": NaN,
        "Gross Profit": NaN,
        "Operating Income": NaN,
        "EBIT": NaN,
        "Net Income": NaN
    },
    "2018-06-30": {
        "Diluted EPS": 0.0,
        "Total Revenue": NaN,
        "Gross Profit": NaN,
        "Operating Income": NaN,
        "EBIT": NaN,
        "Net Income": -12
    },
    "2018-03-31": {
        "Diluted EPS": 0.29,
        "Total Revenue": NaN,
        "Gross Profit": NaN,
        "Operating Income": NaN,
        "EBIT": NaN,
        "Net Income": 948
    },
    "2017-09-30": {
        "Diluted EPS": 0.16,
        "Total Revenue": NaN,
        "Gross Profit": NaN,
        "Operating Income": NaN,
        "Net Income": 142
    },
    "2016-06-30": {
        "Diluted EPS": 0.13,
        "Total Revenue": NaN,
        "Gross Profit": NaN,
        "Operating Income": NaN,
        "EBIT": NaN,
        "Net Income": 426
    },
    "2015-09-30": {
        "Diluted EPS": -0.2,
        "Total Revenue": NaN,
        "Gross Profit": NaN,
        "Operating Income": NaN,
        "EBIT": NaN,
        "Net Income": -644
    },
    "2015-06-30": {
        "Diluted EPS": 0.02,
        "Total Revenue": NaN,
        "Gross Profit": NaN,
        "Operating Income": NaN,
        "EBIT": NaN,
        "Net Income": 917
    },
    "2014-06-30": {
        "Diluted EPS": 0.42,
        "Total Revenue": NaN,
        "Gross Profit": NaN,
        "Operating Income": NaN,
        "EBIT": NaN,
        "Net Income": NaN
    },
    "2013-06-30": {
        "Diluted EPS": 0.31,
        "Total Revenue": NaN,
        "Gross Profit": NaN,
        "Operating Income": NaN,
        "EBIT": NaN,
        "Net Income": NaN
    },
    "2013-03-31": {
        "Diluted EPS": 0.56,
        "Total Revenue": NaN,
        "Gross Profit": NaN,
        "Operating Income": NaN,
        "EBIT": NaN,
        "Net Income": NaN
    },
    "2012-12-31": {
        "Diluted EPS": 0.3,
        "Total Revenue": NaN,
        "Gross Profit": NaN,
        "Operating Income": NaN,
        "EBIT": NaN,
        "Net Income": NaN
    },
    "2012-09-30": {
        "Diluted EPS": 0.61,
        "Total Revenue": NaN,
        "Gross Profit": NaN,
        "Operating Income": NaN,
        "EBIT": NaN,
        "Net Income": NaN
    },
    "2012-06-30": {
        "Diluted EPS": 0.26,
        "Total Revenue": NaN,
        "Gross Profit": NaN,
        "Operating Income": NaN,
        "EBIT": NaN,
        "Net Income": 983
    },
    "2012-03-31": {
        "Diluted EPS": 0.65,
        "Total Revenue": NaN,
        "Gross Profit": NaN,
        "Operating Income": NaN,
        "EBIT": NaN,
        "Net Income": NaN
    },
    "2011-12-31": {
        "Diluted EPS": 0.31,
        "Total Revenue": NaN,
        "Gross Profit": NaN,
        "Operating Income": NaN,
        "EBIT": NaN,
        "Net Income": NaN
    },
    "2011-09-30": {
        "Diluted EPS": 0.39,
        "Total Revenue": NaN,
        "Gross Profit": NaN,
        "Operating Income": NaN,
        "EBIT": NaN,
        "Net Income": NaN
    },
    "2011-06-30": {
        "Diluted EPS": 1.04,
        "Total Revenue": NaN,
        "Gross Profit": NaN,
        "Operating Income": NaN,
        "EBIT": NaN,
        "Net Income": NaN
    },
    "2011-03-31": {
        "Diluted EPS": 0.49,
        "Total Revenue": NaN,
        "Gross Profit": NaN,
        "Operating Income": NaN,
        "EBIT": NaN,
        "Net Income": NaN
    },
    "2010-12-31": {
        "Diluted EPS": 0.49,
        "Total Revenue": NaN,
        "Gross Profit": NaN,
        "Operating Income": NaN,
        "EBIT": NaN,
        "Net Income": NaN
    },
    "2010-09-30": {
        "Diluted EPS": 0.46,
        "Total Revenue": NaN,
        "Gross Profit": NaN,
        "Operating Income": NaN,
        "EBIT": NaN,
        "Net Income": NaN
    },
    "2010-06-30": {
        "Diluted EPS": 0.47,
        "Total Revenue": NaN,
        "Gross Profit": NaN,
        "Operating Income": NaN,
        "EBIT": NaN,
        "Net Income": NaN
    },
    "2010-03-31": {
        "Diluted EPS": 0.41,
        "Total Revenue": NaN,
        "Gross Profit": NaN,
        "Operating Income": NaN,
        "EBIT": NaN,
        "Net Income": NaN
    },
    "2009-12-31": {
        "Diluted EPS": 0.31,
        "Total Revenue": NaN,
        "Gross Profit": NaN,
        "Operating Income": NaN,
        "EBIT": NaN,
        "Net Income": 998
    },
    "2009-09-30": {
        "Diluted EPS": 0.43,
        "Total Revenue": NaN,
        "Gross Profit": NaN,
        "Operating Income": NaN,
        "EBIT": NaN,
        "Net Income": NaN
    },
    "2009-06-30": {
        "Diluted EPS": 0.52,
        "Total Revenue": NaN,
        "Gross Profit": NaN,
        "Operating Income": NaN,
        "EBIT": NaN,
        "Net Income": NaN
    },
    "2009-03-31": {
        "Diluted EPS": 0.35,
        "Total Revenue": NaN,
        "Gross Profit": NaN,
        "Operating Income": NaN,
        "EBIT": NaN,
        "Net Income": NaN
    },
    "2023-09-30": {
        "Tax Effect Of Unusual Items": -3676500000.0,
        "Tax Rate For Calcs": 0.3,
        "Normalized EBITDA": 71222000000.0,
        "Total Unusual Items": -12255000000.0,
        "Total Unusual Items Excluding Goodwill": -12255000000.0,
        "Net Income From Continuing Operation Net Minority Interest": 2028000000.0,
        "Reconciled Depreciation": 38353000000.0,
        "Reconciled Cost Of Revenue": 79109000000.0,
        "EBITDA": 58967000000.0,
        "EBIT": 20614000000.0,
        "Net Interest Income": -17485000000.0,
        "Interest Expense": 8811000000.0,
        "Interest Income": 2684783000.0,
        "Normalized Income": 10606500000.0,
        "Net Income From Continuing And Discontinued Operation": 2028000000.0,
        "Total Expenses": 160651000000.0,
        "Total Operating Income As Reported": 41543026000.0,
        "Diluted Average Shares": 3155000000.0,
        "Basic Average Shares": 3155000000.0,
        "Diluted EPS": 0.6,
        "Basic EPS": 0.6,
        "Diluted NI Availto Com Stockholders": 2028000000.0,
        "Net Income Common Stockholders": 2028000000.0,
        "Net Income": 2028000000.0,
        "Minority Interests": -1306000000.0,
        "Net Income Including Noncontrolling Interests": 3334000000.0,
        "Net Income Discontinuous Operations": 0.0,
        "Net Income Continuous Operations": 3334000000.0,
        "Earnings From Equity Interest Net Of Tax": -2119000000.0,
        "Tax Provision": 6350000000.0,
        "Pretax Income": 11803000000.0,
        "Other Income Expense": -13903000000.0,
        "Other Non Operating Income Expenses": -1648000000.0,
        "Special Income Charges": NaN,
        "Write Off": NaN,
        "Restructuring And Mergern Acquisition": NaN,
        "Earnings From Equity Interest": -2118827000.0,
        "Gain On Sale Of Security": -12255000000.0,
        "Net Non Operating Interest Income Expense": -17485000000.0,
        "Total Other Finance Cost": 8674000000.0,
        "Interest Expense Non Operating": 8811000000.0,
        "Interest Income Non Operating": 2684783000.0,
        "Operating Income": 43191000000.0,
        "Operating Expense": 81542000000.0,
        "Other Operating Expenses": 1648249000.0,
        "Depreciation Amortization Depletion Income Statement": 38353000000.0,
        "Depreciation And Amortization In Income Statement": 38353000000.0,
        "Selling General And Administration": 43189000000.0,
        "Selling And Marketing Expense": 28909959000.0,
        "General And Administrative Expense": 14279489000.0,
        "Other Gand A": 14279489000.0,
        "Gross Profit": 124733000000.0,
        "Cost Of Revenue": 79109000000.0,
        "Total Revenue": 203842000000.0,
        "Operating Revenue": 200157000000.0
    },
    "2023-12-31": {
        "Tax Effect Of Unusual Items": 90823142.347779,
        "Tax Rate For Calcs": 0.221167,
        "Normalized EBITDA": 75835422000.0,
        "Total Unusual Items": 410654000.0,
        "Total Unusual Items Excluding Goodwill": 410654000.0,
        "Net Income From Continuing Operation Net Minority Interest": 18062011000.0,
        "Reconciled Depreciation": 36458980000.0,
        "Reconciled Cost Of Revenue": 79296681000.0,
        "EBITDA": 76246076000.0,
        "EBIT": 39787096000.0,
        "Net Interest Income": -14968200000.0,
        "Interest Expense": 15228743000.0,
        "Interest Income": 2983778000.0,
        "Normalized Income": 17742180142.34778,
        "Net Income From Continuing And Discontinued Operation": 18062011000.0,
        "Total Expenses": 159956353000.0,
        "Total Operating Income As Reported": 41807525000.0,
        "Diluted Average Shares": 3135000000.0,
        "Basic Average Shares": 3135000000.0,
        "Diluted EPS": 5.8,
        "Basic EPS": 5.8,
        "Diluted NI Availto Com Stockholders": 18062011000.0,
        "Net Income Common Stockholders": 18062011000.0,
        "Net Income": 18062011000.0,
        "Minority Interests": -1064843000.0,
        "Net Income Including Noncontrolling Interests": 19126854000.0,
        "Net Income Discontinuous Operations": 0.0,
        "Net Income Continuous Operations": 19126854000.0,
        "Earnings From Equity Interest Net Of Tax": -1640000000.0,
        "Tax Provision": 5431499000.0,
        "Pretax Income": 24558353000.0,
        "Other Income Expense": -1229684000.0,
        "Other Non Operating Income Expenses": -1191000000.0,
        "Special Income Charges": -3731614000.0,
        "Write Off": 3946169000.0,
        "Restructuring And Mergern Acquisition": -214555000.0,
        "Earnings From Equity Interest": -1640338000.0,
        "Gain On Sale Of Security": 4142268000.0,
        "Net Non Operating Interest Income Expense": -14968200000.0,
        "Total Other Finance Cost": 2723235000.0,
        "Interest Expense Non Operating": 15228743000.0,
        "Interest Income Non Operating": 2983778000.0,
        "Operating Income": 40756237000.0,
        "Operating Expense": 80659672000.0,
        "Other Operating Expenses": 1190797000.0,
        "Depreciation Amortization Depletion Income Statement": 36458980000.0,
        "Depreciation And Amortization In Income Statement": 36458980000.0,
        "Selling General And Administration": 41958607000.0,
        "Selling And Marketing Expense": NaN,
        "General And Administrative Expense": NaN,
        "Other Gand A": NaN,
        "Gross Profit": 121415909000.0,
        "Cost Of Revenue": 79296681000.0,
        "Total Revenue": 200712590000.0,
        "Operating Revenue": 200712590000.0
    },
    "2024-03-31": {
        "Tax Effect Of Unusual Items": -502200000.0,
        "Tax Rate For Calcs": 0.3,
        "Normalized EBITDA": 79827000000.0,
        "Total Unusual Items": -1674000000.0,
        "Total Unusual Items Excluding Goodwill": -1674000000.0,
        "Net Income From Continuing Operation Net Minority Interest": 13494000000.0,
        "Reconciled Depreciation": 39826000000.0,
        "Reconciled Cost Of Revenue": 77836000000.0,
        "EBITDA": 78153000000.0,
        "EBIT": 38327000000.0,
        "Net Interest Income": -12034000000.0,
        "Interest Expense": 11278000000.0,
        "Interest Income": NaN,
        "Normalized Income": 14665800000.0,
        "Net Income From Continuing And Discontinued Operation": 13494000000.0,
        "Total Expenses": 161261000000.0,
        "Total Operating Income As Reported": 40758000000.0,
        "Diluted Average Shares": 3115000000.0,
        "Basic Average Shares": 3115000000.0,
        "Diluted EPS": 4.4,
        "Basic EPS": 4.4,
        "Diluted NI Availto Com Stockholders": 13494000000.0,
        "Net Income Common Stockholders": 13494000000.0,
        "Net Income": 13494000000.0,
        "Minority Interests": 814000000.0,
        "Net Income Including Noncontrolling Interests": 17469000000.0,
        "Net Income Discontinuous Operations": NaN,
        "Net Income Continuous Operations": 17469000000.0,
        "Earnings From Equity Interest Net Of Tax": 1581000000.0,
        "Tax Provision": 11161000000.0,
        "Pretax Income": 27049000000.0,
        "Other Income Expense": -2953000000.0,
        "Other Non Operating Income Expenses": -1279000000.0,
        "Special Income Charges": NaN,
        "Write Off": NaN,
        "Restructuring And Mergern Acquisition": NaN,
        "Earnings From Equity Interest": NaN,
        "Gain On Sale Of Security": -1674000000.0,
        "Net Non Operating Interest Income Expense": -12034000000.0,
        "Total Other Finance Cost": 756000000.0,
        "Interest Expense Non Operating": 11278000000.0,
        "Interest Income Non Operating": NaN,
        "Operating Income": 42036000000.0,
        "Operating Expense": 83425000000.0,
        "Other Operating Expenses": NaN,
        "Depreciation Amortization Depletion Income Statement": 39826000000.0,
        "Depreciation And Amortization In Income Statement": 39826000000.0,
        "Selling General And Administration": 43599000000.0,
        "Selling And Marketing Expense": NaN,
        "General And Administrative Expense": NaN,
        "Other Gand A": NaN,
        "Gross Profit": 125461000000.0,
        "Cost Of Revenue": 77836000000.0,
        "Total Revenue": 203297000000.0,
        "Operating Revenue": 200853000000.0
    },
    "2024-06-30": {
        "Tax Effect Of Unusual Items": -9635100000.0,
        "Tax Rate For Calcs": 0.3,
        "Normalized EBITDA": 86689000000.0,
        "Total Unusual Items": -32117000000.0,
        "Total Unusual Items Excluding Goodwill": -32117000000.0,
        "Net Income From Continuing Operation Net Minority Interest": -1093000000.0,
        "Reconciled Depreciation": 37606000000.0,
        "Reconciled Cost Of Revenue": 75969000000.0,
        "EBITDA": 54572000000.0,
        "EBIT": 16966000000.0,
        "Net Interest Income": -8094000000.0,
        "Interest Expense": 11668000000.0,
        "Interest Income": 3574000000.0,
        "Normalized Income": 21388900000.0,
        "Net Income From Continuing And Discontinued Operation": -1093000000.0,
        "Total Expenses": 158265000000.0,
        "Total Operating Income As Reported": NaN,
        "Diluted Average Shares": 3095000000.0,
        "Basic Average Shares": 3095000000.0,
        "Diluted EPS": -0.4,
        "Basic EPS": -0.4,
        "Diluted NI Availto Com Stockholders": -1093000000.0,
        "Net Income Common Stockholders": -1093000000.0,
        "Net Income": -1093000000.0,
        "Minority Interests": -968000000.0,
        "Net Income Including Noncontrolling Interests": -124000000.0,
        "Net Income Discontinuous Operations": NaN,
        "Net Income Continuous Operations": -124000000.0,
        "Earnings From Equity Interest Net Of Tax": -1144000000.0,
        "Tax Provision": 4278000000.0,
        "Pretax Income": 5298000000.0,
        "Other Income Expense": -33867000000.0,
        "Other Non Operating Income Expenses": -1750000000.0,
        "Special Income Charges": NaN,
        "Write Off": NaN,
        "Restructuring And Mergern Acquisition": NaN,
        "Earnings From Equity Interest": NaN,
        "Gain On Sale Of Security": -32117000000.0,
        "Net Non Operating Interest Income Expense": -8094000000.0,
        "Total Other Finance Cost": NaN,
        "Interest Expense Non Operating": 11668000000.0,
        "Interest Income Non Operating": 3574000000.0,
        "Operating Income": 47259000000.0,
        "Operating Expense": 82296000000.0,
        "Other Operating Expenses": NaN,
        "Depreciation Amortization Depletion Income Statement": 37606000000.0,
        "Depreciation And Amortization In Income Statement": 37606000000.0,
        "Selling General And Administration": 44690000000.0,
        "Selling And Marketing Expense": NaN,
        "General And Administrative Expense": NaN,
        "Other Gand A": NaN,
        "Gross Profit": 129555000000.0,
        "Cost Of Revenue": 75969000000.0,
        "Total Revenue": 205524000000.0,
        "Operating Revenue": 203188000000.0
    },
    "2024-09-30": {
        "Tax Effect Of Unusual Items": -7374600000.0,
        "Tax Rate For Calcs": 0.3,
        "Normalized EBITDA": 97143000000.0,
        "Total Unusual Items": -24582000000.0,
        "Total Unusual Items Excluding Goodwill": -24582000000.0,
        "Net Income From Continuing Operation Net Minority Interest": 6427000000.0,
        "Reconciled Depreciation": 41979000000.0,
        "Reconciled Cost Of Revenue": 84736000000.0,
        "EBITDA": 72561000000.0,
        "EBIT": 30582000000.0,
        "Net Interest Income": -3742000000.0,
        "Interest Expense": 11464000000.0,
        "Interest Income": 7722000000.0,
        "Normalized Income": 23634400000.0,
        "Net Income From Continuing And Discontinued Operation": 6427000000.0,
        "Total Expenses": 174079000000.0,
        "Total Operating Income As Reported": NaN,
        "Diluted Average Shares": 3075000000.0,
        "Basic Average Shares": 3075000000.0,
        "Diluted EPS": 2.0,
        "Basic EPS": 2.0,
        "Diluted NI Availto Com Stockholders": 6427000000.0,
        "Net Income Common Stockholders": 6427000000.0,
        "Net Income": 6427000000.0,
        "Minority Interests": -1424000000.0,
        "Net Income Including Noncontrolling Interests": 7849000000.0,
        "Net Income Discontinuous Operations": NaN,
        "Net Income Continuous Operations": 7849000000.0,
        "Earnings From Equity Interest Net Of Tax": -1647000000.0,
        "Tax Provision": 9622000000.0,
        "Pretax Income": 19118000000.0,
        "Other Income Expense": -26519000000.0,
        "Other Non Operating Income Expenses": -1937000000.0,
        "Special Income Charges": NaN,
        "Write Off": NaN,
        "Restructuring And Mergern Acquisition": NaN,
        "Earnings From Equity Interest": NaN,
        "Gain On Sale Of Security": -24582000000.0,
        "Net Non Operating Interest Income Expense": -3742000000.0,
        "Total Other Finance Cost": NaN,
        "Interest Expense Non Operating": 11464000000.0,
        "Interest Income Non Operating": 7722000000.0,
        "Operating Income": 49379000000.0,
        "Operating Expense": 89343000000.0,
        "Other Operating Expenses": NaN,
        "Depreciation Amortization Depletion Income Statement": 41979000000.0,
        "Depreciation And Amortization In Income Statement": 41979000000.0,
        "Selling General And Administration": 47364000000.0,
        "Selling And Marketing Expense": NaN,
        "General And Administrative Expense": NaN,
        "Other Gand A": NaN,
        "Gross Profit": 138722000000.0,
        "Cost Of Revenue": 84736000000.0,
        "Total Revenue": 223458000000.0,
        "Operating Revenue": 220417000000.0
    }
}