{
    "2023-03-31": {
        "Tax Effect Of Unusual Items": 0.0,
        "Tax Rate For Calcs": 0.0,
        "Normalized EBITDA": -39326000.0,
        "Net Income From Continuing Operation Net Minority Interest": -44255000.0,
        "Reconciled Depreciation": 593000.0,
        "EBITDA": -39326000.0,
        "EBIT": -39919000.0,
        "Net Interest Income": 150000.0,
        "Interest Expense": 4336000.0,
        "Interest Income": 4486000.0,
        "Normalized Income": -44255000.0,
        "Net Income From Continuing And Discontinued Operation": -44255000.0,
        "Total Expenses": 45775000.0,
        "Total Operating Income As Reported": -44401000.0,
        "Diluted Average Shares": 27953000.0,
        "Basic Average Shares": 27953000.0,
        "Diluted EPS": -1.58,
        "Basic EPS": -1.58,
        "Diluted NI Availto Com Stockholders": -44255000.0,
        "Net Income Common Stockholders": -44255000.0,
        "Net Income": -44255000.0,
        "Net Income Including Noncontrolling Interests": -44255000.0,
        "Net Income Continuous Operations": -44255000.0,
        "Pretax Income": -44255000.0,
        "Other Income Expense": -4000.0,
        "Other Non Operating Income Expenses": -4000.0,
        "Net Non Operating Interest Income Expense": 150000.0,
        "Interest Expense Non Operating": 4336000.0,
        "Interest Income Non Operating": 4486000.0,
        "Operating Income": -44401000.0,
        "Operating Expense": 45775000.0,
        "Research And Development": 34957000.0,
        "Selling General And Administration": 10818000.0,
        "General And Administrative Expense": 10818000.0,
        "Other Gand A": 10818000.0,
        "Total Revenue": 1374000.0,
        "Operating Revenue": 1374000.0
    },
    "2022-12-31": {
        "Tax Effect Of Unusual Items": 0.0,
        "Tax Rate For Calcs": 0.0,
        "Normalized EBITDA": -21532000.0,
        "Net Income From Continuing Operation Net Minority Interest": -26413000.0,
        "Reconciled Depreciation": 606000.0,
        "EBITDA": -21532000.0,
        "EBIT": -22138000.0,
        "Net Interest Income": -412000.0,
        "Interest Expense": 4251000.0,
        "Interest Income": 3839000.0,
        "Normalized Income": -26413000.0,
        "Net Income From Continuing And Discontinued Operation": -26413000.0,
        "Total Expenses": 32781000.0,
        "Total Operating Income As Reported": -25973000.0,
        "Diluted Average Shares": 28446000.0,
        "Basic Average Shares": 28446000.0,
        "Diluted EPS": -0.93,
        "Basic EPS": -0.93,
        "Diluted NI Availto Com Stockholders": -26413000.0,
        "Net Income Common Stockholders": -26413000.0,
        "Net Income": -26413000.0,
        "Net Income Including Noncontrolling Interests": -26413000.0,
        "Net Income Continuous Operations": -26413000.0,
        "Pretax Income": -26389000.0,
        "Other Income Expense": -4000.0,
        "Other Non Operating Income Expenses": -4000.0,
        "Net Non Operating Interest Income Expense": -412000.0,
        "Interest Expense Non Operating": 4251000.0,
        "Interest Income Non Operating": 3839000.0,
        "Operating Income": -25973000.0,
        "Operating Expense": 32781000.0,
        "Research And Development": 23374000.0,
        "Selling General And Administration": 9407000.0,
        "General And Administrative Expense": 9407000.0,
        "Other Gand A": 9407000.0,
        "Total Revenue": 6808000.0,
        "Operating Revenue": 6808000.0
    },
    "2022-09-30": {
        "Tax Effect Of Unusual Items": 0.0,
        "Tax Rate For Calcs": 0.0,
        "Normalized EBITDA": -26782000.0,
        "Net Income From Continuing Operation Net Minority Interest": -33502000.0,
        "Reconciled Depreciation": 585000.0,
        "EBITDA": -26782000.0,
        "EBIT": -27367000.0,
        "Net Interest Income": -3873000.0,
        "Interest Expense": 6135000.0,
        "Interest Income": 2262000.0,
        "Normalized Income": -33502000.0,
        "Net Income From Continuing And Discontinued Operation": -33502000.0,
        "Total Expenses": 30926000.0,
        "Total Operating Income As Reported": -29633000.0,
        "Diluted Average Shares": 28289000.0,
        "Basic Average Shares": 28289000.0,
        "Diluted EPS": -1.18,
        "Basic EPS": -1.18,
        "Diluted NI Availto Com Stockholders": -33502000.0,
        "Net Income Common Stockholders": -33502000.0,
        "Net Income": -33502000.0,
        "Net Income Including Noncontrolling Interests": -33502000.0,
        "Net Income Continuous Operations": -33502000.0,
        "Tax Provision": NaN,
        "Pretax Income": -33502000.0,
        "Other Income Expense": 4000.0,
        "Other Non Operating Income Expenses": 4000.0,
        "Net Non Operating Interest Income Expense": -3873000.0,
        "Interest Expense Non Operating": 6135000.0,
        "Interest Income Non Operating": 2262000.0,
        "Operating Income": -29633000.0,
        "Operating Expense": 30926000.0,
        "Research And Development": 22064000.0,
        "Selling General And Administration": 8862000.0,
        "General And Administrative Expense": 8862000.0,
        "Other Gand A": 8862000.0,
        "Total Revenue": 1293000.0,
        "Operating Revenue": 1293000.0
    },
    "2022-06-30": {
        "Tax Effect Of Unusual Items": 0.0,
        "Tax Rate For Calcs": 0.0,
        "Normalized EBITDA": -26115000.0,
        "Net Income From Continuing Operation Net Minority Interest": -32554000.0,
        "Reconciled Depreciation": 571000.0,
        "EBITDA": -26115000.0,
        "EBIT": -26686000.0,
        "Net Interest Income": -4761000.0,
        "Interest Expense": 5868000.0,
        "Interest Income": 1107000.0,
        "Normalized Income": -32554000.0,
        "Net Income From Continuing And Discontinued Operation": -32554000.0,
        "Total Expenses": 29015000.0,
        "Total Operating Income As Reported": -27799000.0,
        "Diluted Average Shares": 28204000.0,
        "Basic Average Shares": 28204000.0,
        "Diluted EPS": -1.15,
        "Basic EPS": -1.15,
        "Diluted NI Availto Com Stockholders": -32554000.0,
        "Net Income Common Stockholders": -32554000.0,
        "Net Income": -32554000.0,
        "Net Income Including Noncontrolling Interests": -32554000.0,
        "Net Income Continuous Operations": -32554000.0,
        "Tax Provision": NaN,
        "Pretax Income": -32554000.0,
        "Other Income Expense": 6000.0,
        "Other Non Operating Income Expenses": 6000.0,
        "Net Non Operating Interest Income Expense": -4761000.0,
        "Interest Expense Non Operating": 5868000.0,
        "Interest Income Non Operating": 1107000.0,
        "Operating Income": -27799000.0,
        "Operating Expense": 29015000.0,
        "Research And Development": 20844000.0,
        "Selling General And Administration": 8171000.0,
        "General And Administrative Expense": 8171000.0,
        "Other Gand A": 8171000.0,
        "Total Revenue": 1216000.0,
        "Operating Revenue": 1216000.0
    },
    "2022-03-31": {
        "Diluted EPS": -1.31,
        "Total Revenue": 1,
        "Gross Profit": 1,
        "Operating Income": -32,
        "EBIT": -31,
        "Net Income": -36
    },
    "2021-12-31": {
        "Diluted EPS": -1.19,
        "Total Revenue": 1,
        "Gross Profit": 1,
        "Operating Income": -31,
        "EBIT": -31,
        "Net Income": -33
    },
    "2021-09-30": {
        "Diluted EPS": -0.24,
        "Total Revenue": 21,
        "Gross Profit": 21,
        "Operating Income": -7,
        "EBIT": -6,
        "Net Income": -7
    },
    "2021-06-30": {
        "Diluted EPS": -0.02,
        "Total Revenue": 30,
        "Gross Profit": 30,
        "Operating Income": -1,
        "EBIT": 0,
        "Net Income": 0
    },
    "2021-03-31": {
        "Diluted EPS": -0.66,
        "Total Revenue": 11,
        "Gross Profit": 11,
        "Operating Income": -18,
        "EBIT": -18,
        "Net Income": -18
    },
    "2020-12-31": {
        "Diluted EPS": 1.23,
        "Total Revenue": 60,
        "Gross Profit": 60,
        "Operating Income": 33,
        "EBIT": 34,
        "Net Income": 34
    },
    "2020-09-30": {
        "Diluted EPS": -0.87,
        "Total Revenue": NaN,
        "Gross Profit": NaN,
        "Operating Income": -24,
        "EBIT": -24,
        "Net Income": -24
    },
    "2020-06-30": {
        "Diluted EPS": -0.79,
        "Total Revenue": NaN,
        "Gross Profit": NaN,
        "Operating Income": -23,
        "EBIT": -22,
        "Net Income": -22
    },
    "2020-03-31": {
        "Diluted EPS": -0.3,
        "Total Revenue": 15,
        "Gross Profit": 15,
        "Operating Income": -10,
        "EBIT": -10,
        "Net Income": -8
    },
    "2019-12-31": {
        "Diluted EPS": -0.74,
        "Total Revenue": 3,
        "Gross Profit": 3,
        "Operating Income": -22,
        "EBIT": -24,
        "Net Income": -20
    },
    "2019-09-30": {
        "Diluted EPS": -1.15,
        "Total Revenue": NaN,
        "Gross Profit": NaN,
        "Operating Income": -34,
        "EBIT": -34,
        "Net Income": -31
    },
    "2019-06-30": {
        "Diluted EPS": -0.89,
        "Total Revenue": 5,
        "Gross Profit": 5,
        "Operating Income": -27,
        "EBIT": -27,
        "Net Income": -24
    },
    "2019-03-31": {
        "Diluted EPS": -0.82,
        "Total Revenue": NaN,
        "Gross Profit": NaN,
        "Operating Income": -25,
        "EBIT": -25,
        "Net Income": -22
    },
    "2018-12-31": {
        "Diluted EPS": -0.64,
        "Total Revenue": NaN,
        "Gross Profit": NaN,
        "Operating Income": -20,
        "EBIT": -21,
        "Net Income": -17
    },
    "2018-09-30": {
        "Diluted EPS": -0.66,
        "Total Revenue": 5,
        "Gross Profit": 5,
        "Operating Income": -17,
        "EBIT": -17,
        "Net Income": -16
    },
    "2018-06-30": {
        "Diluted EPS": -0.57,
        "Total Revenue": NaN,
        "Gross Profit": NaN,
        "Operating Income": -14,
        "EBIT": -14,
        "Net Income": -14
    },
    "2018-03-31": {
        "Diluted EPS": -0.63,
        "Total Revenue": NaN,
        "Gross Profit": NaN,
        "Operating Income": -16,
        "EBIT": -16,
        "Net Income": -15
    },
    "2017-12-31": {
        "Diluted EPS": -0.19,
        "Total Revenue": 3,
        "Gross Profit": 3,
        "Operating Income": -7,
        "EBIT": -7,
        "Net Income": -7
    },
    "2017-09-30": {
        "Diluted EPS": -0.45,
        "Total Revenue": NaN,
        "Gross Profit": NaN,
        "Operating Income": -9,
        "EBIT": -9,
        "Net Income": -9
    },
    "2017-06-30": {
        "Diluted EPS": -0.13,
        "Total Revenue": 7,
        "Gross Profit": 7,
        "Operating Income": -3,
        "EBIT": -3,
        "Net Income": -3
    },
    "2017-03-31": {
        "Diluted EPS": -0.75,
        "Total Revenue": NaN,
        "Gross Profit": NaN,
        "Operating Income": -10,
        "EBIT": -10,
        "Net Income": -11
    },
    "2016-12-31": {
        "Diluted EPS": -0.91,
        "Total Revenue": 3,
        "Gross Profit": 3,
        "Operating Income": -3,
        "EBIT": -3,
        "Net Income": -5
    },
    "2016-09-30": {
        "Diluted EPS": -0.42,
        "Total Revenue": 3,
        "Gross Profit": 3,
        "Operating Income": -1,
        "EBIT": -1,
        "Net Income": -1
    },
    "2016-06-30": {
        "Diluted EPS": 0.05,
        "Total Revenue": 6,
        "Gross Profit": 6,
        "Operating Income": 2,
        "EBIT": 2,
        "Net Income": 0
    },
    "2016-03-31": {
        "Diluted EPS": -0.34,
        "Total Revenue": 5,
        "Gross Profit": 5,
        "Operating Income": -1,
        "EBIT": -1,
        "Net Income": -1
    },
    "2015-12-31": {
        "Diluted EPS": 0.0,
        "Total Revenue": NaN,
        "Gross Profit": NaN,
        "Operating Income": NaN,
        "EBIT": NaN,
        "Net Income": NaN
    },
    "2014-12-31": {
        "Diluted EPS": 0.0,
        "Total Revenue": NaN,
        "Gross Profit": NaN,
        "Operating Income": NaN,
        "EBIT": NaN,
        "Net Income": NaN
    },
    "2013-12-31": {
        "Diluted EPS": 0.0,
        "Total Revenue": NaN,
        "Gross Profit": NaN,
        "Operating Income": NaN,
        "EBIT": NaN,
        "Net Income": NaN
    },
    "2023-06-30": {
        "Tax Effect Of Unusual Items": 0.0,
        "Tax Rate For Calcs": 0.0,
        "Normalized EBITDA": -34900000.0,
        "Net Income From Continuing Operation Net Minority Interest": -39845000.0,
        "Reconciled Depreciation": 587000.0,
        "EBITDA": -34900000.0,
        "EBIT": -35487000.0,
        "Net Interest Income": 295000.0,
        "Interest Expense": 4358000.0,
        "Interest Income": 4653000.0,
        "Normalized Income": -39845000.0,
        "Net Income From Continuing And Discontinued Operation": -39845000.0,
        "Total Expenses": 43603000.0,
        "Total Operating Income As Reported": -40143000.0,
        "Diluted Average Shares": 26629000.0,
        "Basic Average Shares": 26629000.0,
        "Diluted EPS": -1.5,
        "Basic EPS": -1.5,
        "Diluted NI Availto Com Stockholders": -39845000.0,
        "Net Income Common Stockholders": -39845000.0,
        "Net Income": -39845000.0,
        "Net Income Including Noncontrolling Interests": -39845000.0,
        "Net Income Continuous Operations": -39845000.0,
        "Pretax Income": -39845000.0,
        "Other Income Expense": 3000.0,
        "Other Non Operating Income Expenses": 3000.0,
        "Net Non Operating Interest Income Expense": 295000.0,
        "Interest Expense Non Operating": 4358000.0,
        "Interest Income Non Operating": 4653000.0,
        "Operating Income": -40143000.0,
        "Operating Expense": 43603000.0,
        "Research And Development": 32923000.0,
        "Selling General And Administration": 10680000.0,
        "General And Administrative Expense": 10680000.0,
        "Other Gand A": 10680000.0,
        "Total Revenue": 3460000.0,
        "Operating Revenue": 3460000.0
    },
    "2023-09-30": {
        "Tax Effect Of Unusual Items": 0.0,
        "Tax Rate For Calcs": 0.0,
        "Normalized EBITDA": -32285000.0,
        "Net Income From Continuing Operation Net Minority Interest": -37308000.0,
        "Reconciled Depreciation": 592000.0,
        "EBITDA": -32285000.0,
        "EBIT": -32877000.0,
        "Net Interest Income": 423000.0,
        "Interest Expense": 4431000.0,
        "Interest Income": 4854000.0,
        "Normalized Income": -37308000.0,
        "Net Income From Continuing And Discontinued Operation": -37308000.0,
        "Total Expenses": 41050000.0,
        "Total Operating Income As Reported": -37732000.0,
        "Diluted Average Shares": 26546000.0,
        "Basic Average Shares": 26546000.0,
        "Diluted EPS": -1.41,
        "Basic EPS": -1.41,
        "Diluted NI Availto Com Stockholders": -37308000.0,
        "Net Income Common Stockholders": -37308000.0,
        "Net Income": -37308000.0,
        "Net Income Including Noncontrolling Interests": -37308000.0,
        "Net Income Continuous Operations": -37308000.0,
        "Pretax Income": -37308000.0,
        "Other Income Expense": 1000.0,
        "Other Non Operating Income Expenses": 1000.0,
        "Net Non Operating Interest Income Expense": 423000.0,
        "Interest Expense Non Operating": 4431000.0,
        "Interest Income Non Operating": 4854000.0,
        "Operating Income": -37732000.0,
        "Operating Expense": 41050000.0,
        "Research And Development": 30878000.0,
        "Selling General And Administration": 10172000.0,
        "General And Administrative Expense": 10172000.0,
        "Other Gand A": 10172000.0,
        "Total Revenue": 3318000.0,
        "Operating Revenue": 3318000.0
    }
}