{
    "2023-03-31": {
        "Tax Effect Of Unusual Items": NaN,
        "Tax Rate For Calcs": NaN,
        "Normalized EBITDA": NaN,
        "Net Income From Continuing Operation Net Minority Interest": NaN,
        "EBITDA": NaN,
        "EBIT": NaN,
        "Net Interest Income": 79152.0,
        "Interest Expense": 0.0,
        "Interest Income": 79152.0,
        "Normalized Income": NaN,
        "Net Income From Continuing And Discontinued Operation": NaN,
        "Total Expenses": NaN,
        "Total Operating Income As Reported": NaN,
        "Diluted Average Shares": 25633217.0,
        "Basic Average Shares": 25633217.0,
        "Diluted EPS": -0.11,
        "Basic EPS": -0.11,
        "Diluted NI Availto Com Stockholders": NaN,
        "Net Income Common Stockholders": NaN,
        "Net Income": NaN,
        "Net Income Including Noncontrolling Interests": NaN,
        "Net Income Continuous Operations": NaN,
        "Pretax Income": NaN,
        "Other Income Expense": NaN,
        "Other Non Operating Income Expenses": NaN,
        "Net Non Operating Interest Income Expense": 79152.0,
        "Interest Expense Non Operating": 0.0,
        "Interest Income Non Operating": 79152.0,
        "Operating Income": NaN,
        "Operating Expense": NaN,
        "Research And Development": NaN,
        "Selling General And Administration": NaN,
        "General And Administrative Expense": NaN,
        "Other Gand A": NaN,
        "Salaries And Wages": NaN,
        "Total Revenue": NaN,
        "Operating Revenue": NaN
    },
    "2022-12-31": {
        "Tax Effect Of Unusual Items": NaN,
        "Tax Rate For Calcs": NaN,
        "Normalized EBITDA": NaN,
        "Net Income From Continuing Operation Net Minority Interest": NaN,
        "EBITDA": NaN,
        "EBIT": NaN,
        "Net Interest Income": NaN,
        "Interest Expense": 0.0,
        "Interest Income": NaN,
        "Normalized Income": NaN,
        "Net Income From Continuing And Discontinued Operation": NaN,
        "Total Expenses": NaN,
        "Total Operating Income As Reported": NaN,
        "Diluted Average Shares": NaN,
        "Basic Average Shares": NaN,
        "Diluted EPS": NaN,
        "Basic EPS": NaN,
        "Diluted NI Availto Com Stockholders": NaN,
        "Net Income Common Stockholders": NaN,
        "Net Income": NaN,
        "Net Income Including Noncontrolling Interests": NaN,
        "Net Income Continuous Operations": NaN,
        "Pretax Income": NaN,
        "Other Income Expense": NaN,
        "Other Non Operating Income Expenses": NaN,
        "Net Non Operating Interest Income Expense": NaN,
        "Interest Expense Non Operating": 0.0,
        "Interest Income Non Operating": NaN,
        "Operating Income": NaN,
        "Operating Expense": NaN,
        "Research And Development": NaN,
        "Selling General And Administration": NaN,
        "General And Administrative Expense": NaN,
        "Other Gand A": NaN,
        "Salaries And Wages": NaN,
        "Total Revenue": NaN,
        "Operating Revenue": NaN
    },
    "2022-09-30": {
        "Tax Effect Of Unusual Items": 0.0,
        "Tax Rate For Calcs": 0.0,
        "Normalized EBITDA": -2612047.0,
        "Net Income From Continuing Operation Net Minority Interest": -2611835.0,
        "EBITDA": -2612047.0,
        "EBIT": -2612047.0,
        "Net Interest Income": NaN,
        "Interest Income": NaN,
        "Normalized Income": -2611835.0,
        "Net Income From Continuing And Discontinued Operation": -2611835.0,
        "Total Expenses": 2612047.0,
        "Total Operating Income As Reported": -2612047.0,
        "Diluted Average Shares": 23416495.0,
        "Basic Average Shares": 23416495.0,
        "Diluted EPS": -0.11,
        "Basic EPS": -0.11,
        "Diluted NI Availto Com Stockholders": -2611835.0,
        "Net Income Common Stockholders": -2611835.0,
        "Net Income": -2611835.0,
        "Net Income Including Noncontrolling Interests": -2611835.0,
        "Net Income Continuous Operations": -2611835.0,
        "Pretax Income": -2611835.0,
        "Other Income Expense": 212.0,
        "Other Non Operating Income Expenses": 212.0,
        "Net Non Operating Interest Income Expense": NaN,
        "Interest Income Non Operating": NaN,
        "Operating Income": -2612047.0,
        "Operating Expense": 2612047.0,
        "Research And Development": 1223776.0,
        "Selling General And Administration": 1388271.0,
        "General And Administrative Expense": 1388271.0,
        "Other Gand A": 578863.0,
        "Salaries And Wages": 809408.0,
        "Total Revenue": 0.0,
        "Operating Revenue": 0.0
    },
    "2022-06-30": {
        "Tax Effect Of Unusual Items": 0.0,
        "Tax Rate For Calcs": 0.0,
        "Normalized EBITDA": -2322742.0,
        "Net Income From Continuing Operation Net Minority Interest": -2322742.0,
        "EBITDA": -2322742.0,
        "EBIT": -2322742.0,
        "Net Interest Income": 1929.0,
        "Interest Expense": 0.0,
        "Interest Income": 1929.0,
        "Normalized Income": -2322742.0,
        "Net Income From Continuing And Discontinued Operation": -2322742.0,
        "Total Expenses": 2325484.0,
        "Total Operating Income As Reported": -2325484.0,
        "Diluted Average Shares": 23344567.0,
        "Basic Average Shares": 23344567.0,
        "Diluted EPS": -0.1,
        "Basic EPS": -0.1,
        "Diluted NI Availto Com Stockholders": -2322742.0,
        "Net Income Common Stockholders": -2322742.0,
        "Otherunder Preferred Stock Dividend": 0.0,
        "Net Income": -2322742.0,
        "Net Income Including Noncontrolling Interests": -2322742.0,
        "Net Income Continuous Operations": -2322742.0,
        "Pretax Income": -2322742.0,
        "Other Income Expense": 813.0,
        "Other Non Operating Income Expenses": 813.0,
        "Net Non Operating Interest Income Expense": 1929.0,
        "Interest Expense Non Operating": 0.0,
        "Interest Income Non Operating": 1929.0,
        "Operating Income": -2325484.0,
        "Operating Expense": 2325484.0,
        "Research And Development": 1118141.0,
        "Selling General And Administration": 1207343.0,
        "General And Administrative Expense": 1207343.0,
        "Other Gand A": 1207343.0,
        "Salaries And Wages": 1901418.0,
        "Total Revenue": 0.0,
        "Operating Revenue": 0.0
    },
    "2022-03-31": {
        "Diluted EPS": -0.08,
        "Total Revenue": NaN,
        "Gross Profit": NaN,
        "Operating Income": -2,
        "EBIT": -2,
        "Net Income": -2
    },
    "2021-12-31": {
        "Diluted EPS": -0.05,
        "Total Revenue": NaN,
        "Gross Profit": NaN,
        "Operating Income": -1,
        "EBIT": -1,
        "Net Income": -1
    },
    "2021-09-30": {
        "Diluted EPS": -0.07,
        "Total Revenue": NaN,
        "Gross Profit": NaN,
        "Operating Income": -2,
        "EBIT": -2,
        "Net Income": -2
    },
    "2021-06-30": {
        "Diluted EPS": -1.59,
        "Total Revenue": NaN,
        "Gross Profit": NaN,
        "Operating Income": -2,
        "EBIT": -2,
        "Net Income": -29
    },
    "2021-03-31": {
        "Diluted EPS": -0.68,
        "Total Revenue": NaN,
        "Gross Profit": NaN,
        "Operating Income": -1,
        "EBIT": -1,
        "Net Income": -9
    },
    "2020-12-31": {
        "Diluted EPS": -0.03,
        "Total Revenue": NaN,
        "Gross Profit": NaN,
        "Operating Income": 0,
        "EBIT": 0,
        "Net Income": 0
    },
    "2020-09-30": {
        "Diluted EPS": -0.02,
        "Total Revenue": NaN,
        "Gross Profit": NaN,
        "Operating Income": 0,
        "EBIT": 0,
        "Net Income": 0
    },
    "2020-06-30": {
        "Diluted EPS": 0.0,
        "Total Revenue": NaN,
        "Gross Profit": NaN,
        "Operating Income": NaN,
        "EBIT": NaN,
        "Net Income": NaN
    },
    "2023-06-30": {
        "Tax Effect Of Unusual Items": 0.0,
        "Tax Rate For Calcs": 0.0,
        "Normalized EBITDA": -2494389.0,
        "Net Income From Continuing Operation Net Minority Interest": -2495580.0,
        "EBITDA": -2494389.0,
        "EBIT": -2494389.0,
        "Net Interest Income": NaN,
        "Interest Expense": NaN,
        "Interest Income": NaN,
        "Normalized Income": -2495580.0,
        "Net Income From Continuing And Discontinued Operation": -2495580.0,
        "Total Expenses": 2494389.0,
        "Total Operating Income As Reported": -2494389.0,
        "Diluted Average Shares": 25633217.0,
        "Basic Average Shares": 25633217.0,
        "Diluted EPS": -0.1,
        "Basic EPS": -0.1,
        "Diluted NI Availto Com Stockholders": -2495580.0,
        "Net Income Common Stockholders": -2495580.0,
        "Net Income": -2495580.0,
        "Net Income Including Noncontrolling Interests": -2495580.0,
        "Net Income Continuous Operations": -2495580.0,
        "Pretax Income": -2495580.0,
        "Other Income Expense": -93598.0,
        "Other Non Operating Income Expenses": -93598.0,
        "Net Non Operating Interest Income Expense": NaN,
        "Interest Expense Non Operating": NaN,
        "Interest Income Non Operating": NaN,
        "Operating Income": -2494389.0,
        "Operating Expense": 2494389.0,
        "Research And Development": 1417159.0,
        "Selling General And Administration": 1077230.0,
        "General And Administrative Expense": 1077230.0,
        "Other Gand A": 431060.0,
        "Salaries And Wages": 646170.0,
        "Total Revenue": 0.0,
        "Operating Revenue": 0.0
    },
    "2023-09-30": {
        "Tax Effect Of Unusual Items": 0.0,
        "Tax Rate For Calcs": 0.0,
        "Normalized EBITDA": -2543678.0,
        "Net Income From Continuing Operation Net Minority Interest": -2480823.0,
        "EBITDA": -2543678.0,
        "EBIT": -2543678.0,
        "Net Interest Income": 55198.0,
        "Interest Expense": NaN,
        "Interest Income": 55198.0,
        "Normalized Income": -2480823.0,
        "Net Income From Continuing And Discontinued Operation": -2480823.0,
        "Total Expenses": 2543678.0,
        "Total Operating Income As Reported": -2543678.0,
        "Diluted Average Shares": 25633217.0,
        "Basic Average Shares": 25633217.0,
        "Diluted EPS": -0.1,
        "Basic EPS": -0.1,
        "Diluted NI Availto Com Stockholders": -2480823.0,
        "Net Income Common Stockholders": -2480823.0,
        "Net Income": -2480823.0,
        "Net Income Including Noncontrolling Interests": -2480823.0,
        "Net Income Continuous Operations": -2480823.0,
        "Pretax Income": -2480823.0,
        "Other Income Expense": 7657.0,
        "Other Non Operating Income Expenses": 7657.0,
        "Net Non Operating Interest Income Expense": 55198.0,
        "Interest Expense Non Operating": NaN,
        "Interest Income Non Operating": 55198.0,
        "Operating Income": -2543678.0,
        "Operating Expense": 2543678.0,
        "Research And Development": 1270220.0,
        "Selling General And Administration": 1273458.0,
        "General And Administrative Expense": 1273458.0,
        "Other Gand A": 680426.0,
        "Salaries And Wages": 593032.0,
        "Total Revenue": 0.0,
        "Operating Revenue": 0.0
    },
    "2023-12-31": {
        "Tax Effect Of Unusual Items": 0.0,
        "Tax Rate For Calcs": 0.0,
        "Normalized EBITDA": -2685531.0,
        "Net Income From Continuing Operation Net Minority Interest": -2717369.0,
        "EBITDA": -2685531.0,
        "EBIT": -2685531.0,
        "Net Interest Income": 43684.0,
        "Interest Expense": 31838.0,
        "Interest Income": 75522.0,
        "Normalized Income": -2717369.0,
        "Net Income From Continuing And Discontinued Operation": -2717369.0,
        "Total Expenses": 2760459.0,
        "Total Operating Income As Reported": -2760459.0,
        "Diluted Average Shares": 25789739.0,
        "Basic Average Shares": 25789739.0,
        "Diluted EPS": -0.11,
        "Basic EPS": -0.11,
        "Diluted NI Availto Com Stockholders": -2717369.0,
        "Net Income Common Stockholders": -2717369.0,
        "Net Income": -2717369.0,
        "Net Income Including Noncontrolling Interests": -2717369.0,
        "Net Income Continuous Operations": -2717369.0,
        "Pretax Income": -2717369.0,
        "Other Income Expense": -594.0,
        "Other Non Operating Income Expenses": -594.0,
        "Net Non Operating Interest Income Expense": 43684.0,
        "Interest Expense Non Operating": 31838.0,
        "Interest Income Non Operating": 75522.0,
        "Operating Income": -2760459.0,
        "Operating Expense": 2760459.0,
        "Research And Development": 1062672.0,
        "Selling General And Administration": 1697787.0,
        "General And Administrative Expense": 1697787.0,
        "Other Gand A": 512829.0,
        "Salaries And Wages": 1184958.0,
        "Total Revenue": 0.0,
        "Operating Revenue": 0.0
    },
    "2024-03-31": {
        "Tax Effect Of Unusual Items": 0.0,
        "Tax Rate For Calcs": 0.0,
        "Normalized EBITDA": -1593846.0,
        "Net Income From Continuing Operation Net Minority Interest": -1653542.0,
        "EBITDA": -1593846.0,
        "EBIT": -1593846.0,
        "Net Interest Income": 8388.0,
        "Interest Expense": 59696.0,
        "Interest Income": 68084.0,
        "Normalized Income": -1653542.0,
        "Net Income From Continuing And Discontinued Operation": -1653542.0,
        "Total Expenses": 1664251.0,
        "Total Operating Income As Reported": -1664251.0,
        "Diluted Average Shares": 25933217.0,
        "Basic Average Shares": 25933217.0,
        "Diluted EPS": -0.06,
        "Basic EPS": -0.06,
        "Diluted NI Availto Com Stockholders": -1653542.0,
        "Net Income Common Stockholders": -1653542.0,
        "Net Income": -1653542.0,
        "Net Income Including Noncontrolling Interests": -1653542.0,
        "Net Income Continuous Operations": -1653542.0,
        "Pretax Income": -1653542.0,
        "Other Income Expense": 2321.0,
        "Other Non Operating Income Expenses": 2321.0,
        "Net Non Operating Interest Income Expense": 8388.0,
        "Interest Expense Non Operating": 59696.0,
        "Interest Income Non Operating": 68084.0,
        "Operating Income": -1664251.0,
        "Operating Expense": 1664251.0,
        "Research And Development": 748339.0,
        "Selling General And Administration": 915912.0,
        "General And Administrative Expense": 915912.0,
        "Other Gand A": 322309.0,
        "Salaries And Wages": 593603.0,
        "Total Revenue": 0.0,
        "Operating Revenue": 0.0
    },
    "2024-06-30": {
        "Tax Effect Of Unusual Items": 0.0,
        "Tax Rate For Calcs": 0.0,
        "Normalized EBITDA": -1290273.0,
        "Net Income From Continuing Operation Net Minority Interest": -1349969.0,
        "EBITDA": -1290273.0,
        "EBIT": -1290273.0,
        "Net Interest Income": -9478.0,
        "Interest Expense": 59696.0,
        "Interest Income": 50218.0,
        "Normalized Income": -1349969.0,
        "Net Income From Continuing And Discontinued Operation": -1349969.0,
        "Total Expenses": 1340367.0,
        "Total Operating Income As Reported": -1340367.0,
        "Diluted Average Shares": NaN,
        "Basic Average Shares": NaN,
        "Diluted EPS": NaN,
        "Basic EPS": NaN,
        "Diluted NI Availto Com Stockholders": -1349969.0,
        "Net Income Common Stockholders": -1349969.0,
        "Net Income": -1349969.0,
        "Net Income Including Noncontrolling Interests": -1349969.0,
        "Net Income Continuous Operations": -1349969.0,
        "Pretax Income": -1349969.0,
        "Other Income Expense": -124.0,
        "Other Non Operating Income Expenses": -124.0,
        "Net Non Operating Interest Income Expense": -9478.0,
        "Interest Expense Non Operating": 59696.0,
        "Interest Income Non Operating": 50218.0,
        "Operating Income": -1340367.0,
        "Operating Expense": 1340367.0,
        "Research And Development": 467706.0,
        "Selling General And Administration": 872661.0,
        "General And Administrative Expense": 872661.0,
        "Other Gand A": 282482.0,
        "Salaries And Wages": 590179.0,
        "Total Revenue": 0.0,
        "Operating Revenue": 0.0
    }
}