{
    "2023-04-30": {
        "Tax Effect Of Unusual Items": 0.0,
        "Tax Rate For Calcs": 0.0,
        "Normalized EBITDA": -2548000.0,
        "Net Income From Continuing Operation Net Minority Interest": -2288000.0,
        "Reconciled Depreciation": 12000.0,
        "Reconciled Cost Of Revenue": 161000.0,
        "EBITDA": -2548000.0,
        "EBIT": -2560000.0,
        "Net Interest Income": 253000.0,
        "Interest Income": 253000.0,
        "Normalized Income": -2288000.0,
        "Net Income From Continuing And Discontinued Operation": -2288000.0,
        "Total Expenses": 2770000.0,
        "Total Operating Income As Reported": -2560000.0,
        "Diluted Average Shares": 30930000.0,
        "Basic Average Shares": 30930000.0,
        "Diluted EPS": -0.07,
        "Basic EPS": -0.07,
        "Diluted NI Availto Com Stockholders": -2288000.0,
        "Net Income Common Stockholders": -2288000.0,
        "Net Income": -2288000.0,
        "Minority Interests": 19000.0,
        "Net Income Including Noncontrolling Interests": -2307000.0,
        "Net Income Continuous Operations": -2307000.0,
        "Pretax Income": -2307000.0,
        "Net Non Operating Interest Income Expense": 253000.0,
        "Interest Income Non Operating": 253000.0,
        "Operating Income": -2560000.0,
        "Operating Expense": 2609000.0,
        "Research And Development": 998000.0,
        "Selling General And Administration": 1611000.0,
        "General And Administrative Expense": 1611000.0,
        "Other Gand A": 1611000.0,
        "Salaries And Wages": NaN,
        "Gross Profit": 49000.0,
        "Cost Of Revenue": 161000.0,
        "Total Revenue": 210000.0,
        "Operating Revenue": 210000.0
    },
    "2023-01-31": {
        "Tax Effect Of Unusual Items": 0.0,
        "Tax Rate For Calcs": 0.0,
        "Normalized EBITDA": -2545000.0,
        "Net Income From Continuing Operation Net Minority Interest": -2322000.0,
        "Reconciled Depreciation": 11000.0,
        "Reconciled Cost Of Revenue": NaN,
        "EBITDA": -2545000.0,
        "EBIT": -2556000.0,
        "Net Interest Income": 202000.0,
        "Interest Income": 202000.0,
        "Normalized Income": -2322000.0,
        "Net Income From Continuing And Discontinued Operation": -2322000.0,
        "Total Expenses": 2556000.0,
        "Total Operating Income As Reported": -2556000.0,
        "Diluted Average Shares": 30921000.0,
        "Basic Average Shares": 30921000.0,
        "Diluted EPS": -0.08,
        "Basic EPS": -0.08,
        "Diluted NI Availto Com Stockholders": -2322000.0,
        "Net Income Common Stockholders": -2322000.0,
        "Net Income": -2322000.0,
        "Minority Interests": 32000.0,
        "Net Income Including Noncontrolling Interests": -2354000.0,
        "Net Income Continuous Operations": -2354000.0,
        "Pretax Income": -2354000.0,
        "Net Non Operating Interest Income Expense": 202000.0,
        "Interest Income Non Operating": 202000.0,
        "Operating Income": -2556000.0,
        "Operating Expense": 2556000.0,
        "Research And Development": 1068000.0,
        "Selling General And Administration": 1488000.0,
        "General And Administrative Expense": 1488000.0,
        "Other Gand A": 1488000.0,
        "Salaries And Wages": NaN,
        "Gross Profit": NaN,
        "Cost Of Revenue": NaN,
        "Total Revenue": 0.0,
        "Operating Revenue": 0.0
    },
    "2022-10-31": {
        "Tax Effect Of Unusual Items": NaN,
        "Tax Rate For Calcs": NaN,
        "Normalized EBITDA": NaN,
        "Net Income From Continuing Operation Net Minority Interest": NaN,
        "Reconciled Depreciation": NaN,
        "Reconciled Cost Of Revenue": 0.0,
        "EBITDA": NaN,
        "EBIT": NaN,
        "Net Interest Income": NaN,
        "Interest Income": NaN,
        "Normalized Income": NaN,
        "Net Income From Continuing And Discontinued Operation": NaN,
        "Total Expenses": NaN,
        "Total Operating Income As Reported": NaN,
        "Diluted Average Shares": NaN,
        "Basic Average Shares": NaN,
        "Diluted EPS": NaN,
        "Basic EPS": NaN,
        "Diluted NI Availto Com Stockholders": NaN,
        "Net Income Common Stockholders": NaN,
        "Net Income": NaN,
        "Minority Interests": NaN,
        "Net Income Including Noncontrolling Interests": NaN,
        "Net Income Continuous Operations": NaN,
        "Pretax Income": NaN,
        "Net Non Operating Interest Income Expense": NaN,
        "Interest Income Non Operating": NaN,
        "Operating Income": NaN,
        "Operating Expense": NaN,
        "Research And Development": NaN,
        "Selling General And Administration": NaN,
        "General And Administrative Expense": NaN,
        "Other Gand A": NaN,
        "Salaries And Wages": NaN,
        "Gross Profit": 0.0,
        "Cost Of Revenue": 0.0,
        "Total Revenue": NaN,
        "Operating Revenue": NaN
    },
    "2022-07-31": {
        "Tax Effect Of Unusual Items": 0.0,
        "Tax Rate For Calcs": 0.0,
        "Normalized EBITDA": -2787000.0,
        "Net Income From Continuing Operation Net Minority Interest": -2746000.0,
        "Reconciled Depreciation": 10000.0,
        "Reconciled Cost Of Revenue": 0.0,
        "EBITDA": -2787000.0,
        "EBIT": -2797000.0,
        "Net Interest Income": 22000.0,
        "Interest Income": 22000.0,
        "Normalized Income": -2746000.0,
        "Net Income From Continuing And Discontinued Operation": -2746000.0,
        "Total Expenses": 2797000.0,
        "Total Operating Income As Reported": -2797000.0,
        "Diluted Average Shares": 30451000.0,
        "Basic Average Shares": 30451000.0,
        "Diluted EPS": -0.09,
        "Basic EPS": -0.09,
        "Diluted NI Availto Com Stockholders": -2746000.0,
        "Net Income Common Stockholders": -2746000.0,
        "Net Income": -2746000.0,
        "Minority Interests": 29000.0,
        "Net Income Including Noncontrolling Interests": -2775000.0,
        "Net Income Continuous Operations": -2775000.0,
        "Pretax Income": -2775000.0,
        "Net Non Operating Interest Income Expense": 22000.0,
        "Interest Income Non Operating": 22000.0,
        "Operating Income": -2797000.0,
        "Operating Expense": 2797000.0,
        "Research And Development": 1445000.0,
        "Selling General And Administration": 1352000.0,
        "General And Administrative Expense": 1352000.0,
        "Other Gand A": 1352000.0,
        "Salaries And Wages": NaN,
        "Gross Profit": 0.0,
        "Cost Of Revenue": 0.0,
        "Total Revenue": 0.0,
        "Operating Revenue": 0.0
    },
    "2022-04-30": {
        "Diluted EPS": -0.12,
        "Total Revenue": NaN,
        "Gross Profit": NaN,
        "Operating Income": -4,
        "EBIT": -4,
        "Net Income": -4
    },
    "2022-01-31": {
        "Diluted EPS": -0.13,
        "Total Revenue": NaN,
        "Gross Profit": NaN,
        "Operating Income": -4,
        "EBIT": -4,
        "Net Income": -4
    },
    "2021-10-31": {
        "Diluted EPS": -0.14,
        "Total Revenue": 0,
        "Gross Profit": 0,
        "Operating Income": -4,
        "EBIT": -4,
        "Net Income": -4
    },
    "2021-07-31": {
        "Diluted EPS": -0.14,
        "Total Revenue": NaN,
        "Gross Profit": NaN,
        "Operating Income": -4,
        "EBIT": -4,
        "Net Income": -4
    },
    "2021-04-30": {
        "Diluted EPS": -0.08,
        "Total Revenue": NaN,
        "Gross Profit": NaN,
        "Operating Income": -2,
        "EBIT": -2,
        "Net Income": -2
    },
    "2021-01-31": {
        "Diluted EPS": -0.09,
        "Total Revenue": 1,
        "Gross Profit": 1,
        "Operating Income": -2,
        "EBIT": -2,
        "Net Income": -2
    },
    "2020-10-31": {
        "Diluted EPS": -0.09,
        "Total Revenue": NaN,
        "Gross Profit": NaN,
        "Operating Income": -2,
        "EBIT": -2,
        "Net Income": -2
    },
    "2020-07-31": {
        "Diluted EPS": -0.11,
        "Total Revenue": NaN,
        "Gross Profit": NaN,
        "Operating Income": -2,
        "EBIT": -2,
        "Net Income": -3
    },
    "2020-04-30": {
        "Diluted EPS": -0.12,
        "Total Revenue": NaN,
        "Gross Profit": NaN,
        "Operating Income": -3,
        "EBIT": -3,
        "Net Income": -3
    },
    "2020-01-31": {
        "Diluted EPS": -0.13,
        "Total Revenue": NaN,
        "Gross Profit": NaN,
        "Operating Income": -3,
        "EBIT": -3,
        "Net Income": -3
    },
    "2019-10-31": {
        "Diluted EPS": -0.1,
        "Total Revenue": NaN,
        "Gross Profit": NaN,
        "Operating Income": -2,
        "EBIT": -2,
        "Net Income": -2
    },
    "2019-07-31": {
        "Diluted EPS": -0.11,
        "Total Revenue": NaN,
        "Gross Profit": NaN,
        "Operating Income": -2,
        "EBIT": -2,
        "Net Income": -2
    },
    "2019-04-30": {
        "Diluted EPS": -0.13,
        "Total Revenue": 0,
        "Gross Profit": 0,
        "Operating Income": -3,
        "EBIT": -2,
        "Net Income": -3
    },
    "2019-01-31": {
        "Diluted EPS": -0.25,
        "Total Revenue": NaN,
        "Gross Profit": NaN,
        "Operating Income": -5,
        "EBIT": -5,
        "Net Income": -5
    },
    "2018-10-31": {
        "Diluted EPS": -0.3,
        "Total Revenue": 0,
        "Gross Profit": 0,
        "Operating Income": -5,
        "EBIT": -5,
        "Net Income": -5
    },
    "2018-07-31": {
        "Diluted EPS": -0.3,
        "Total Revenue": 0,
        "Gross Profit": 0,
        "Operating Income": -6,
        "EBIT": -6,
        "Net Income": -5
    },
    "2018-04-30": {
        "Diluted EPS": -0.08,
        "Total Revenue": 1,
        "Gross Profit": 1,
        "Operating Income": -1,
        "EBIT": -1,
        "Net Income": -1
    },
    "2018-01-31": {
        "Diluted EPS": -0.11,
        "Total Revenue": NaN,
        "Gross Profit": NaN,
        "Operating Income": -2,
        "EBIT": -2,
        "Net Income": -2
    },
    "2017-10-31": {
        "Diluted EPS": -0.07,
        "Total Revenue": NaN,
        "Gross Profit": NaN,
        "Operating Income": -2,
        "EBIT": -2,
        "Net Income": -2
    },
    "2017-07-31": {
        "Diluted EPS": -0.12,
        "Total Revenue": 0,
        "Gross Profit": 0,
        "Operating Income": -2,
        "EBIT": -2,
        "Net Income": -2
    },
    "2017-04-30": {
        "Diluted EPS": 0.02,
        "Total Revenue": NaN,
        "Gross Profit": NaN,
        "Operating Income": -1,
        "EBIT": -1,
        "Net Income": 0
    },
    "2017-01-31": {
        "Diluted EPS": -0.41,
        "Total Revenue": NaN,
        "Gross Profit": NaN,
        "Operating Income": -1,
        "EBIT": -1,
        "Net Income": -4
    },
    "2016-10-31": {
        "Diluted EPS": -0.11,
        "Total Revenue": 0,
        "Gross Profit": 0,
        "Operating Income": -1,
        "EBIT": -1,
        "Net Income": -1
    },
    "2016-07-31": {
        "Diluted EPS": -0.13,
        "Total Revenue": 0,
        "Gross Profit": 0,
        "Operating Income": -1,
        "EBIT": -1,
        "Net Income": -1
    },
    "2016-04-30": {
        "Diluted EPS": -0.15,
        "Total Revenue": NaN,
        "Gross Profit": NaN,
        "Operating Income": -1,
        "EBIT": -1,
        "Net Income": -1
    },
    "2016-01-31": {
        "Diluted EPS": -0.18,
        "Total Revenue": NaN,
        "Gross Profit": NaN,
        "Operating Income": -1,
        "EBIT": -1,
        "Net Income": -2
    },
    "2015-10-31": {
        "Diluted EPS": -0.13,
        "Total Revenue": NaN,
        "Gross Profit": NaN,
        "Operating Income": -1,
        "EBIT": -1,
        "Net Income": -1
    },
    "2015-07-31": {
        "Diluted EPS": -0.18,
        "Total Revenue": 0,
        "Gross Profit": 0,
        "Operating Income": -1,
        "EBIT": -1,
        "Net Income": -2
    },
    "2015-04-30": {
        "Diluted EPS": -0.26,
        "Total Revenue": 0,
        "Gross Profit": 0,
        "Operating Income": -2,
        "EBIT": -2,
        "Net Income": -2
    },
    "2015-01-31": {
        "Diluted EPS": 0.41,
        "Total Revenue": 9,
        "Gross Profit": 9,
        "Operating Income": 4,
        "EBIT": 4,
        "Net Income": 4
    },
    "2014-10-31": {
        "Diluted EPS": -0.14,
        "Total Revenue": 1,
        "Gross Profit": 1,
        "Operating Income": -2,
        "EBIT": -1,
        "Net Income": -3
    },
    "2014-07-31": {
        "Diluted EPS": 0.04,
        "Total Revenue": 1,
        "Gross Profit": 1,
        "Operating Income": 0,
        "EBIT": 0,
        "Net Income": 0
    },
    "2014-04-30": {
        "Diluted EPS": -0.5,
        "Total Revenue": 1,
        "Gross Profit": 1,
        "Operating Income": -1,
        "EBIT": -1,
        "Net Income": -3
    },
    "2014-01-31": {
        "Diluted EPS": -0.5,
        "Total Revenue": NaN,
        "Gross Profit": NaN,
        "Operating Income": -2,
        "EBIT": -2,
        "Net Income": -4
    },
    "2013-10-31": {
        "Diluted EPS": -0.5,
        "Total Revenue": NaN,
        "Gross Profit": NaN,
        "Operating Income": -2,
        "EBIT": -2,
        "Net Income": -3
    },
    "2013-07-31": {
        "Diluted EPS": -0.25,
        "Total Revenue": NaN,
        "Gross Profit": NaN,
        "Operating Income": -2,
        "EBIT": -2,
        "Net Income": -3
    },
    "2013-04-30": {
        "Diluted EPS": -0.25,
        "Total Revenue": NaN,
        "Gross Profit": NaN,
        "Operating Income": -2,
        "EBIT": -1,
        "Net Income": -2
    },
    "2013-01-31": {
        "Diluted EPS": -0.25,
        "Total Revenue": NaN,
        "Gross Profit": NaN,
        "Operating Income": -2,
        "EBIT": -2,
        "Net Income": -2
    },
    "2012-10-31": {
        "Diluted EPS": 0.0,
        "Total Revenue": 0,
        "Gross Profit": 0,
        "Operating Income": -2,
        "EBIT": -2,
        "Net Income": -2
    },
    "2012-07-31": {
        "Diluted EPS": 0.0,
        "Total Revenue": 0,
        "Gross Profit": 0,
        "Operating Income": -1,
        "EBIT": -1,
        "Net Income": -1
    },
    "2012-04-30": {
        "Diluted EPS": 0.0,
        "Total Revenue": 0,
        "Gross Profit": 0,
        "Operating Income": -1,
        "EBIT": -1,
        "Net Income": -1
    },
    "2012-01-31": {
        "Diluted EPS": 0.0,
        "Total Revenue": 0,
        "Gross Profit": 0,
        "Operating Income": -1,
        "EBIT": -1,
        "Net Income": -1
    },
    "2011-10-31": {
        "Diluted EPS": -0.25,
        "Total Revenue": 0,
        "Gross Profit": 0,
        "Operating Income": -1,
        "EBIT": -1,
        "Net Income": -3
    },
    "2011-07-31": {
        "Diluted EPS": -0.25,
        "Total Revenue": 0,
        "Gross Profit": 0,
        "Operating Income": -1,
        "EBIT": -1,
        "Net Income": -2
    },
    "2011-04-30": {
        "Diluted EPS": -0.25,
        "Total Revenue": 0,
        "Gross Profit": 0,
        "Operating Income": -1,
        "EBIT": -1,
        "Net Income": -1
    },
    "2011-01-31": {
        "Diluted EPS": -0.25,
        "Total Revenue": 0,
        "Gross Profit": 0,
        "Operating Income": -2,
        "EBIT": -2,
        "Net Income": -2
    },
    "2010-10-31": {
        "Diluted EPS": 0.0,
        "Total Revenue": 0,
        "Gross Profit": 0,
        "Operating Income": -1,
        "EBIT": -1,
        "Net Income": -1
    },
    "2010-07-31": {
        "Diluted EPS": -0.25,
        "Total Revenue": 0,
        "Gross Profit": 0,
        "Operating Income": -1,
        "EBIT": -1,
        "Net Income": -1
    },
    "2010-04-30": {
        "Diluted EPS": -0.25,
        "Total Revenue": 0,
        "Gross Profit": 0,
        "Operating Income": -1,
        "EBIT": -1,
        "Net Income": -1
    },
    "2010-01-31": {
        "Diluted EPS": -0.25,
        "Total Revenue": 0,
        "Gross Profit": 0,
        "Operating Income": -2,
        "EBIT": -2,
        "Net Income": -2
    },
    "2009-10-31": {
        "Diluted EPS": -2.25,
        "Total Revenue": 0,
        "Gross Profit": 0,
        "Operating Income": -3,
        "EBIT": -3,
        "Net Income": -13
    },
    "2009-07-31": {
        "Diluted EPS": -0.25,
        "Total Revenue": 0,
        "Gross Profit": 0,
        "Operating Income": -1,
        "EBIT": -1,
        "Net Income": -1
    },
    "2009-04-30": {
        "Diluted EPS": -0.25,
        "Total Revenue": 0,
        "Gross Profit": 0,
        "Operating Income": -1,
        "EBIT": -1,
        "Net Income": -1
    },
    "2009-01-31": {
        "Diluted EPS": -0.25,
        "Total Revenue": 0,
        "Gross Profit": 0,
        "Operating Income": -1,
        "EBIT": -1,
        "Net Income": -1
    },
    "2023-07-31": {
        "Tax Effect Of Unusual Items": 0.0,
        "Tax Rate For Calcs": 0.0,
        "Normalized EBITDA": -2833000.0,
        "Net Income From Continuing Operation Net Minority Interest": -2511000.0,
        "Reconciled Depreciation": 11000.0,
        "Reconciled Cost Of Revenue": 0.0,
        "EBITDA": -2833000.0,
        "EBIT": -2844000.0,
        "Net Interest Income": 296000.0,
        "Interest Income": 296000.0,
        "Normalized Income": -2511000.0,
        "Net Income From Continuing And Discontinued Operation": -2511000.0,
        "Total Expenses": 2844000.0,
        "Total Operating Income As Reported": -2844000.0,
        "Diluted Average Shares": 30974000.0,
        "Basic Average Shares": 30974000.0,
        "Diluted EPS": -0.08,
        "Basic EPS": -0.08,
        "Diluted NI Availto Com Stockholders": -2511000.0,
        "Net Income Common Stockholders": -2511000.0,
        "Net Income": -2511000.0,
        "Minority Interests": 37000.0,
        "Net Income Including Noncontrolling Interests": -2548000.0,
        "Net Income Continuous Operations": -2548000.0,
        "Pretax Income": -2548000.0,
        "Net Non Operating Interest Income Expense": 296000.0,
        "Interest Income Non Operating": 296000.0,
        "Operating Income": -2844000.0,
        "Operating Expense": 2844000.0,
        "Research And Development": 1088000.0,
        "Selling General And Administration": 1756000.0,
        "General And Administrative Expense": 1756000.0,
        "Other Gand A": 1059000.0,
        "Salaries And Wages": 697000.0,
        "Gross Profit": 0.0,
        "Cost Of Revenue": 0.0,
        "Total Revenue": 0.0,
        "Operating Revenue": 0.0
    },
    "2023-10-31": {
        "Tax Effect Of Unusual Items": 0.0,
        "Tax Rate For Calcs": 0.0,
        "Normalized EBITDA": -3039000.0,
        "Net Income From Continuing Operation Net Minority Interest": -2690000.0,
        "Reconciled Depreciation": 12000.0,
        "Reconciled Cost Of Revenue": 0.0,
        "EBITDA": -3039000.0,
        "EBIT": -3051000.0,
        "Net Interest Income": 330000.0,
        "Interest Income": 330000.0,
        "Normalized Income": -2690000.0,
        "Net Income From Continuing And Discontinued Operation": -2690000.0,
        "Total Expenses": 3051000.0,
        "Total Operating Income As Reported": -3051000.0,
        "Diluted Average Shares": NaN,
        "Basic Average Shares": NaN,
        "Diluted EPS": NaN,
        "Basic EPS": NaN,
        "Diluted NI Availto Com Stockholders": -2690000.0,
        "Net Income Common Stockholders": -2690000.0,
        "Net Income": -2690000.0,
        "Minority Interests": 31000.0,
        "Net Income Including Noncontrolling Interests": -2721000.0,
        "Net Income Continuous Operations": -2721000.0,
        "Pretax Income": -2721000.0,
        "Net Non Operating Interest Income Expense": 330000.0,
        "Interest Income Non Operating": 330000.0,
        "Operating Income": -3051000.0,
        "Operating Expense": 3051000.0,
        "Research And Development": 1615000.0,
        "Selling General And Administration": 1436000.0,
        "General And Administrative Expense": 1436000.0,
        "Other Gand A": 3426000.0,
        "Salaries And Wages": NaN,
        "Gross Profit": 0.0,
        "Cost Of Revenue": 0.0,
        "Total Revenue": 0.0,
        "Operating Revenue": 0.0
    },
    "2024-01-31": {
        "Tax Effect Of Unusual Items": 0.0,
        "Tax Rate For Calcs": 0.0,
        "Normalized EBITDA": -3596000.0,
        "Net Income From Continuing Operation Net Minority Interest": -3255000.0,
        "Reconciled Depreciation": 13000.0,
        "Reconciled Cost Of Revenue": NaN,
        "EBITDA": -3596000.0,
        "EBIT": -3609000.0,
        "Net Interest Income": 319000.0,
        "Interest Income": 319000.0,
        "Normalized Income": -3255000.0,
        "Net Income From Continuing And Discontinued Operation": -3255000.0,
        "Total Expenses": 3609000.0,
        "Total Operating Income As Reported": -3609000.0,
        "Diluted Average Shares": 31446000.0,
        "Basic Average Shares": 31446000.0,
        "Diluted EPS": -0.1,
        "Basic EPS": -0.1,
        "Diluted NI Availto Com Stockholders": -3255000.0,
        "Net Income Common Stockholders": -3255000.0,
        "Net Income": -3255000.0,
        "Minority Interests": 35000.0,
        "Net Income Including Noncontrolling Interests": -3290000.0,
        "Net Income Continuous Operations": -3290000.0,
        "Pretax Income": -3290000.0,
        "Net Non Operating Interest Income Expense": 319000.0,
        "Interest Income Non Operating": 319000.0,
        "Operating Income": -3609000.0,
        "Operating Expense": 3609000.0,
        "Research And Development": 1349000.0,
        "Selling General And Administration": 2260000.0,
        "General And Administrative Expense": 2260000.0,
        "Other Gand A": 2260000.0,
        "Salaries And Wages": NaN,
        "Gross Profit": NaN,
        "Cost Of Revenue": NaN,
        "Total Revenue": 0.0,
        "Operating Revenue": 0.0
    }
}