{
    "2023-03-31": {
        "Tax Effect Of Unusual Items": NaN,
        "Tax Rate For Calcs": NaN,
        "Normalized EBITDA": NaN,
        "Total Unusual Items": NaN,
        "Total Unusual Items Excluding Goodwill": NaN,
        "Net Income From Continuing Operation Net Minority Interest": NaN,
        "EBITDA": NaN,
        "EBIT": NaN,
        "Net Interest Income": NaN,
        "Interest Income": NaN,
        "Normalized Income": NaN,
        "Net Income From Continuing And Discontinued Operation": NaN,
        "Total Expenses": NaN,
        "Total Operating Income As Reported": NaN,
        "Diluted Average Shares": 8194990.0,
        "Basic Average Shares": 8194990.0,
        "Diluted EPS": -1.19,
        "Basic EPS": -1.19,
        "Diluted NI Availto Com Stockholders": NaN,
        "Net Income Common Stockholders": NaN,
        "Net Income": NaN,
        "Net Income Including Noncontrolling Interests": NaN,
        "Net Income Continuous Operations": NaN,
        "Pretax Income": NaN,
        "Other Income Expense": NaN,
        "Gain On Sale Of Security": NaN,
        "Net Non Operating Interest Income Expense": NaN,
        "Total Other Finance Cost": NaN,
        "Interest Income Non Operating": NaN,
        "Operating Income": NaN,
        "Operating Expense": NaN,
        "Provision For Doubtful Accounts": NaN,
        "Research And Development": NaN,
        "Selling General And Administration": NaN,
        "General And Administrative Expense": NaN,
        "Other Gand A": NaN,
        "Total Revenue": NaN,
        "Operating Revenue": NaN
    },
    "2022-12-31": {
        "Tax Effect Of Unusual Items": NaN,
        "Tax Rate For Calcs": NaN,
        "Normalized EBITDA": NaN,
        "Total Unusual Items": NaN,
        "Total Unusual Items Excluding Goodwill": NaN,
        "Net Income From Continuing Operation Net Minority Interest": NaN,
        "EBITDA": NaN,
        "EBIT": NaN,
        "Net Interest Income": NaN,
        "Interest Income": 74153.0,
        "Normalized Income": NaN,
        "Net Income From Continuing And Discontinued Operation": NaN,
        "Total Expenses": NaN,
        "Total Operating Income As Reported": NaN,
        "Diluted Average Shares": NaN,
        "Basic Average Shares": NaN,
        "Diluted EPS": NaN,
        "Basic EPS": NaN,
        "Diluted NI Availto Com Stockholders": NaN,
        "Net Income Common Stockholders": NaN,
        "Net Income": NaN,
        "Net Income Including Noncontrolling Interests": NaN,
        "Net Income Continuous Operations": NaN,
        "Pretax Income": NaN,
        "Other Income Expense": NaN,
        "Gain On Sale Of Security": NaN,
        "Net Non Operating Interest Income Expense": NaN,
        "Total Other Finance Cost": NaN,
        "Interest Income Non Operating": 74153.0,
        "Operating Income": NaN,
        "Operating Expense": NaN,
        "Provision For Doubtful Accounts": NaN,
        "Research And Development": NaN,
        "Selling General And Administration": NaN,
        "General And Administrative Expense": NaN,
        "Other Gand A": NaN,
        "Total Revenue": NaN,
        "Operating Revenue": NaN
    },
    "2022-09-30": {
        "Tax Effect Of Unusual Items": NaN,
        "Tax Rate For Calcs": NaN,
        "Normalized EBITDA": NaN,
        "Total Unusual Items": NaN,
        "Total Unusual Items Excluding Goodwill": NaN,
        "Net Income From Continuing Operation Net Minority Interest": NaN,
        "EBITDA": NaN,
        "EBIT": NaN,
        "Net Interest Income": NaN,
        "Interest Income": NaN,
        "Normalized Income": NaN,
        "Net Income From Continuing And Discontinued Operation": NaN,
        "Total Expenses": NaN,
        "Total Operating Income As Reported": NaN,
        "Diluted Average Shares": 8163923.0,
        "Basic Average Shares": 8163923.0,
        "Diluted EPS": -0.79,
        "Basic EPS": -0.79,
        "Diluted NI Availto Com Stockholders": NaN,
        "Net Income Common Stockholders": NaN,
        "Net Income": NaN,
        "Net Income Including Noncontrolling Interests": NaN,
        "Net Income Continuous Operations": NaN,
        "Pretax Income": NaN,
        "Other Income Expense": NaN,
        "Gain On Sale Of Security": NaN,
        "Net Non Operating Interest Income Expense": NaN,
        "Total Other Finance Cost": NaN,
        "Interest Income Non Operating": NaN,
        "Operating Income": NaN,
        "Operating Expense": NaN,
        "Provision For Doubtful Accounts": NaN,
        "Research And Development": NaN,
        "Selling General And Administration": NaN,
        "General And Administrative Expense": NaN,
        "Other Gand A": NaN,
        "Total Revenue": NaN,
        "Operating Revenue": NaN
    },
    "2022-06-30": {
        "Tax Effect Of Unusual Items": 0.0,
        "Tax Rate For Calcs": 0.0,
        "Normalized EBITDA": -8754155.0,
        "Net Income From Continuing Operation Net Minority Interest": -8718131.0,
        "EBITDA": -8754155.0,
        "EBIT": -8754155.0,
        "Net Interest Income": 36024.0,
        "Interest Income": 36024.0,
        "Normalized Income": -8718131.0,
        "Net Income From Continuing And Discontinued Operation": -8718131.0,
        "Total Expenses": 8754155.0,
        "Total Operating Income As Reported": -8754155.0,
        "Diluted Average Shares": 8163923.0,
        "Basic Average Shares": 8163923.0,
        "Diluted EPS": -0.73,
        "Basic EPS": -0.73,
        "Diluted NI Availto Com Stockholders": -8718131.0,
        "Net Income Common Stockholders": -8718131.0,
        "Net Income": -8718131.0,
        "Net Income Including Noncontrolling Interests": -8718131.0,
        "Net Income Continuous Operations": -8718131.0,
        "Pretax Income": -8718131.0,
        "Net Non Operating Interest Income Expense": 36024.0,
        "Total Other Finance Cost": NaN,
        "Interest Income Non Operating": 36024.0,
        "Operating Income": -8754155.0,
        "Operating Expense": 8754155.0,
        "Provision For Doubtful Accounts": 0.0,
        "Research And Development": 6815708.0,
        "Selling General And Administration": 1938447.0,
        "General And Administrative Expense": 1938447.0,
        "Other Gand A": 1938447.0,
        "Total Revenue": 0.0,
        "Operating Revenue": 0.0
    },
    "2022-03-31": {
        "Diluted EPS": -0.64,
        "Total Revenue": NaN,
        "Gross Profit": NaN,
        "Operating Income": -5,
        "EBIT": -5,
        "Net Income": -5
    },
    "2021-12-31": {
        "Diluted EPS": -0.75,
        "Total Revenue": NaN,
        "Gross Profit": NaN,
        "Operating Income": -6,
        "EBIT": -6,
        "Net Income": -6
    },
    "2021-09-30": {
        "Diluted EPS": -0.35,
        "Total Revenue": NaN,
        "Gross Profit": NaN,
        "Operating Income": -3,
        "EBIT": -3,
        "Net Income": -3
    },
    "2021-06-30": {
        "Diluted EPS": -0.34,
        "Total Revenue": NaN,
        "Gross Profit": NaN,
        "Operating Income": -3,
        "EBIT": -3,
        "Net Income": -3
    },
    "2021-03-31": {
        "Diluted EPS": -0.46,
        "Total Revenue": NaN,
        "Gross Profit": NaN,
        "Operating Income": -3,
        "EBIT": -3,
        "Net Income": -3
    },
    "2020-12-31": {
        "Diluted EPS": -0.28,
        "Total Revenue": NaN,
        "Gross Profit": NaN,
        "Operating Income": -2,
        "EBIT": -2,
        "Net Income": -2
    },
    "2020-09-30": {
        "Diluted EPS": -0.15,
        "Total Revenue": NaN,
        "Gross Profit": NaN,
        "Operating Income": -2,
        "EBIT": -2,
        "Net Income": -1
    },
    "2020-06-30": {
        "Diluted EPS": -0.34,
        "Total Revenue": NaN,
        "Gross Profit": NaN,
        "Operating Income": -3,
        "EBIT": -3,
        "Net Income": -2
    },
    "2020-03-31": {
        "Diluted EPS": -0.1,
        "Total Revenue": NaN,
        "Gross Profit": NaN,
        "Operating Income": -1,
        "EBIT": -1,
        "Net Income": 0
    },
    "2019-12-31": {
        "Diluted EPS": -0.71,
        "Total Revenue": NaN,
        "Gross Profit": NaN,
        "Operating Income": -1,
        "EBIT": -1,
        "Net Income": 0
    },
    "2019-09-30": {
        "Diluted EPS": -0.9,
        "Total Revenue": NaN,
        "Gross Profit": NaN,
        "Operating Income": 0,
        "EBIT": 0,
        "Net Income": 0
    },
    "2019-06-30": {
        "Diluted EPS": -1.22,
        "Total Revenue": NaN,
        "Gross Profit": NaN,
        "Operating Income": 0,
        "EBIT": 0,
        "Net Income": 0
    },
    "2019-03-31": {
        "Diluted EPS": -0.68,
        "Total Revenue": NaN,
        "Gross Profit": NaN,
        "Operating Income": 0,
        "EBIT": 0,
        "Net Income": 0
    },
    "2018-12-31": {
        "Diluted EPS": 0.0,
        "Total Revenue": NaN,
        "Gross Profit": NaN,
        "Operating Income": NaN,
        "EBIT": NaN,
        "Net Income": NaN
    },
    "2023-06-30": {
        "Tax Effect Of Unusual Items": 0.0,
        "Tax Rate For Calcs": 0.0,
        "Normalized EBITDA": -9759700.0,
        "Total Unusual Items": NaN,
        "Total Unusual Items Excluding Goodwill": NaN,
        "Net Income From Continuing Operation Net Minority Interest": -9537122.0,
        "EBITDA": -9759700.0,
        "EBIT": -9759700.0,
        "Net Interest Income": 222578.0,
        "Interest Income": 222578.0,
        "Normalized Income": -9537122.0,
        "Net Income From Continuing And Discontinued Operation": -9537122.0,
        "Total Expenses": 9759700.0,
        "Total Operating Income As Reported": -9759700.0,
        "Diluted Average Shares": 8951309.0,
        "Basic Average Shares": 8951309.0,
        "Diluted EPS": -1.07,
        "Basic EPS": -1.07,
        "Diluted NI Availto Com Stockholders": -9537122.0,
        "Net Income Common Stockholders": -9537122.0,
        "Net Income": -9537122.0,
        "Net Income Including Noncontrolling Interests": -9537122.0,
        "Net Income Continuous Operations": -9537122.0,
        "Pretax Income": -9537122.0,
        "Other Income Expense": NaN,
        "Gain On Sale Of Security": NaN,
        "Net Non Operating Interest Income Expense": 222578.0,
        "Total Other Finance Cost": -222578.0,
        "Interest Income Non Operating": 222578.0,
        "Operating Income": -9759700.0,
        "Operating Expense": 9759700.0,
        "Provision For Doubtful Accounts": 0.0,
        "Research And Development": 8262167.0,
        "Selling General And Administration": 1497533.0,
        "General And Administrative Expense": 1497533.0,
        "Other Gand A": 1497533.0,
        "Total Revenue": 0.0,
        "Operating Revenue": 0.0
    },
    "2023-09-30": {
        "Tax Effect Of Unusual Items": 0.0,
        "Tax Rate For Calcs": 0.0,
        "Normalized EBITDA": -14863271.0,
        "Total Unusual Items": NaN,
        "Total Unusual Items Excluding Goodwill": NaN,
        "Net Income From Continuing Operation Net Minority Interest": -14716616.0,
        "EBITDA": -14863271.0,
        "EBIT": -14863271.0,
        "Net Interest Income": 146655.0,
        "Interest Income": 146655.0,
        "Normalized Income": -14716616.0,
        "Net Income From Continuing And Discontinued Operation": -14716616.0,
        "Total Expenses": 14863271.0,
        "Total Operating Income As Reported": -14863271.0,
        "Diluted Average Shares": 9012273.0,
        "Basic Average Shares": 9012273.0,
        "Diluted EPS": -1.63,
        "Basic EPS": -1.63,
        "Diluted NI Availto Com Stockholders": -14716616.0,
        "Net Income Common Stockholders": -14716616.0,
        "Net Income": -14716616.0,
        "Net Income Including Noncontrolling Interests": -14716616.0,
        "Net Income Continuous Operations": -14716616.0,
        "Pretax Income": -14716616.0,
        "Other Income Expense": NaN,
        "Gain On Sale Of Security": NaN,
        "Net Non Operating Interest Income Expense": 146655.0,
        "Total Other Finance Cost": NaN,
        "Interest Income Non Operating": 146655.0,
        "Operating Income": -14863271.0,
        "Operating Expense": 14863271.0,
        "Provision For Doubtful Accounts": 0.0,
        "Research And Development": 13837650.0,
        "Selling General And Administration": 1025621.0,
        "General And Administrative Expense": 1025621.0,
        "Other Gand A": 1025621.0,
        "Total Revenue": 0.0,
        "Operating Revenue": 0.0
    },
    "2023-12-31": {
        "Tax Effect Of Unusual Items": 0.0,
        "Tax Rate For Calcs": 0.0,
        "Normalized EBITDA": -10442324.0,
        "Total Unusual Items": NaN,
        "Total Unusual Items Excluding Goodwill": NaN,
        "Net Income From Continuing Operation Net Minority Interest": -22213394.0,
        "EBITDA": -10442324.0,
        "EBIT": -10442324.0,
        "Net Interest Income": 66130.0,
        "Interest Income": 66130.0,
        "Normalized Income": -22213394.0,
        "Net Income From Continuing And Discontinued Operation": -22213394.0,
        "Total Expenses": 10442324.0,
        "Total Operating Income As Reported": -10442324.0,
        "Diluted Average Shares": NaN,
        "Basic Average Shares": NaN,
        "Diluted EPS": NaN,
        "Basic EPS": NaN,
        "Diluted NI Availto Com Stockholders": -22213394.0,
        "Net Income Common Stockholders": -22213394.0,
        "Net Income": -22213394.0,
        "Net Income Including Noncontrolling Interests": -22213394.0,
        "Net Income Continuous Operations": -22213394.0,
        "Pretax Income": -22213394.0,
        "Other Income Expense": NaN,
        "Gain On Sale Of Security": NaN,
        "Net Non Operating Interest Income Expense": 66130.0,
        "Total Other Finance Cost": NaN,
        "Interest Income Non Operating": 66130.0,
        "Operating Income": -10442324.0,
        "Operating Expense": 10442324.0,
        "Provision For Doubtful Accounts": 0.0,
        "Research And Development": 8904729.0,
        "Selling General And Administration": 1537595.0,
        "General And Administrative Expense": 1537595.0,
        "Other Gand A": 1537595.0,
        "Total Revenue": 0.0,
        "Operating Revenue": 0.0
    },
    "2024-03-31": {
        "Tax Effect Of Unusual Items": 0.0,
        "Tax Rate For Calcs": 0.0,
        "Normalized EBITDA": -14508499.0,
        "Total Unusual Items": 6698692.0,
        "Total Unusual Items Excluding Goodwill": 6698692.0,
        "Net Income From Continuing Operation Net Minority Interest": -1066947.0,
        "EBITDA": -7809807.0,
        "EBIT": -7809807.0,
        "Net Interest Income": 44168.0,
        "Interest Income": 44168.0,
        "Normalized Income": -7765639.0,
        "Net Income From Continuing And Discontinued Operation": -1066947.0,
        "Total Expenses": 7809807.0,
        "Total Operating Income As Reported": -7809807.0,
        "Diluted Average Shares": 10824771.0,
        "Basic Average Shares": 10625065.0,
        "Diluted EPS": -0.1,
        "Basic EPS": -0.1,
        "Diluted NI Availto Com Stockholders": -1066947.0,
        "Net Income Common Stockholders": -1066947.0,
        "Net Income": -1066947.0,
        "Net Income Including Noncontrolling Interests": -1066947.0,
        "Net Income Continuous Operations": -1066947.0,
        "Pretax Income": -1066947.0,
        "Other Income Expense": 6698692.0,
        "Gain On Sale Of Security": 6698692.0,
        "Net Non Operating Interest Income Expense": 44168.0,
        "Total Other Finance Cost": NaN,
        "Interest Income Non Operating": 44168.0,
        "Operating Income": -7809807.0,
        "Operating Expense": 7809807.0,
        "Provision For Doubtful Accounts": 0.0,
        "Research And Development": 6514920.0,
        "Selling General And Administration": 1294887.0,
        "General And Administrative Expense": 1294887.0,
        "Other Gand A": 1294887.0,
        "Total Revenue": 0.0,
        "Operating Revenue": 0.0
    },
    "2024-06-30": {
        "Tax Effect Of Unusual Items": 0.0,
        "Tax Rate For Calcs": 0.0,
        "Normalized EBITDA": -11824946.0,
        "Total Unusual Items": 4062308.0,
        "Total Unusual Items Excluding Goodwill": 4062308.0,
        "Net Income From Continuing Operation Net Minority Interest": -5020412.0,
        "EBITDA": -7762638.0,
        "EBIT": -7762638.0,
        "Net Interest Income": -1320082.0,
        "Interest Income": 25978.0,
        "Normalized Income": -9082720.0,
        "Net Income From Continuing And Discontinued Operation": -5020412.0,
        "Total Expenses": 7762638.0,
        "Total Operating Income As Reported": -7762638.0,
        "Diluted Average Shares": 11307759.0,
        "Basic Average Shares": 11307759.0,
        "Diluted EPS": -0.44,
        "Basic EPS": -0.44,
        "Diluted NI Availto Com Stockholders": -5020412.0,
        "Net Income Common Stockholders": -5020412.0,
        "Net Income": -5020412.0,
        "Net Income Including Noncontrolling Interests": -5020412.0,
        "Net Income Continuous Operations": -5020412.0,
        "Pretax Income": -5020412.0,
        "Other Income Expense": 4062308.0,
        "Gain On Sale Of Security": 4062308.0,
        "Net Non Operating Interest Income Expense": -1320082.0,
        "Total Other Finance Cost": 1346060.0,
        "Interest Income Non Operating": 25978.0,
        "Operating Income": -7762638.0,
        "Operating Expense": 7762638.0,
        "Provision For Doubtful Accounts": 0.0,
        "Research And Development": 5785217.0,
        "Selling General And Administration": 1977421.0,
        "General And Administrative Expense": 1977421.0,
        "Other Gand A": 1977421.0,
        "Total Revenue": 0.0,
        "Operating Revenue": 0.0
    }
}