{
    "2023-03-31": {
        "Tax Effect Of Unusual Items": NaN,
        "Tax Rate For Calcs": NaN,
        "Normalized EBITDA": NaN,
        "Total Unusual Items": NaN,
        "Total Unusual Items Excluding Goodwill": NaN,
        "Net Income From Continuing Operation Net Minority Interest": NaN,
        "Reconciled Depreciation": NaN,
        "Reconciled Cost Of Revenue": NaN,
        "EBITDA": NaN,
        "EBIT": NaN,
        "Net Interest Income": NaN,
        "Interest Expense": NaN,
        "Interest Income": NaN,
        "Normalized Income": NaN,
        "Net Income From Continuing And Discontinued Operation": NaN,
        "Total Expenses": NaN,
        "Total Operating Income As Reported": NaN,
        "Diluted Average Shares": 10291965.0,
        "Basic Average Shares": 10291965.0,
        "Diluted EPS": -0.34,
        "Basic EPS": -0.34,
        "Diluted NI Availto Com Stockholders": NaN,
        "Net Income Common Stockholders": NaN,
        "Net Income": NaN,
        "Minority Interests": NaN,
        "Net Income Including Noncontrolling Interests": NaN,
        "Net Income Continuous Operations": NaN,
        "Tax Provision": NaN,
        "Pretax Income": NaN,
        "Other Income Expense": NaN,
        "Special Income Charges": NaN,
        "Gain On Sale Of Ppe": NaN,
        "Write Off": 96000.0,
        "Impairment Of Capital Assets": NaN,
        "Gain On Sale Of Security": NaN,
        "Net Non Operating Interest Income Expense": NaN,
        "Interest Expense Non Operating": NaN,
        "Interest Income Non Operating": NaN,
        "Operating Income": NaN,
        "Operating Expense": NaN,
        "Depreciation Amortization Depletion Income Statement": NaN,
        "Depreciation And Amortization In Income Statement": NaN,
        "Research And Development": NaN,
        "Selling General And Administration": NaN,
        "Selling And Marketing Expense": NaN,
        "General And Administrative Expense": NaN,
        "Other Gand A": NaN,
        "Gross Profit": NaN,
        "Cost Of Revenue": NaN,
        "Total Revenue": NaN,
        "Operating Revenue": NaN
    },
    "2022-12-31": {
        "Tax Effect Of Unusual Items": NaN,
        "Tax Rate For Calcs": NaN,
        "Normalized EBITDA": NaN,
        "Total Unusual Items": NaN,
        "Total Unusual Items Excluding Goodwill": NaN,
        "Net Income From Continuing Operation Net Minority Interest": NaN,
        "Reconciled Depreciation": NaN,
        "Reconciled Cost Of Revenue": NaN,
        "EBITDA": NaN,
        "EBIT": NaN,
        "Net Interest Income": NaN,
        "Interest Expense": 0.0,
        "Interest Income": NaN,
        "Normalized Income": NaN,
        "Net Income From Continuing And Discontinued Operation": NaN,
        "Total Expenses": NaN,
        "Total Operating Income As Reported": NaN,
        "Diluted Average Shares": NaN,
        "Basic Average Shares": NaN,
        "Diluted EPS": NaN,
        "Basic EPS": NaN,
        "Diluted NI Availto Com Stockholders": NaN,
        "Net Income Common Stockholders": NaN,
        "Net Income": NaN,
        "Minority Interests": NaN,
        "Net Income Including Noncontrolling Interests": NaN,
        "Net Income Continuous Operations": NaN,
        "Tax Provision": 45000.0,
        "Pretax Income": NaN,
        "Other Income Expense": NaN,
        "Special Income Charges": NaN,
        "Gain On Sale Of Ppe": 0.0,
        "Other Special Charges": 0.0,
        "Write Off": NaN,
        "Impairment Of Capital Assets": 89344000.0,
        "Gain On Sale Of Security": NaN,
        "Net Non Operating Interest Income Expense": NaN,
        "Interest Expense Non Operating": 0.0,
        "Interest Income Non Operating": NaN,
        "Operating Income": NaN,
        "Operating Expense": NaN,
        "Depreciation Amortization Depletion Income Statement": NaN,
        "Depreciation And Amortization In Income Statement": NaN,
        "Research And Development": NaN,
        "Selling General And Administration": NaN,
        "Selling And Marketing Expense": NaN,
        "General And Administrative Expense": NaN,
        "Other Gand A": NaN,
        "Gross Profit": NaN,
        "Cost Of Revenue": NaN,
        "Total Revenue": NaN,
        "Operating Revenue": NaN
    },
    "2022-09-30": {
        "Tax Effect Of Unusual Items": NaN,
        "Tax Rate For Calcs": NaN,
        "Normalized EBITDA": NaN,
        "Total Unusual Items": NaN,
        "Total Unusual Items Excluding Goodwill": NaN,
        "Net Income From Continuing Operation Net Minority Interest": NaN,
        "Reconciled Depreciation": NaN,
        "Reconciled Cost Of Revenue": NaN,
        "EBITDA": NaN,
        "EBIT": NaN,
        "Net Interest Income": NaN,
        "Interest Expense": 68000.0,
        "Interest Income": NaN,
        "Normalized Income": NaN,
        "Net Income From Continuing And Discontinued Operation": NaN,
        "Total Expenses": NaN,
        "Total Operating Income As Reported": NaN,
        "Diluted Average Shares": 9574867.0,
        "Basic Average Shares": 9574867.0,
        "Diluted EPS": -2.14,
        "Basic EPS": -2.14,
        "Diluted NI Availto Com Stockholders": NaN,
        "Net Income Common Stockholders": NaN,
        "Net Income": NaN,
        "Minority Interests": NaN,
        "Net Income Including Noncontrolling Interests": NaN,
        "Net Income Continuous Operations": NaN,
        "Tax Provision": 121000.0,
        "Pretax Income": NaN,
        "Other Income Expense": NaN,
        "Special Income Charges": NaN,
        "Gain On Sale Of Ppe": -10000000.0,
        "Other Special Charges": NaN,
        "Write Off": NaN,
        "Impairment Of Capital Assets": 138000.0,
        "Gain On Sale Of Security": NaN,
        "Net Non Operating Interest Income Expense": NaN,
        "Interest Expense Non Operating": 68000.0,
        "Interest Income Non Operating": NaN,
        "Operating Income": NaN,
        "Operating Expense": NaN,
        "Depreciation Amortization Depletion Income Statement": NaN,
        "Depreciation And Amortization In Income Statement": NaN,
        "Research And Development": NaN,
        "Selling General And Administration": NaN,
        "Selling And Marketing Expense": NaN,
        "General And Administrative Expense": NaN,
        "Other Gand A": NaN,
        "Gross Profit": NaN,
        "Cost Of Revenue": NaN,
        "Total Revenue": NaN,
        "Operating Revenue": NaN
    },
    "2022-06-30": {
        "Tax Effect Of Unusual Items": 0.0,
        "Tax Rate For Calcs": 0.0,
        "Normalized EBITDA": -6949000.0,
        "Total Unusual Items": -26253000.0,
        "Total Unusual Items Excluding Goodwill": -26253000.0,
        "Net Income From Continuing Operation Net Minority Interest": -40687000.0,
        "Reconciled Depreciation": 7485000.0,
        "Reconciled Cost Of Revenue": 960000.0,
        "EBITDA": -33202000.0,
        "EBIT": -40687000.0,
        "Net Interest Income": 281000.0,
        "Interest Expense": 0.0,
        "Interest Income": 281000.0,
        "Normalized Income": -14434000.0,
        "Net Income From Continuing And Discontinued Operation": -40687000.0,
        "Total Expenses": 16636000.0,
        "Total Operating Income As Reported": -15394000.0,
        "Diluted Average Shares": 9449735.0,
        "Basic Average Shares": 9449735.0,
        "Diluted EPS": -4.31,
        "Basic EPS": -4.31,
        "Diluted NI Availto Com Stockholders": -40687000.0,
        "Net Income Common Stockholders": -40687000.0,
        "Net Income": -40687000.0,
        "Minority Interests": NaN,
        "Net Income Including Noncontrolling Interests": -40687000.0,
        "Net Income Continuous Operations": -40687000.0,
        "Tax Provision": NaN,
        "Pretax Income": -40687000.0,
        "Other Income Expense": -26253000.0,
        "Special Income Charges": -26253000.0,
        "Gain On Sale Of Ppe": NaN,
        "Other Special Charges": 13145000.0,
        "Write Off": 12429000.0,
        "Impairment Of Capital Assets": 679000.0,
        "Gain On Sale Of Security": NaN,
        "Net Non Operating Interest Income Expense": 281000.0,
        "Interest Expense Non Operating": 0.0,
        "Interest Income Non Operating": 281000.0,
        "Operating Income": -14715000.0,
        "Operating Expense": 15676000.0,
        "Depreciation Amortization Depletion Income Statement": 7485000.0,
        "Depreciation And Amortization In Income Statement": 7485000.0,
        "Research And Development": 139000.0,
        "Selling General And Administration": 8052000.0,
        "Selling And Marketing Expense": 264000.0,
        "General And Administrative Expense": 7788000.0,
        "Other Gand A": 7788000.0,
        "Gross Profit": 961000.0,
        "Cost Of Revenue": 960000.0,
        "Total Revenue": 1921000.0,
        "Operating Revenue": 1921000.0
    },
    "2022-03-31": {
        "Diluted EPS": -1.61,
        "Total Revenue": 1,
        "Gross Profit": 1,
        "Operating Income": -15,
        "EBIT": -9,
        "Net Income": -15
    },
    "2021-12-31": {
        "Diluted EPS": -0.35,
        "Total Revenue": 1,
        "Gross Profit": 1,
        "Operating Income": -12,
        "EBIT": -8,
        "Net Income": -10
    },
    "2021-09-30": {
        "Diluted EPS": -0.49,
        "Total Revenue": 1,
        "Gross Profit": 1,
        "Operating Income": -3,
        "EBIT": -2,
        "Net Income": -3
    },
    "2021-06-30": {
        "Diluted EPS": -1.33,
        "Total Revenue": 1,
        "Gross Profit": 0,
        "Operating Income": -4,
        "EBIT": -3,
        "Net Income": -3
    },
    "2021-03-31": {
        "Diluted EPS": -1.89,
        "Total Revenue": 1,
        "Gross Profit": 0,
        "Operating Income": -1,
        "EBIT": -1,
        "Net Income": -3
    },
    "2020-12-31": {
        "Diluted EPS": -0.84,
        "Total Revenue": 2,
        "Gross Profit": 1,
        "Operating Income": -1,
        "EBIT": -1,
        "Net Income": -2
    },
    "2020-09-30": {
        "Diluted EPS": -1.19,
        "Total Revenue": 1,
        "Gross Profit": 1,
        "Operating Income": -2,
        "EBIT": -1,
        "Net Income": -1
    },
    "2020-06-30": {
        "Diluted EPS": -2.87,
        "Total Revenue": 1,
        "Gross Profit": 0,
        "Operating Income": -2,
        "EBIT": -2,
        "Net Income": -2
    },
    "2020-03-31": {
        "Diluted EPS": -1.96,
        "Total Revenue": 1,
        "Gross Profit": 0,
        "Operating Income": -1,
        "EBIT": -1,
        "Net Income": -1
    },
    "2019-12-31": {
        "Diluted EPS": -1.05,
        "Total Revenue": 1,
        "Gross Profit": 0,
        "Operating Income": -1,
        "EBIT": -1,
        "Net Income": -2
    },
    "2019-09-30": {
        "Diluted EPS": 0.7,
        "Total Revenue": 1,
        "Gross Profit": 0,
        "Operating Income": -1,
        "EBIT": -1,
        "Net Income": 1
    },
    "2019-06-30": {
        "Diluted EPS": -5.04,
        "Total Revenue": 1,
        "Gross Profit": 0,
        "Operating Income": -2,
        "EBIT": -1,
        "Net Income": -2
    },
    "2019-03-31": {
        "Diluted EPS": -5.74,
        "Total Revenue": 2,
        "Gross Profit": 1,
        "Operating Income": -2,
        "EBIT": -1,
        "Net Income": -2
    },
    "2018-12-31": {
        "Diluted EPS": -18.49,
        "Total Revenue": 3,
        "Gross Profit": 1,
        "Operating Income": -3,
        "EBIT": -2,
        "Net Income": -9
    },
    "2018-09-30": {
        "Diluted EPS": -17.72,
        "Total Revenue": 1,
        "Gross Profit": 0,
        "Operating Income": -3,
        "EBIT": -2,
        "Net Income": -5
    },
    "2018-06-30": {
        "Diluted EPS": -24.65,
        "Total Revenue": 3,
        "Gross Profit": 0,
        "Operating Income": -3,
        "EBIT": -2,
        "Net Income": -6
    },
    "2018-03-31": {
        "Diluted EPS": -49.79,
        "Total Revenue": 2,
        "Gross Profit": 0,
        "Operating Income": -4,
        "EBIT": -3,
        "Net Income": -7
    },
    "2017-12-31": {
        "Diluted EPS": -20.17,
        "Total Revenue": -50,
        "Gross Profit": -16,
        "Operating Income": -3,
        "Net Income": -7
    },
    "2017-09-30": {
        "Diluted EPS": -33.05,
        "Total Revenue": 22,
        "Gross Profit": 7,
        "Operating Income": -4,
        "Net Income": -3
    },
    "2017-06-30": {
        "Diluted EPS": -101.4,
        "Total Revenue": 19,
        "Gross Profit": 5,
        "Operating Income": -6,
        "EBIT": -5,
        "Net Income": -8
    },
    "2017-03-31": {
        "Diluted EPS": -140.06,
        "Total Revenue": 22,
        "Gross Profit": 7,
        "Operating Income": -5,
        "EBIT": -3,
        "Net Income": -8
    },
    "2016-12-31": {
        "Diluted EPS": -227.45,
        "Total Revenue": 19,
        "Gross Profit": 5,
        "Operating Income": -5,
        "EBIT": -4,
        "Net Income": -7
    },
    "2016-09-30": {
        "Diluted EPS": NaN,
        "Total Revenue": 18,
        "Gross Profit": 5,
        "Operating Income": -43,
        "EBIT": -41,
        "Net Income": -43
    },
    "2016-06-30": {
        "Diluted EPS": -272.27,
        "Total Revenue": 20,
        "Gross Profit": 6,
        "Operating Income": -8,
        "EBIT": -6,
        "Net Income": -10
    },
    "2016-03-31": {
        "Diluted EPS": -252.1,
        "Total Revenue": 20,
        "Gross Profit": 6,
        "Operating Income": -8,
        "EBIT": -6,
        "Net Income": -8
    },
    "2015-12-31": {
        "Diluted EPS": -644.26,
        "Total Revenue": 19,
        "Gross Profit": 5,
        "Operating Income": -20,
        "EBIT": -18,
        "Net Income": -19
    },
    "2015-09-30": {
        "Diluted EPS": -364.15,
        "Total Revenue": 19,
        "Gross Profit": 5,
        "Operating Income": -9,
        "EBIT": -7,
        "Net Income": -10
    },
    "2015-06-30": {
        "Diluted EPS": -350.14,
        "Total Revenue": 18,
        "Gross Profit": 6,
        "Operating Income": -9,
        "EBIT": -7,
        "Net Income": -9
    },
    "2015-03-31": {
        "Diluted EPS": -378.15,
        "Total Revenue": 20,
        "Gross Profit": 6,
        "Operating Income": -8,
        "EBIT": -6,
        "Net Income": -10
    },
    "2014-12-31": {
        "Diluted EPS": -280.11,
        "Total Revenue": 9,
        "Gross Profit": 9,
        "Operating Income": 9,
        "EBIT": 11,
        "Net Income": -5
    },
    "2014-09-30": {
        "Diluted EPS": -210.08,
        "Total Revenue": 1,
        "Gross Profit": 1,
        "Operating Income": -3,
        "EBIT": -2,
        "Net Income": -3
    },
    "2014-06-30": {
        "Diluted EPS": -168.07,
        "Total Revenue": 2,
        "Gross Profit": 1,
        "Operating Income": -2,
        "EBIT": -2,
        "Net Income": -3
    },
    "2014-03-31": {
        "Diluted EPS": -56.02,
        "Total Revenue": 1,
        "Gross Profit": 1,
        "Operating Income": 1,
        "EBIT": 1,
        "Net Income": -1
    },
    "2013-12-31": {
        "Diluted EPS": 0.0,
        "Total Revenue": NaN,
        "Gross Profit": NaN,
        "Operating Income": NaN,
        "EBIT": NaN,
        "Net Income": NaN
    },
    "2023-06-30": {
        "Tax Effect Of Unusual Items": -146400.0,
        "Tax Rate For Calcs": 0.4,
        "Normalized EBITDA": -1842000.0,
        "Total Unusual Items": -366000.0,
        "Total Unusual Items Excluding Goodwill": -366000.0,
        "Net Income From Continuing Operation Net Minority Interest": -4827000.0,
        "Reconciled Depreciation": 1375000.0,
        "Reconciled Cost Of Revenue": 4283000.0,
        "EBITDA": -2208000.0,
        "EBIT": -3583000.0,
        "Net Interest Income": -60000.0,
        "Interest Expense": 1173000.0,
        "Interest Income": 1113000.0,
        "Normalized Income": -4607400.0,
        "Net Income From Continuing And Discontinued Operation": -4827000.0,
        "Total Expenses": 9796000.0,
        "Total Operating Income As Reported": -4696000.0,
        "Diluted Average Shares": 11051588.0,
        "Basic Average Shares": 11051588.0,
        "Diluted EPS": -0.44,
        "Basic EPS": -0.44,
        "Diluted NI Availto Com Stockholders": -4827000.0,
        "Net Income Common Stockholders": -4827000.0,
        "Net Income": -4827000.0,
        "Minority Interests": -67000.0,
        "Net Income Including Noncontrolling Interests": -4760000.0,
        "Net Income Continuous Operations": -4760000.0,
        "Tax Provision": 4000.0,
        "Pretax Income": -4756000.0,
        "Other Income Expense": -366000.0,
        "Special Income Charges": -505000.0,
        "Gain On Sale Of Ppe": -251000.0,
        "Write Off": 0.0,
        "Impairment Of Capital Assets": 254000.0,
        "Gain On Sale Of Security": 139000.0,
        "Net Non Operating Interest Income Expense": -60000.0,
        "Interest Expense Non Operating": 1173000.0,
        "Interest Income Non Operating": 1113000.0,
        "Operating Income": -4330000.0,
        "Operating Expense": 5513000.0,
        "Depreciation Amortization Depletion Income Statement": 1375000.0,
        "Depreciation And Amortization In Income Statement": 1375000.0,
        "Research And Development": 227000.0,
        "Selling General And Administration": 3911000.0,
        "Selling And Marketing Expense": 277000.0,
        "General And Administrative Expense": 3634000.0,
        "Other Gand A": 3634000.0,
        "Gross Profit": 1183000.0,
        "Cost Of Revenue": 4283000.0,
        "Total Revenue": 5466000.0,
        "Operating Revenue": 5466000.0
    },
    "2023-09-30": {
        "Tax Effect Of Unusual Items": 0.0,
        "Tax Rate For Calcs": 0.0,
        "Normalized EBITDA": -2667000.0,
        "Total Unusual Items": -1609000.0,
        "Total Unusual Items Excluding Goodwill": -1609000.0,
        "Net Income From Continuing Operation Net Minority Interest": -6307000.0,
        "Reconciled Depreciation": 2028000.0,
        "Reconciled Cost Of Revenue": 4513000.0,
        "EBITDA": -4276000.0,
        "EBIT": -6304000.0,
        "Net Interest Income": 90000.0,
        "Interest Expense": 10000.0,
        "Interest Income": 100000.0,
        "Normalized Income": -4698000.0,
        "Net Income From Continuing And Discontinued Operation": -6307000.0,
        "Total Expenses": 10519000.0,
        "Total Operating Income As Reported": -6404000.0,
        "Diluted Average Shares": 12653413.0,
        "Basic Average Shares": 12653413.0,
        "Diluted EPS": -0.5,
        "Basic EPS": -0.5,
        "Diluted NI Availto Com Stockholders": -6307000.0,
        "Net Income Common Stockholders": -6307000.0,
        "Net Income": -6307000.0,
        "Minority Interests": 7000.0,
        "Net Income Including Noncontrolling Interests": -6314000.0,
        "Net Income Continuous Operations": -6314000.0,
        "Tax Provision": 0.0,
        "Pretax Income": -6314000.0,
        "Other Income Expense": -1609000.0,
        "Special Income Charges": -1745000.0,
        "Gain On Sale Of Ppe": -315000.0,
        "Write Off": 0.0,
        "Impairment Of Capital Assets": 1430000.0,
        "Gain On Sale Of Security": 136000.0,
        "Net Non Operating Interest Income Expense": 90000.0,
        "Interest Expense Non Operating": 10000.0,
        "Interest Income Non Operating": 100000.0,
        "Operating Income": -4795000.0,
        "Operating Expense": 6006000.0,
        "Depreciation Amortization Depletion Income Statement": 2028000.0,
        "Depreciation And Amortization In Income Statement": 2028000.0,
        "Research And Development": 362000.0,
        "Selling General And Administration": 3616000.0,
        "Selling And Marketing Expense": 217000.0,
        "General And Administrative Expense": 3399000.0,
        "Other Gand A": 3399000.0,
        "Gross Profit": 1211000.0,
        "Cost Of Revenue": 4513000.0,
        "Total Revenue": 5724000.0,
        "Operating Revenue": 5724000.0
    },
    "2023-12-31": {
        "Tax Effect Of Unusual Items": 1911200.0,
        "Tax Rate For Calcs": 0.4,
        "Normalized EBITDA": -11774000.0,
        "Total Unusual Items": 4778000.0,
        "Total Unusual Items Excluding Goodwill": 4778000.0,
        "Net Income From Continuing Operation Net Minority Interest": -8767000.0,
        "Reconciled Depreciation": 1762000.0,
        "Reconciled Cost Of Revenue": 4885000.0,
        "EBITDA": -6996000.0,
        "EBIT": -8758000.0,
        "Net Interest Income": -402000.0,
        "Interest Expense": 0.0,
        "Interest Income": -402000.0,
        "Normalized Income": -11633800.0,
        "Net Income From Continuing And Discontinued Operation": -8767000.0,
        "Total Expenses": 20824000.0,
        "Total Operating Income As Reported": -15159000.0,
        "Diluted Average Shares": NaN,
        "Basic Average Shares": NaN,
        "Diluted EPS": NaN,
        "Basic EPS": NaN,
        "Diluted NI Availto Com Stockholders": -8767000.0,
        "Net Income Common Stockholders": -8767000.0,
        "Net Income": -8767000.0,
        "Minority Interests": 0.0,
        "Net Income Including Noncontrolling Interests": -8767000.0,
        "Net Income Continuous Operations": -8767000.0,
        "Tax Provision": 9000.0,
        "Pretax Income": -8758000.0,
        "Other Income Expense": 4778000.0,
        "Special Income Charges": 4555000.0,
        "Gain On Sale Of Ppe": -394000.0,
        "Write Off": 0.0,
        "Impairment Of Capital Assets": 1854000.0,
        "Gain On Sale Of Security": 223000.0,
        "Net Non Operating Interest Income Expense": -402000.0,
        "Interest Expense Non Operating": 0.0,
        "Interest Income Non Operating": -402000.0,
        "Operating Income": -13134000.0,
        "Operating Expense": 15939000.0,
        "Depreciation Amortization Depletion Income Statement": 1762000.0,
        "Depreciation And Amortization In Income Statement": 1762000.0,
        "Research And Development": 167000.0,
        "Selling General And Administration": 5501000.0,
        "Selling And Marketing Expense": 180000.0,
        "General And Administrative Expense": 5321000.0,
        "Other Gand A": 5321000.0,
        "Gross Profit": 2805000.0,
        "Cost Of Revenue": 4885000.0,
        "Total Revenue": 7690000.0,
        "Operating Revenue": 7690000.0
    },
    "2024-03-31": {
        "Tax Effect Of Unusual Items": 0.0,
        "Tax Rate For Calcs": 0.0,
        "Normalized EBITDA": 1159000.0,
        "Total Unusual Items": -1972000.0,
        "Total Unusual Items Excluding Goodwill": -1972000.0,
        "Net Income From Continuing Operation Net Minority Interest": -4477000.0,
        "Reconciled Depreciation": 1821000.0,
        "Reconciled Cost Of Revenue": 4307000.0,
        "EBITDA": -813000.0,
        "EBIT": -2634000.0,
        "Net Interest Income": 129000.0,
        "Interest Expense": NaN,
        "Interest Income": 129000.0,
        "Normalized Income": -2505000.0,
        "Net Income From Continuing And Discontinued Operation": -4477000.0,
        "Total Expenses": 9580000.0,
        "Total Operating Income As Reported": -1866000.0,
        "Diluted Average Shares": 16576914.0,
        "Basic Average Shares": 16576914.0,
        "Diluted EPS": -0.27,
        "Basic EPS": -0.27,
        "Diluted NI Availto Com Stockholders": -4477000.0,
        "Net Income Common Stockholders": -4477000.0,
        "Net Income": -4477000.0,
        "Minority Interests": 0.0,
        "Net Income Including Noncontrolling Interests": -4477000.0,
        "Net Income Continuous Operations": -4477000.0,
        "Tax Provision": NaN,
        "Pretax Income": -4477000.0,
        "Other Income Expense": -1972000.0,
        "Special Income Charges": 0.0,
        "Gain On Sale Of Ppe": NaN,
        "Write Off": 0.0,
        "Impairment Of Capital Assets": NaN,
        "Gain On Sale Of Security": -1972000.0,
        "Net Non Operating Interest Income Expense": 129000.0,
        "Interest Expense Non Operating": NaN,
        "Interest Income Non Operating": 129000.0,
        "Operating Income": -2634000.0,
        "Operating Expense": 5273000.0,
        "Depreciation Amortization Depletion Income Statement": 1821000.0,
        "Depreciation And Amortization In Income Statement": 1821000.0,
        "Research And Development": 0.0,
        "Selling General And Administration": 3452000.0,
        "Selling And Marketing Expense": 0.0,
        "General And Administrative Expense": 3452000.0,
        "Other Gand A": 3452000.0,
        "Gross Profit": 2639000.0,
        "Cost Of Revenue": 4307000.0,
        "Total Revenue": 6946000.0,
        "Operating Revenue": 6946000.0
    },
    "2024-06-30": {
        "Tax Effect Of Unusual Items": 5327.375353,
        "Tax Rate For Calcs": 0.000941,
        "Normalized EBITDA": -1721000.0,
        "Total Unusual Items": 5663000.0,
        "Total Unusual Items Excluding Goodwill": 5663000.0,
        "Net Income From Continuing Operation Net Minority Interest": 2124000.0,
        "Reconciled Depreciation": 1816000.0,
        "Reconciled Cost Of Revenue": 3959000.0,
        "EBITDA": 3942000.0,
        "EBIT": 2126000.0,
        "Net Interest Income": 558000.0,
        "Interest Expense": 0.0,
        "Interest Income": 558000.0,
        "Normalized Income": -3533672.624647,
        "Net Income From Continuing And Discontinued Operation": 2124000.0,
        "Total Expenses": 8761000.0,
        "Total Operating Income As Reported": -5711000.0,
        "Diluted Average Shares": 20884287.0,
        "Basic Average Shares": 18711718.0,
        "Diluted EPS": 0.1,
        "Basic EPS": 0.11,
        "Diluted NI Availto Com Stockholders": 2124000.0,
        "Net Income Common Stockholders": 2124000.0,
        "Net Income": 2124000.0,
        "Minority Interests": 0.0,
        "Net Income Including Noncontrolling Interests": 2124000.0,
        "Net Income Continuous Operations": 2124000.0,
        "Tax Provision": 2000.0,
        "Pretax Income": 2126000.0,
        "Other Income Expense": 5663000.0,
        "Special Income Charges": -1551000.0,
        "Gain On Sale Of Ppe": -691000.0,
        "Write Off": NaN,
        "Impairment Of Capital Assets": 860000.0,
        "Gain On Sale Of Security": 7214000.0,
        "Net Non Operating Interest Income Expense": 558000.0,
        "Interest Expense Non Operating": 0.0,
        "Interest Income Non Operating": 558000.0,
        "Operating Income": -4095000.0,
        "Operating Expense": 4802000.0,
        "Depreciation Amortization Depletion Income Statement": 1816000.0,
        "Depreciation And Amortization In Income Statement": 1816000.0,
        "Research And Development": 0.0,
        "Selling General And Administration": 2986000.0,
        "Selling And Marketing Expense": 0.0,
        "General And Administrative Expense": 2986000.0,
        "Other Gand A": 2986000.0,
        "Gross Profit": 707000.0,
        "Cost Of Revenue": 3959000.0,
        "Total Revenue": 4666000.0,
        "Operating Revenue": 4666000.0
    }
}