{
    "2023-06-30": {
        "Tax Effect Of Unusual Items": -1890000.0,
        "Tax Rate For Calcs": 0.126,
        "Normalized EBITDA": 867000000.0,
        "Total Unusual Items": -15000000.0,
        "Total Unusual Items Excluding Goodwill": -15000000.0,
        "Net Income From Continuing Operation Net Minority Interest": 560000000.0,
        "Reconciled Depreciation": 64000000.0,
        "Reconciled Cost Of Revenue": 1754000000.0,
        "EBITDA": 852000000.0,
        "EBIT": 788000000.0,
        "Net Interest Income": -125000000.0,
        "Interest Expense": 130000000.0,
        "Interest Income": 5000000.0,
        "Normalized Income": 573110000.0,
        "Net Income From Continuing And Discontinued Operation": 560000000.0,
        "Total Expenses": 2378000000.0,
        "Rent Expense Supplemental": 68000000.0,
        "Total Operating Income As Reported": 842000000.0,
        "Diluted Average Shares": 206300000.0,
        "Basic Average Shares": 204700000.0,
        "Diluted EPS": 2.71,
        "Basic EPS": 2.74,
        "Diluted NI Availto Com Stockholders": 560000000.0,
        "Net Income Common Stockholders": 560000000.0,
        "Net Income": 560000000.0,
        "Minority Interests": -15000000.0,
        "Net Income Including Noncontrolling Interests": 575000000.0,
        "Net Income Continuous Operations": 575000000.0,
        "Tax Provision": 83000000.0,
        "Pretax Income": 658000000.0,
        "Other Income Expense": -16000000.0,
        "Other Non Operating Income Expenses": NaN,
        "Special Income Charges": 0.0,
        "Gain On Sale Of Business": 0.0,
        "Restructuring And Mergern Acquisition": NaN,
        "Earnings From Equity Interest": -1000000.0,
        "Gain On Sale Of Security": -15000000.0,
        "Net Non Operating Interest Income Expense": -125000000.0,
        "Interest Expense Non Operating": 130000000.0,
        "Interest Income Non Operating": 5000000.0,
        "Operating Income": 799000000.0,
        "Operating Expense": 624000000.0,
        "Other Operating Expenses": 129000000.0,
        "Depreciation Amortization Depletion Income Statement": 64000000.0,
        "Depreciation And Amortization In Income Statement": 64000000.0,
        "Amortization": 25000000.0,
        "Amortization Of Intangibles Income Statement": 25000000.0,
        "Depreciation Income Statement": 39000000.0,
        "Selling General And Administration": 431000000.0,
        "General And Administrative Expense": 431000000.0,
        "Other Gand A": 320000000.0,
        "Rent And Landing Fees": 68000000.0,
        "Salaries And Wages": 43000000.0,
        "Gross Profit": 1423000000.0,
        "Cost Of Revenue": 1754000000.0,
        "Total Revenue": 3177000000.0,
        "Operating Revenue": 3180000000.0
    },
    "2023-03-31": {
        "Tax Effect Of Unusual Items": -2156000.0,
        "Tax Rate For Calcs": 0.196,
        "Normalized EBITDA": 1527000000.0,
        "Total Unusual Items": -11000000.0,
        "Total Unusual Items Excluding Goodwill": -11000000.0,
        "Net Income From Continuing Operation Net Minority Interest": 1050000000.0,
        "Reconciled Depreciation": 63000000.0,
        "Reconciled Cost Of Revenue": 1792000000.0,
        "EBITDA": 1516000000.0,
        "EBIT": 1453000000.0,
        "Net Interest Income": -106000000.0,
        "Interest Expense": 111000000.0,
        "Interest Income": 5000000.0,
        "Normalized Income": 1058844000.0,
        "Net Income From Continuing And Discontinued Operation": 1050000000.0,
        "Total Expenses": 2415000000.0,
        "Rent Expense Supplemental": 75000000.0,
        "Total Operating Income As Reported": 1473000000.0,
        "Diluted Average Shares": 207100000.0,
        "Basic Average Shares": 206100000.0,
        "Diluted EPS": 5.07,
        "Basic EPS": 5.09,
        "Diluted NI Availto Com Stockholders": 1050000000.0,
        "Net Income Common Stockholders": 1050000000.0,
        "Net Income": 1050000000.0,
        "Minority Interests": -29000000.0,
        "Net Income Including Noncontrolling Interests": 1079000000.0,
        "Net Income Continuous Operations": 1079000000.0,
        "Tax Provision": 263000000.0,
        "Pretax Income": 1342000000.0,
        "Other Income Expense": -8000000.0,
        "Other Non Operating Income Expenses": NaN,
        "Special Income Charges": 0.0,
        "Gain On Sale Of Business": 0.0,
        "Restructuring And Mergern Acquisition": 0.0,
        "Earnings From Equity Interest": 3000000.0,
        "Gain On Sale Of Security": -11000000.0,
        "Net Non Operating Interest Income Expense": -106000000.0,
        "Interest Expense Non Operating": 111000000.0,
        "Interest Income Non Operating": 5000000.0,
        "Operating Income": 1456000000.0,
        "Operating Expense": 623000000.0,
        "Other Operating Expenses": 139000000.0,
        "Depreciation Amortization Depletion Income Statement": 63000000.0,
        "Depreciation And Amortization In Income Statement": 63000000.0,
        "Amortization": 25000000.0,
        "Amortization Of Intangibles Income Statement": 25000000.0,
        "Depreciation Income Statement": 38000000.0,
        "Selling General And Administration": 421000000.0,
        "General And Administrative Expense": 421000000.0,
        "Other Gand A": 329000000.0,
        "Rent And Landing Fees": 75000000.0,
        "Salaries And Wages": 17000000.0,
        "Gross Profit": 2079000000.0,
        "Cost Of Revenue": 1792000000.0,
        "Total Revenue": 3871000000.0,
        "Operating Revenue": 3876000000.0
    },
    "2022-12-31": {
        "Tax Effect Of Unusual Items": NaN,
        "Tax Rate For Calcs": NaN,
        "Normalized EBITDA": NaN,
        "Total Unusual Items": NaN,
        "Total Unusual Items Excluding Goodwill": NaN,
        "Net Income From Continuing Operation Net Minority Interest": NaN,
        "Reconciled Depreciation": NaN,
        "Reconciled Cost Of Revenue": NaN,
        "EBITDA": NaN,
        "EBIT": NaN,
        "Net Interest Income": NaN,
        "Interest Expense": NaN,
        "Interest Income": NaN,
        "Normalized Income": NaN,
        "Net Income From Continuing And Discontinued Operation": NaN,
        "Total Expenses": NaN,
        "Rent Expense Supplemental": NaN,
        "Total Operating Income As Reported": NaN,
        "Diluted Average Shares": NaN,
        "Basic Average Shares": NaN,
        "Diluted EPS": NaN,
        "Basic EPS": NaN,
        "Diluted NI Availto Com Stockholders": NaN,
        "Net Income Common Stockholders": NaN,
        "Net Income": NaN,
        "Minority Interests": NaN,
        "Net Income Including Noncontrolling Interests": NaN,
        "Net Income Continuous Operations": NaN,
        "Tax Provision": NaN,
        "Pretax Income": NaN,
        "Other Income Expense": NaN,
        "Other Non Operating Income Expenses": -170000000.0,
        "Special Income Charges": NaN,
        "Gain On Sale Of Business": 1000000.0,
        "Restructuring And Mergern Acquisition": NaN,
        "Earnings From Equity Interest": NaN,
        "Gain On Sale Of Security": NaN,
        "Net Non Operating Interest Income Expense": NaN,
        "Interest Expense Non Operating": NaN,
        "Interest Income Non Operating": NaN,
        "Operating Income": NaN,
        "Operating Expense": NaN,
        "Other Operating Expenses": NaN,
        "Depreciation Amortization Depletion Income Statement": NaN,
        "Depreciation And Amortization In Income Statement": NaN,
        "Amortization": NaN,
        "Amortization Of Intangibles Income Statement": NaN,
        "Depreciation Income Statement": NaN,
        "Selling General And Administration": NaN,
        "General And Administrative Expense": NaN,
        "Other Gand A": NaN,
        "Rent And Landing Fees": NaN,
        "Salaries And Wages": NaN,
        "Gross Profit": NaN,
        "Cost Of Revenue": NaN,
        "Total Revenue": NaN,
        "Operating Revenue": NaN
    },
    "2022-09-30": {
        "Tax Effect Of Unusual Items": NaN,
        "Tax Rate For Calcs": NaN,
        "Normalized EBITDA": NaN,
        "Total Unusual Items": NaN,
        "Total Unusual Items Excluding Goodwill": NaN,
        "Net Income From Continuing Operation Net Minority Interest": NaN,
        "Reconciled Depreciation": NaN,
        "Reconciled Cost Of Revenue": NaN,
        "EBITDA": NaN,
        "EBIT": NaN,
        "Net Interest Income": NaN,
        "Interest Expense": NaN,
        "Interest Income": NaN,
        "Normalized Income": NaN,
        "Net Income From Continuing And Discontinued Operation": NaN,
        "Total Expenses": NaN,
        "Rent Expense Supplemental": NaN,
        "Total Operating Income As Reported": NaN,
        "Diluted Average Shares": NaN,
        "Basic Average Shares": NaN,
        "Diluted EPS": NaN,
        "Basic EPS": NaN,
        "Diluted NI Availto Com Stockholders": NaN,
        "Net Income Common Stockholders": NaN,
        "Net Income": NaN,
        "Minority Interests": NaN,
        "Net Income Including Noncontrolling Interests": NaN,
        "Net Income Continuous Operations": NaN,
        "Tax Provision": NaN,
        "Pretax Income": NaN,
        "Other Income Expense": NaN,
        "Other Non Operating Income Expenses": -3000000.0,
        "Special Income Charges": NaN,
        "Gain On Sale Of Business": NaN,
        "Restructuring And Mergern Acquisition": 0.0,
        "Earnings From Equity Interest": NaN,
        "Gain On Sale Of Security": NaN,
        "Net Non Operating Interest Income Expense": NaN,
        "Interest Expense Non Operating": NaN,
        "Interest Income Non Operating": NaN,
        "Operating Income": NaN,
        "Operating Expense": NaN,
        "Other Operating Expenses": NaN,
        "Depreciation Amortization Depletion Income Statement": NaN,
        "Depreciation And Amortization In Income Statement": NaN,
        "Amortization": NaN,
        "Amortization Of Intangibles Income Statement": NaN,
        "Depreciation Income Statement": NaN,
        "Selling General And Administration": NaN,
        "General And Administrative Expense": NaN,
        "Other Gand A": NaN,
        "Rent And Landing Fees": NaN,
        "Salaries And Wages": NaN,
        "Gross Profit": NaN,
        "Cost Of Revenue": NaN,
        "Total Revenue": NaN,
        "Operating Revenue": NaN
    },
    "2022-06-30": {
        "Tax Effect Of Unusual Items": 5640000.0,
        "Tax Rate For Calcs": 0.188,
        "Normalized EBITDA": 770000000.0,
        "Total Unusual Items": 30000000.0,
        "Total Unusual Items Excluding Goodwill": 30000000.0,
        "Net Income From Continuing Operation Net Minority Interest": 501000000.0,
        "Reconciled Depreciation": 65000000.0,
        "Reconciled Cost Of Revenue": 1639000000.0,
        "EBITDA": 800000000.0,
        "EBIT": 735000000.0,
        "Net Interest Income": -97000000.0,
        "Interest Expense": 102000000.0,
        "Interest Income": 5000000.0,
        "Normalized Income": 476640000.0,
        "Net Income From Continuing And Discontinued Operation": 501000000.0,
        "Total Expenses": 2283000000.0,
        "Rent Expense Supplemental": 73000000.0,
        "Total Operating Income As Reported": 700000000.0,
        "Diluted Average Shares": 214700000.0,
        "Basic Average Shares": 213300000.0,
        "Diluted EPS": 2.33,
        "Basic EPS": 2.35,
        "Diluted NI Availto Com Stockholders": 501000000.0,
        "Net Income Common Stockholders": 501000000.0,
        "Net Income": 501000000.0,
        "Minority Interests": -13000000.0,
        "Net Income Including Noncontrolling Interests": 514000000.0,
        "Net Income Continuous Operations": 514000000.0,
        "Tax Provision": 119000000.0,
        "Pretax Income": 633000000.0,
        "Other Income Expense": 30000000.0,
        "Other Non Operating Income Expenses": -3000000.0,
        "Special Income Charges": 22000000.0,
        "Gain On Sale Of Business": 22000000.0,
        "Earnings From Equity Interest": 3000000.0,
        "Gain On Sale Of Security": 8000000.0,
        "Net Non Operating Interest Income Expense": -97000000.0,
        "Interest Expense Non Operating": 102000000.0,
        "Interest Income Non Operating": 5000000.0,
        "Operating Income": 700000000.0,
        "Operating Expense": 644000000.0,
        "Other Operating Expenses": 115000000.0,
        "Depreciation Amortization Depletion Income Statement": 65000000.0,
        "Depreciation And Amortization In Income Statement": 65000000.0,
        "Amortization": 25000000.0,
        "Amortization Of Intangibles Income Statement": 25000000.0,
        "Depreciation Income Statement": 40000000.0,
        "Selling General And Administration": 579000000.0,
        "General And Administrative Expense": 579000000.0,
        "Other Gand A": 506000000.0,
        "Rent And Landing Fees": 73000000.0,
        "Salaries And Wages": 3000000.0,
        "Gross Profit": 1344000000.0,
        "Cost Of Revenue": 1639000000.0,
        "Total Revenue": 2983000000.0,
        "Operating Revenue": 2983000000.0
    },
    "2022-03-31": {
        "Diluted EPS": 4.73,
        "Total Revenue": NaN,
        "Gross Profit": NaN,
        "Operating Income": NaN,
        "EBIT": NaN,
        "Net Income": NaN
    },
    "2021-12-31": {
        "Diluted EPS": 3.88,
        "Total Revenue": NaN,
        "Gross Profit": NaN,
        "Operating Income": 974,
        "EBIT": NaN,
        "Net Income": 863
    },
    "2021-09-30": {
        "Diluted EPS": -3.99,
        "Total Revenue": NaN,
        "Gross Profit": 867,
        "Operating Income": -801,
        "EBIT": -709,
        "Net Income": -900
    },
    "2021-06-30": {
        "Diluted EPS": 1.66,
        "Total Revenue": NaN,
        "Gross Profit": NaN,
        "Operating Income": 672,
        "EBIT": 749,
        "Net Income": 379
    },
    "2021-03-31": {
        "Diluted EPS": 4.0,
        "Total Revenue": NaN,
        "Gross Profit": NaN,
        "Operating Income": NaN,
        "EBIT": NaN,
        "Net Income": 913
    },
    "2020-12-31": {
        "Diluted EPS": 2.28,
        "Total Revenue": NaN,
        "Gross Profit": NaN,
        "Operating Income": 713,
        "EBIT": 797,
        "Net Income": 524
    },
    "2020-09-30": {
        "Diluted EPS": 1.18,
        "Total Revenue": NaN,
        "Gross Profit": 998,
        "Operating Income": 441,
        "EBIT": 533,
        "Net Income": 275
    },
    "2020-06-30": {
        "Diluted EPS": 1.7,
        "Total Revenue": NaN,
        "Gross Profit": NaN,
        "Operating Income": 594,
        "EBIT": 693,
        "Net Income": 398
    },
    "2020-03-31": {
        "Diluted EPS": 3.29,
        "Total Revenue": NaN,
        "Gross Profit": NaN,
        "Operating Income": NaN,
        "EBIT": NaN,
        "Net Income": 772
    },
    "2019-12-31": {
        "Diluted EPS": 1.6,
        "Total Revenue": NaN,
        "Gross Profit": NaN,
        "Operating Income": 524,
        "EBIT": 669,
        "Net Income": 374
    },
    "2019-09-30": {
        "Diluted EPS": 0.93,
        "Total Revenue": NaN,
        "Gross Profit": NaN,
        "Operating Income": 360,
        "EBIT": 505,
        "Net Income": 222
    },
    "2019-06-30": {
        "Diluted EPS": 1.14,
        "Total Revenue": NaN,
        "Gross Profit": NaN,
        "Operating Income": 413,
        "EBIT": 550,
        "Net Income": 277
    },
    "2019-03-31": {
        "Diluted EPS": 2.7,
        "Total Revenue": NaN,
        "Gross Profit": NaN,
        "Operating Income": 872,
        "EBIT": NaN,
        "Net Income": 659
    },
    "2018-12-31": {
        "Diluted EPS": 1.43,
        "Total Revenue": NaN,
        "Gross Profit": NaN,
        "Operating Income": 499,
        "EBIT": 650,
        "Net Income": 345
    },
    "2018-09-30": {
        "Diluted EPS": 0.6,
        "Total Revenue": NaN,
        "Gross Profit": 957,
        "Operating Income": 262,
        "EBIT": 402,
        "Net Income": 147
    },
    "2018-06-30": {
        "Diluted EPS": 0.19,
        "Total Revenue": NaN,
        "Gross Profit": NaN,
        "Operating Income": -16,
        "EBIT": 423,
        "Net Income": 48
    },
    "2018-03-31": {
        "Diluted EPS": 2.37,
        "Total Revenue": NaN,
        "Gross Profit": NaN,
        "Operating Income": 799,
        "EBIT": 838,
        "Net Income": 594
    },
    "2017-12-31": {
        "Diluted EPS": -0.04,
        "Total Revenue": NaN,
        "Gross Profit": NaN,
        "Operating Income": 601,
        "EBIT": 740,
        "Net Income": -19
    },
    "2017-09-30": {
        "Diluted EPS": 0.72,
        "Total Revenue": NaN,
        "Gross Profit": 912,
        "Operating Income": 256,
        "EBIT": 397,
        "Net Income": 185
    },
    "2017-06-30": {
        "Diluted EPS": 2.93,
        "Total Revenue": NaN,
        "Gross Profit": 902,
        "Operating Income": -127,
        "EBIT": 430,
        "Net Income": 769
    },
    "2017-03-31": {
        "Diluted EPS": 1.09,
        "Total Revenue": NaN,
        "Gross Profit": 912,
        "Operating Income": 335,
        "EBIT": 389,
        "Net Income": 291
    },
    "2016-12-31": {
        "Diluted EPS": 1.68,
        "Total Revenue": NaN,
        "Gross Profit": NaN,
        "Operating Income": 636,
        "EBIT": 720,
        "Net Income": 452
    },
    "2016-09-30": {
        "Diluted EPS": 1.18,
        "Total Revenue": NaN,
        "Gross Profit": 901,
        "Operating Income": 368,
        "EBIT": 449,
        "Net Income": 319
    },
    "2016-06-30": {
        "Diluted EPS": 1.11,
        "Total Revenue": NaN,
        "Gross Profit": 886,
        "Operating Income": 387,
        "EBIT": 466,
        "Net Income": 300
    },
    "2016-03-31": {
        "Diluted EPS": 1.19,
        "Total Revenue": NaN,
        "Gross Profit": 931,
        "Operating Income": 420,
        "EBIT": 495,
        "Net Income": 325
    },
    "2015-12-31": {
        "Diluted EPS": 2.08,
        "Total Revenue": NaN,
        "Gross Profit": 461,
        "Operating Income": 456,
        "EBIT": 388,
        "Net Income": 584
    },
    "2015-09-30": {
        "Diluted EPS": 1.04,
        "Total Revenue": NaN,
        "Gross Profit": NaN,
        "Operating Income": 413,
        "EBIT": 547,
        "Net Income": 295
    },
    "2015-06-30": {
        "Diluted EPS": 0.62,
        "Total Revenue": NaN,
        "Gross Profit": NaN,
        "Operating Income": 277,
        "EBIT": 413,
        "Net Income": 178
    },
    "2015-03-31": {
        "Diluted EPS": 1.14,
        "Total Revenue": NaN,
        "Gross Profit": NaN,
        "Operating Income": 441,
        "EBIT": 577,
        "Net Income": 328
    },
    "2014-12-31": {
        "Diluted EPS": 1.55,
        "Total Revenue": NaN,
        "Gross Profit": NaN,
        "Operating Income": 635,
        "EBIT": 783,
        "Net Income": 459
    },
    "2014-09-30": {
        "Diluted EPS": 1.04,
        "Total Revenue": NaN,
        "Gross Profit": NaN,
        "Operating Income": 417,
        "EBIT": 568,
        "Net Income": 309
    },
    "2014-06-30": {
        "Diluted EPS": 1.01,
        "Total Revenue": NaN,
        "Gross Profit": NaN,
        "Operating Income": 445,
        "EBIT": 594,
        "Net Income": 304
    },
    "2014-03-31": {
        "Diluted EPS": 1.06,
        "Total Revenue": NaN,
        "Gross Profit": NaN,
        "Operating Income": 469,
        "EBIT": 615,
        "Net Income": 325
    },
    "2013-12-31": {
        "Diluted EPS": 1.13,
        "Total Revenue": NaN,
        "Gross Profit": NaN,
        "Operating Income": 515,
        "EBIT": 677,
        "Net Income": 355
    },
    "2013-09-30": {
        "Diluted EPS": 0.82,
        "Total Revenue": NaN,
        "Gross Profit": NaN,
        "Operating Income": 364,
        "EBIT": 521,
        "Net Income": 256
    },
    "2013-06-30": {
        "Diluted EPS": 0.76,
        "Total Revenue": NaN,
        "Gross Profit": NaN,
        "Operating Income": 382,
        "EBIT": 540,
        "Net Income": 241
    },
    "2013-03-31": {
        "Diluted EPS": 0.82,
        "Total Revenue": NaN,
        "Gross Profit": NaN,
        "Operating Income": 410,
        "EBIT": 568,
        "Net Income": 261
    },
    "2012-12-31": {
        "Diluted EPS": 0.93,
        "Total Revenue": NaN,
        "Gross Profit": NaN,
        "Operating Income": 461,
        "EBIT": 635,
        "Net Income": 305
    },
    "2012-09-30": {
        "Diluted EPS": 0.62,
        "Total Revenue": NaN,
        "Gross Profit": NaN,
        "Operating Income": 339,
        "EBIT": 500,
        "Net Income": 204
    },
    "2012-06-30": {
        "Diluted EPS": 0.73,
        "Total Revenue": NaN,
        "Gross Profit": NaN,
        "Operating Income": 394,
        "EBIT": 555,
        "Net Income": 246
    },
    "2012-03-31": {
        "Diluted EPS": 0.71,
        "Total Revenue": NaN,
        "Gross Profit": NaN,
        "Operating Income": 402,
        "EBIT": 561,
        "Net Income": 238
    },
    "2011-12-31": {
        "Diluted EPS": 0.82,
        "Total Revenue": NaN,
        "Gross Profit": NaN,
        "Operating Income": 430,
        "EBIT": 575,
        "Net Income": 277
    },
    "2011-09-30": {
        "Diluted EPS": 0.59,
        "Total Revenue": NaN,
        "Gross Profit": NaN,
        "Operating Income": 328,
        "EBIT": 472,
        "Net Income": 198
    },
    "2011-06-30": {
        "Diluted EPS": 0.75,
        "Total Revenue": NaN,
        "Gross Profit": NaN,
        "Operating Income": 440,
        "EBIT": 589,
        "Net Income": 258
    },
    "2011-03-31": {
        "Diluted EPS": 0.71,
        "Total Revenue": NaN,
        "Gross Profit": NaN,
        "Operating Income": 398,
        "EBIT": 542,
        "Net Income": 246
    },
    "2010-12-31": {
        "Diluted EPS": 0.69,
        "Total Revenue": NaN,
        "Gross Profit": NaN,
        "Operating Income": 440,
        "EBIT": 566,
        "Net Income": 231
    },
    "2010-09-30": {
        "Diluted EPS": 0.51,
        "Total Revenue": NaN,
        "Gross Profit": 751,
        "Operating Income": 263,
        "EBIT": 324,
        "Net Income": 144
    },
    "2010-06-30": {
        "Diluted EPS": 0.54,
        "Total Revenue": NaN,
        "Gross Profit": 729,
        "Operating Income": 268,
        "EBIT": 328,
        "Net Income": 153
    },
    "2010-03-31": {
        "Diluted EPS": 0.63,
        "Total Revenue": NaN,
        "Gross Profit": 741,
        "Operating Income": 273,
        "EBIT": 331,
        "Net Income": 178
    },
    "2009-12-31": {
        "Diluted EPS": 0.69,
        "Total Revenue": NaN,
        "Gross Profit": 743,
        "Operating Income": 241,
        "EBIT": 309,
        "Net Income": 198
    },
    "2009-09-30": {
        "Diluted EPS": 0.41,
        "Total Revenue": NaN,
        "Gross Profit": 675,
        "Operating Income": 194,
        "EBIT": 250,
        "Net Income": 120
    },
    "2009-06-30": {
        "Diluted EPS": 0.51,
        "Total Revenue": NaN,
        "Gross Profit": 748,
        "Operating Income": 220,
        "EBIT": 278,
        "Net Income": 149
    },
    "2009-03-31": {
        "Diluted EPS": 0.96,
        "Total Revenue": NaN,
        "Gross Profit": 832,
        "Operating Income": 366,
        "EBIT": 426,
        "Net Income": 280
    },
    "2023-09-30": {
        "Tax Effect Of Unusual Items": -1826000.0,
        "Tax Rate For Calcs": 0.166,
        "Normalized EBITDA": 752000000.0,
        "Total Unusual Items": -11000000.0,
        "Total Unusual Items Excluding Goodwill": -11000000.0,
        "Net Income From Continuing Operation Net Minority Interest": 456000000.0,
        "Reconciled Depreciation": 62000000.0,
        "Reconciled Cost Of Revenue": 1685000000.0,
        "EBITDA": 741000000.0,
        "EBIT": 679000000.0,
        "Net Interest Income": -110000000.0,
        "Interest Expense": 119000000.0,
        "Interest Income": 9000000.0,
        "Normalized Income": 465174000.0,
        "Net Income From Continuing And Discontinued Operation": 456000000.0,
        "Total Expenses": 2274000000.0,
        "Rent Expense Supplemental": 74000000.0,
        "Total Operating Income As Reported": 691000000.0,
        "Diluted Average Shares": 204600000.0,
        "Basic Average Shares": 202900000.0,
        "Diluted EPS": 2.23,
        "Basic EPS": 2.25,
        "Diluted NI Availto Com Stockholders": 456000000.0,
        "Net Income Common Stockholders": 456000000.0,
        "Net Income": 456000000.0,
        "Minority Interests": -11000000.0,
        "Net Income Including Noncontrolling Interests": 467000000.0,
        "Net Income Continuous Operations": 467000000.0,
        "Tax Provision": 93000000.0,
        "Pretax Income": 560000000.0,
        "Other Income Expense": -9000000.0,
        "Other Non Operating Income Expenses": NaN,
        "Special Income Charges": -6000000.0,
        "Gain On Sale Of Business": 0.0,
        "Restructuring And Mergern Acquisition": 6000000.0,
        "Earnings From Equity Interest": 2000000.0,
        "Gain On Sale Of Security": -5000000.0,
        "Net Non Operating Interest Income Expense": -110000000.0,
        "Interest Expense Non Operating": 119000000.0,
        "Interest Income Non Operating": 9000000.0,
        "Operating Income": 679000000.0,
        "Operating Expense": 589000000.0,
        "Other Operating Expenses": 135000000.0,
        "Depreciation Amortization Depletion Income Statement": 62000000.0,
        "Depreciation And Amortization In Income Statement": 62000000.0,
        "Amortization": 20000000.0,
        "Amortization Of Intangibles Income Statement": 20000000.0,
        "Depreciation Income Statement": 42000000.0,
        "Selling General And Administration": 392000000.0,
        "General And Administrative Expense": 392000000.0,
        "Other Gand A": 300000000.0,
        "Rent And Landing Fees": 74000000.0,
        "Salaries And Wages": 18000000.0,
        "Gross Profit": 1268000000.0,
        "Cost Of Revenue": 1685000000.0,
        "Total Revenue": 2953000000.0,
        "Operating Revenue": 2953000000.0
    },
    "2023-12-31": {
        "Tax Effect Of Unusual Items": -28137931.034483,
        "Tax Rate For Calcs": 0.167488,
        "Normalized EBITDA": 968000000.0,
        "Total Unusual Items": -168000000.0,
        "Total Unusual Items Excluding Goodwill": -168000000.0,
        "Net Income From Continuing Operation Net Minority Interest": 498000000.0,
        "Reconciled Depreciation": 67000000.0,
        "Reconciled Cost Of Revenue": 1671000000.0,
        "EBITDA": 800000000.0,
        "EBIT": 733000000.0,
        "Net Interest Income": -112000000.0,
        "Interest Expense": 124000000.0,
        "Interest Income": 12000000.0,
        "Normalized Income": 637862068.965517,
        "Net Income From Continuing And Discontinued Operation": 498000000.0,
        "Total Expenses": 2487000000.0,
        "Rent Expense Supplemental": 77000000.0,
        "Total Operating Income As Reported": 779000000.0,
        "Diluted Average Shares": 202000000.0,
        "Basic Average Shares": 200300000.0,
        "Diluted EPS": 2.47,
        "Basic EPS": 2.49,
        "Diluted NI Availto Com Stockholders": 498000000.0,
        "Net Income Common Stockholders": 498000000.0,
        "Net Income": 498000000.0,
        "Minority Interests": -9000000.0,
        "Net Income Including Noncontrolling Interests": 507000000.0,
        "Net Income Continuous Operations": 507000000.0,
        "Tax Provision": 102000000.0,
        "Pretax Income": 609000000.0,
        "Other Income Expense": -167000000.0,
        "Other Non Operating Income Expenses": NaN,
        "Special Income Charges": -125000000.0,
        "Gain On Sale Of Business": 4000000.0,
        "Restructuring And Mergern Acquisition": 129000000.0,
        "Earnings From Equity Interest": 1000000.0,
        "Gain On Sale Of Security": -43000000.0,
        "Net Non Operating Interest Income Expense": -112000000.0,
        "Interest Expense Non Operating": 124000000.0,
        "Interest Income Non Operating": 12000000.0,
        "Operating Income": 888000000.0,
        "Operating Expense": 816000000.0,
        "Other Operating Expenses": 131000000.0,
        "Depreciation Amortization Depletion Income Statement": 67000000.0,
        "Depreciation And Amortization In Income Statement": 67000000.0,
        "Amortization": 19000000.0,
        "Amortization Of Intangibles Income Statement": 19000000.0,
        "Depreciation Income Statement": 48000000.0,
        "Selling General And Administration": 618000000.0,
        "General And Administrative Expense": 618000000.0,
        "Other Gand A": 521000000.0,
        "Rent And Landing Fees": 77000000.0,
        "Salaries And Wages": 20000000.0,
        "Gross Profit": 1704000000.0,
        "Cost Of Revenue": 1671000000.0,
        "Total Revenue": 3375000000.0,
        "Operating Revenue": 3387000000.0
    },
    "2024-03-31": {
        "Tax Effect Of Unusual Items": -8352000.0,
        "Tax Rate For Calcs": 0.232,
        "Normalized EBITDA": 1664000000.0,
        "Total Unusual Items": -36000000.0,
        "Total Unusual Items Excluding Goodwill": -36000000.0,
        "Net Income From Continuing Operation Net Minority Interest": 1071000000.0,
        "Reconciled Depreciation": 60000000.0,
        "Reconciled Cost Of Revenue": 1883000000.0,
        "EBITDA": 1628000000.0,
        "EBIT": 1568000000.0,
        "Net Interest Income": -116000000.0,
        "Interest Expense": 144000000.0,
        "Interest Income": 28000000.0,
        "Normalized Income": 1098648000.0,
        "Net Income From Continuing And Discontinued Operation": 1071000000.0,
        "Total Expenses": 2496000000.0,
        "Rent Expense Supplemental": 71000000.0,
        "Total Operating Income As Reported": 1465000000.0,
        "Diluted Average Shares": 200100000.0,
        "Basic Average Shares": 199100000.0,
        "Diluted EPS": 5.35,
        "Basic EPS": 5.38,
        "Diluted NI Availto Com Stockholders": 1071000000.0,
        "Net Income Common Stockholders": 1071000000.0,
        "Net Income": 1071000000.0,
        "Minority Interests": -22000000.0,
        "Net Income Including Noncontrolling Interests": 1093000000.0,
        "Net Income Continuous Operations": 1093000000.0,
        "Tax Provision": 331000000.0,
        "Pretax Income": 1424000000.0,
        "Other Income Expense": -34000000.0,
        "Other Non Operating Income Expenses": NaN,
        "Special Income Charges": -119000000.0,
        "Gain On Sale Of Business": NaN,
        "Restructuring And Mergern Acquisition": 119000000.0,
        "Earnings From Equity Interest": 2000000.0,
        "Gain On Sale Of Security": 83000000.0,
        "Net Non Operating Interest Income Expense": -116000000.0,
        "Interest Expense Non Operating": 144000000.0,
        "Interest Income Non Operating": 28000000.0,
        "Operating Income": 1574000000.0,
        "Operating Expense": 613000000.0,
        "Other Operating Expenses": 124000000.0,
        "Depreciation Amortization Depletion Income Statement": 60000000.0,
        "Depreciation And Amortization In Income Statement": 60000000.0,
        "Amortization": 16000000.0,
        "Amortization Of Intangibles Income Statement": 16000000.0,
        "Depreciation Income Statement": 44000000.0,
        "Selling General And Administration": 429000000.0,
        "General And Administrative Expense": 429000000.0,
        "Other Gand A": 348000000.0,
        "Rent And Landing Fees": 71000000.0,
        "Salaries And Wages": 10000000.0,
        "Gross Profit": 2187000000.0,
        "Cost Of Revenue": 1883000000.0,
        "Total Revenue": 4070000000.0,
        "Operating Revenue": 4078000000.0
    }
}