{
    "2023-03-31": {
        "Tax Effect Of Unusual Items": NaN,
        "Tax Rate For Calcs": NaN,
        "Normalized EBITDA": NaN,
        "Total Unusual Items": -185600000.0,
        "Total Unusual Items Excluding Goodwill": -185600000.0,
        "Net Income From Continuing Operation Net Minority Interest": NaN,
        "Reconciled Depreciation": NaN,
        "Reconciled Cost Of Revenue": NaN,
        "EBITDA": NaN,
        "EBIT": NaN,
        "Net Interest Income": NaN,
        "Interest Expense": NaN,
        "Normalized Income": NaN,
        "Net Income From Continuing And Discontinued Operation": NaN,
        "Total Expenses": NaN,
        "Total Operating Income As Reported": NaN,
        "Diluted Average Shares": NaN,
        "Basic Average Shares": NaN,
        "Diluted EPS": NaN,
        "Basic EPS": NaN,
        "Diluted NI Availto Com Stockholders": NaN,
        "Net Income Common Stockholders": NaN,
        "Net Income": NaN,
        "Minority Interests": NaN,
        "Net Income Including Noncontrolling Interests": NaN,
        "Net Income Continuous Operations": NaN,
        "Tax Provision": NaN,
        "Pretax Income": NaN,
        "Other Income Expense": NaN,
        "Other Non Operating Income Expenses": NaN,
        "Special Income Charges": -185600000.0,
        "Gain On Sale Of Business": -185600000.0,
        "Earnings From Equity Interest": NaN,
        "Net Non Operating Interest Income Expense": NaN,
        "Interest Expense Non Operating": NaN,
        "Operating Income": NaN,
        "Operating Expense": NaN,
        "Other Operating Expenses": NaN,
        "Research And Development": NaN,
        "Selling General And Administration": NaN,
        "General And Administrative Expense": NaN,
        "Other Gand A": NaN,
        "Gross Profit": NaN,
        "Cost Of Revenue": NaN,
        "Total Revenue": NaN,
        "Operating Revenue": NaN
    },
    "2022-12-31": {
        "Tax Effect Of Unusual Items": 0.0,
        "Tax Rate For Calcs": 0.189,
        "Normalized EBITDA": 1082900000.0,
        "Total Unusual Items": NaN,
        "Total Unusual Items Excluding Goodwill": NaN,
        "Net Income From Continuing Operation Net Minority Interest": 572200000.0,
        "Reconciled Depreciation": 321500000.0,
        "Reconciled Cost Of Revenue": 2272300000.0,
        "EBITDA": 1082900000.0,
        "EBIT": 761400000.0,
        "Net Interest Income": -41200000.0,
        "Interest Expense": 41200000.0,
        "Normalized Income": 572200000.0,
        "Net Income From Continuing And Discontinued Operation": 572200000.0,
        "Total Expenses": 2522700000.0,
        "Total Operating Income As Reported": 652000000.0,
        "Diluted Average Shares": 222600000.0,
        "Basic Average Shares": 222200000.0,
        "Diluted EPS": 2.57,
        "Basic EPS": 2.58,
        "Diluted NI Availto Com Stockholders": 572200000.0,
        "Net Income Common Stockholders": 572200000.0,
        "Net Income": 572200000.0,
        "Minority Interests": -11600000.0,
        "Net Income Including Noncontrolling Interests": 583800000.0,
        "Net Income Continuous Operations": 583800000.0,
        "Tax Provision": 136400000.0,
        "Pretax Income": 720200000.0,
        "Other Income Expense": 109400000.0,
        "Other Non Operating Income Expenses": -600000.0,
        "Special Income Charges": NaN,
        "Gain On Sale Of Business": NaN,
        "Earnings From Equity Interest": 110000000.0,
        "Net Non Operating Interest Income Expense": -41200000.0,
        "Interest Expense Non Operating": 41200000.0,
        "Operating Income": 652000000.0,
        "Operating Expense": 250400000.0,
        "Other Operating Expenses": -8400000.0,
        "Research And Development": 24400000.0,
        "Selling General And Administration": 234400000.0,
        "General And Administrative Expense": NaN,
        "Other Gand A": NaN,
        "Gross Profit": 902400000.0,
        "Cost Of Revenue": 2272300000.0,
        "Total Revenue": 3174700000.0,
        "Operating Revenue": 3174700000.0
    },
    "2022-09-30": {
        "Tax Effect Of Unusual Items": NaN,
        "Tax Rate For Calcs": NaN,
        "Normalized EBITDA": NaN,
        "Total Unusual Items": -73700000.0,
        "Total Unusual Items Excluding Goodwill": -73700000.0,
        "Net Income From Continuing Operation Net Minority Interest": NaN,
        "Reconciled Depreciation": NaN,
        "Reconciled Cost Of Revenue": NaN,
        "EBITDA": NaN,
        "EBIT": NaN,
        "Net Interest Income": NaN,
        "Interest Expense": NaN,
        "Normalized Income": NaN,
        "Net Income From Continuing And Discontinued Operation": NaN,
        "Total Expenses": NaN,
        "Total Operating Income As Reported": NaN,
        "Diluted Average Shares": NaN,
        "Basic Average Shares": NaN,
        "Diluted EPS": NaN,
        "Basic EPS": NaN,
        "Diluted NI Availto Com Stockholders": NaN,
        "Net Income Common Stockholders": NaN,
        "Net Income": NaN,
        "Minority Interests": NaN,
        "Net Income Including Noncontrolling Interests": NaN,
        "Net Income Discontinuous Operations": 12600000.0,
        "Net Income Continuous Operations": NaN,
        "Tax Provision": NaN,
        "Pretax Income": NaN,
        "Other Income Expense": NaN,
        "Other Non Operating Income Expenses": NaN,
        "Special Income Charges": -73700000.0,
        "Gain On Sale Of Business": NaN,
        "Restructuring And Mergern Acquisition": 0.0,
        "Earnings From Equity Interest": NaN,
        "Net Non Operating Interest Income Expense": NaN,
        "Interest Expense Non Operating": NaN,
        "Operating Income": NaN,
        "Operating Expense": NaN,
        "Other Operating Expenses": NaN,
        "Research And Development": NaN,
        "Selling General And Administration": NaN,
        "General And Administrative Expense": 223900000.0,
        "Other Gand A": 223900000.0,
        "Gross Profit": NaN,
        "Cost Of Revenue": NaN,
        "Total Revenue": NaN,
        "Operating Revenue": NaN
    },
    "2022-06-30": {
        "Tax Effect Of Unusual Items": 0.0,
        "Tax Rate For Calcs": 0.186,
        "Normalized EBITDA": 1091200000.0,
        "Total Unusual Items": 0.0,
        "Total Unusual Items Excluding Goodwill": 0.0,
        "Net Income From Continuing Operation Net Minority Interest": 582100000.0,
        "Reconciled Depreciation": 337200000.0,
        "Reconciled Cost Of Revenue": 2342100000.0,
        "EBITDA": 1091200000.0,
        "EBIT": 754000000.0,
        "Net Interest Income": -32700000.0,
        "Interest Expense": 32700000.0,
        "Normalized Income": 582100000.0,
        "Net Income From Continuing And Discontinued Operation": 582100000.0,
        "Total Expenses": 2561900000.0,
        "Total Operating Income As Reported": 627400000.0,
        "Diluted Average Shares": 222500000.0,
        "Basic Average Shares": 222000000.0,
        "Diluted EPS": 2.62,
        "Basic EPS": 2.62,
        "Diluted NI Availto Com Stockholders": 582100000.0,
        "Net Income Common Stockholders": 582100000.0,
        "Net Income": 582100000.0,
        "Minority Interests": -5000000.0,
        "Net Income Including Noncontrolling Interests": 587100000.0,
        "Net Income Discontinuous Operations": 0.0,
        "Net Income Continuous Operations": 587100000.0,
        "Tax Provision": 134200000.0,
        "Pretax Income": 721300000.0,
        "Other Income Expense": 126600000.0,
        "Other Non Operating Income Expenses": 10500000.0,
        "Special Income Charges": 0.0,
        "Gain On Sale Of Business": NaN,
        "Restructuring And Mergern Acquisition": 0.0,
        "Earnings From Equity Interest": 116100000.0,
        "Net Non Operating Interest Income Expense": -32700000.0,
        "Interest Expense Non Operating": 32700000.0,
        "Operating Income": 627400000.0,
        "Operating Expense": 219800000.0,
        "Other Operating Expenses": -21900000.0,
        "Research And Development": 24800000.0,
        "Selling General And Administration": 216900000.0,
        "General And Administrative Expense": 216900000.0,
        "Other Gand A": 216900000.0,
        "Gross Profit": 847200000.0,
        "Cost Of Revenue": 2342100000.0,
        "Total Revenue": 3189300000.0,
        "Operating Revenue": 3189300000.0
    },
    "2023-06-30": {
        "Tax Effect Of Unusual Items": NaN,
        "Tax Rate For Calcs": NaN,
        "Normalized EBITDA": NaN,
        "Total Unusual Items": -59000000.0,
        "Total Unusual Items Excluding Goodwill": -59000000.0,
        "Net Income From Continuing Operation Net Minority Interest": NaN,
        "Reconciled Depreciation": NaN,
        "Reconciled Cost Of Revenue": NaN,
        "EBITDA": NaN,
        "EBIT": NaN,
        "Net Interest Income": NaN,
        "Interest Expense": NaN,
        "Normalized Income": NaN,
        "Net Income From Continuing And Discontinued Operation": NaN,
        "Total Expenses": NaN,
        "Total Operating Income As Reported": NaN,
        "Diluted Average Shares": NaN,
        "Basic Average Shares": NaN,
        "Diluted EPS": NaN,
        "Basic EPS": NaN,
        "Diluted NI Availto Com Stockholders": NaN,
        "Net Income Common Stockholders": NaN,
        "Net Income": NaN,
        "Minority Interests": NaN,
        "Net Income Including Noncontrolling Interests": NaN,
        "Net Income Continuous Operations": NaN,
        "Tax Provision": NaN,
        "Pretax Income": NaN,
        "Other Income Expense": NaN,
        "Other Non Operating Income Expenses": NaN,
        "Special Income Charges": -59000000.0,
        "Gain On Sale Of Business": -59000000.0,
        "Earnings From Equity Interest": NaN,
        "Net Non Operating Interest Income Expense": NaN,
        "Interest Expense Non Operating": NaN,
        "Operating Income": NaN,
        "Operating Expense": NaN,
        "Other Operating Expenses": NaN,
        "Research And Development": NaN,
        "Selling General And Administration": NaN,
        "General And Administrative Expense": 238700000.0,
        "Other Gand A": 238700000.0,
        "Gross Profit": NaN,
        "Cost Of Revenue": NaN,
        "Total Revenue": NaN,
        "Operating Revenue": NaN
    },
    "2022-03-31": {
        "Diluted EPS": 2.38,
        "Total Revenue": NaN,
        "Gross Profit": 794,
        "Operating Income": 562,
        "EBIT": 898,
        "Net Income": 531
    },
    "2021-12-31": {
        "Diluted EPS": 2.52,
        "Total Revenue": NaN,
        "Gross Profit": 771,
        "Operating Income": 523,
        "EBIT": 855,
        "Net Income": 560
    },
    "2021-09-30": {
        "Diluted EPS": 2.73,
        "Total Revenue": NaN,
        "Gross Profit": 835,
        "Operating Income": 617,
        "EBIT": 949,
        "Net Income": 610
    },
    "2021-06-30": {
        "Diluted EPS": 2.4,
        "Total Revenue": NaN,
        "Gross Profit": 803,
        "Operating Income": 577,
        "EBIT": 913,
        "Net Income": 534
    },
    "2021-03-31": {
        "Diluted EPS": 2.13,
        "Total Revenue": NaN,
        "Gross Profit": 757,
        "Operating Income": 549,
        "EBIT": 878,
        "Net Income": 473
    },
    "2020-12-31": {
        "Diluted EPS": 2.17,
        "Total Revenue": NaN,
        "Gross Profit": 743,
        "Operating Income": 539,
        "EBIT": 863,
        "Net Income": 482
    },
    "2020-09-30": {
        "Diluted EPS": 2.19,
        "Total Revenue": NaN,
        "Gross Profit": 754,
        "Operating Income": 560,
        "EBIT": 871,
        "Net Income": 487
    },
    "2020-06-30": {
        "Diluted EPS": 2.01,
        "Total Revenue": NaN,
        "Gross Profit": 720,
        "Operating Income": 539,
        "EBIT": 830,
        "Net Income": 447
    },
    "2020-03-31": {
        "Diluted EPS": 2.15,
        "Total Revenue": NaN,
        "Gross Profit": 756,
        "Operating Income": 577,
        "EBIT": 872,
        "Net Income": 478
    },
    "2019-12-31": {
        "Diluted EPS": 2.14,
        "Total Revenue": NaN,
        "Gross Profit": 768,
        "Operating Income": 561,
        "EBIT": 850,
        "Net Income": 476
    },
    "2019-09-30": {
        "Diluted EPS": 2.27,
        "Total Revenue": NaN,
        "Gross Profit": 792,
        "Operating Income": 603,
        "EBIT": 897,
        "Net Income": 503
    },
    "2019-06-30": {
        "Diluted EPS": 2.2,
        "Total Revenue": NaN,
        "Gross Profit": 758,
        "Operating Income": 570,
        "EBIT": 839,
        "Net Income": 488
    },
    "2019-03-31": {
        "Diluted EPS": 1.9,
        "Total Revenue": NaN,
        "Gross Profit": 713,
        "Operating Income": 517,
        "EBIT": 779,
        "Net Income": 421
    },
    "2018-12-31": {
        "Diluted EPS": 1.57,
        "Total Revenue": NaN,
        "Gross Profit": 680,
        "Operating Income": 455,
        "EBIT": 713,
        "Net Income": 348
    },
    "2018-09-30": {
        "Diluted EPS": 2.04,
        "Total Revenue": NaN,
        "Gross Profit": 733,
        "Operating Income": 534,
        "EBIT": 791,
        "Net Income": 453
    },
    "2018-06-30": {
        "Diluted EPS": 2.15,
        "Total Revenue": NaN,
        "Gross Profit": 714,
        "Operating Income": 516,
        "EBIT": 761,
        "Net Income": 474
    },
    "2018-03-31": {
        "Diluted EPS": 1.89,
        "Total Revenue": NaN,
        "Gross Profit": 649,
        "Operating Income": 455,
        "EBIT": 695,
        "Net Income": 416
    },
    "2017-12-31": {
        "Diluted EPS": 0.7,
        "Total Revenue": NaN,
        "Gross Profit": 645,
        "Operating Income": 461,
        "EBIT": 689,
        "Net Income": 155
    },
    "2017-09-30": {
        "Diluted EPS": 2.12,
        "Total Revenue": NaN,
        "Gross Profit": 658,
        "Operating Income": 457,
        "EBIT": 688,
        "Net Income": 469
    },
    "2017-06-30": {
        "Diluted EPS": 0.46,
        "Total Revenue": NaN,
        "Gross Profit": 636,
        "Operating Income": 259,
        "EBIT": 476,
        "Net Income": 102
    },
    "2017-03-31": {
        "Diluted EPS": 9.7,
        "Total Revenue": NaN,
        "Gross Profit": 576,
        "Operating Income": 396,
        "EBIT": 607,
        "Net Income": NaN
    },
    "2016-12-31": {
        "Diluted EPS": 1.37,
        "Total Revenue": NaN,
        "Gross Profit": 566,
        "Operating Income": 328,
        "EBIT": 534,
        "Net Income": 300
    },
    "2016-09-30": {
        "Diluted EPS": 1.8,
        "Total Revenue": NaN,
        "Gross Profit": 597,
        "Operating Income": 396,
        "EBIT": 609,
        "Net Income": 394
    },
    "2016-06-30": {
        "Diluted EPS": 1.59,
        "Total Revenue": NaN,
        "Gross Profit": 594,
        "Operating Income": 395,
        "EBIT": 608,
        "Net Income": 347
    },
    "2016-03-31": {
        "Diluted EPS": -2.17,
        "Total Revenue": NaN,
        "Gross Profit": 564,
        "Operating Income": 372,
        "EBIT": 586,
        "Net Income": -473
    },
    "2015-12-31": {
        "Diluted EPS": 1.67,
        "Total Revenue": NaN,
        "Gross Profit": 570,
        "Operating Income": 373,
        "EBIT": 587,
        "Net Income": 364
    },
    "2015-09-30": {
        "Diluted EPS": 1.58,
        "Total Revenue": 379,
        "Gross Profit": 25,
        "Operating Income": 2,
        "EBIT": 158,
        "Net Income": 345
    },
    "2015-06-30": {
        "Diluted EPS": 1.47,
        "Total Revenue": NaN,
        "Gross Profit": 755,
        "Operating Income": 425,
        "EBIT": 658,
        "Net Income": 319
    },
    "2015-03-31": {
        "Diluted EPS": 1.33,
        "Total Revenue": NaN,
        "Gross Profit": 716,
        "Operating Income": 377,
        "EBIT": 610,
        "Net Income": 290
    },
    "2014-12-31": {
        "Diluted EPS": 1.5,
        "Total Revenue": NaN,
        "Gross Profit": 730,
        "Operating Income": 430,
        "EBIT": 666,
        "Net Income": 325
    },
    "2014-09-30": {
        "Diluted EPS": 0.48,
        "Total Revenue": NaN,
        "Gross Profit": 749,
        "Operating Income": 155,
        "EBIT": 410,
        "Net Income": 104
    },
    "2014-06-30": {
        "Diluted EPS": 1.46,
        "Total Revenue": NaN,
        "Gross Profit": 716,
        "Operating Income": 414,
        "EBIT": 653,
        "Net Income": 314
    },
    "2014-03-31": {
        "Diluted EPS": 1.32,
        "Total Revenue": NaN,
        "Gross Profit": 664,
        "Operating Income": 385,
        "EBIT": 614,
        "Net Income": 284
    },
    "2013-12-31": {
        "Diluted EPS": 1.35,
        "Total Revenue": NaN,
        "Gross Profit": 680,
        "Operating Income": 386,
        "EBIT": 620,
        "Net Income": 290
    },
    "2013-09-30": {
        "Diluted EPS": 0.63,
        "Total Revenue": NaN,
        "Gross Profit": 704,
        "Operating Income": 179,
        "EBIT": 412,
        "Net Income": 137
    },
    "2013-06-30": {
        "Diluted EPS": 1.36,
        "Total Revenue": NaN,
        "Gross Profit": 672,
        "Operating Income": 383,
        "EBIT": 613,
        "Net Income": 288
    },
    "2013-03-31": {
        "Diluted EPS": 1.38,
        "Total Revenue": NaN,
        "Gross Profit": 671,
        "Operating Income": 390,
        "EBIT": 616,
        "Net Income": 290
    },
    "2012-12-31": {
        "Diluted EPS": 1.31,
        "Total Revenue": NaN,
        "Gross Profit": 662,
        "Operating Income": 372,
        "EBIT": 591,
        "Net Income": 278
    },
    "2012-09-30": {
        "Diluted EPS": 0.64,
        "Total Revenue": NaN,
        "Gross Profit": 683,
        "Operating Income": 158,
        "EBIT": 378,
        "Net Income": 139
    },
    "2012-06-30": {
        "Diluted EPS": 2.26,
        "Total Revenue": NaN,
        "Gross Profit": 649,
        "Operating Income": 483,
        "EBIT": 695,
        "Net Income": 485
    },
    "2012-03-31": {
        "Diluted EPS": 1.38,
        "Total Revenue": NaN,
        "Gross Profit": 629,
        "Operating Income": 288,
        "EBIT": 493,
        "Net Income": 296
    },
    "2011-12-31": {
        "Diluted EPS": 1.16,
        "Total Revenue": NaN,
        "Gross Profit": 599,
        "Operating Income": 354,
        "EBIT": 557,
        "Net Income": 248
    },
    "2011-09-30": {
        "Diluted EPS": 1.51,
        "Total Revenue": NaN,
        "Gross Profit": 603,
        "Operating Income": 366,
        "EBIT": 573,
        "Net Income": 325
    },
    "2011-06-30": {
        "Diluted EPS": 1.5,
        "Total Revenue": NaN,
        "Gross Profit": 646,
        "Operating Income": 388,
        "EBIT": 600,
        "Net Income": 327
    },
    "2011-03-31": {
        "Diluted EPS": 1.39,
        "Total Revenue": NaN,
        "Gross Profit": 655,
        "Operating Income": 394,
        "EBIT": 592,
        "Net Income": 304
    },
    "2010-12-31": {
        "Diluted EPS": 1.23,
        "Total Revenue": NaN,
        "Gross Profit": 671,
        "Operating Income": 361,
        "EBIT": 578,
        "Net Income": 269
    },
    "2010-09-30": {
        "Diluted EPS": 1.25,
        "Total Revenue": NaN,
        "Gross Profit": 461,
        "Operating Income": 246,
        "EBIT": 424,
        "Net Income": 272
    },
    "2010-06-30": {
        "Diluted EPS": 1.17,
        "Total Revenue": NaN,
        "Gross Profit": 641,
        "Operating Income": 336,
        "EBIT": 551,
        "Net Income": 253
    },
    "2010-03-31": {
        "Diluted EPS": 1.16,
        "Total Revenue": NaN,
        "Gross Profit": 620,
        "Operating Income": 341,
        "EBIT": 558,
        "Net Income": 252
    },
    "2009-12-31": {
        "Diluted EPS": 1.16,
        "Total Revenue": NaN,
        "Gross Profit": 605,
        "Operating Income": 345,
        "EBIT": 562,
        "Net Income": 252
    },
    "2009-09-30": {
        "Diluted EPS": 1.14,
        "Total Revenue": NaN,
        "Gross Profit": 584,
        "Operating Income": 328,
        "EBIT": 554,
        "Net Income": 244
    },
    "2009-06-30": {
        "Diluted EPS": 0.53,
        "Total Revenue": NaN,
        "Gross Profit": 549,
        "Operating Income": 144,
        "EBIT": 361,
        "Net Income": 113
    },
    "2009-03-31": {
        "Diluted EPS": 0.97,
        "Total Revenue": NaN,
        "Gross Profit": 516,
        "Operating Income": 260,
        "EBIT": 458,
        "Net Income": 206
    },
    "2023-09-30": {
        "Tax Effect Of Unusual Items": NaN,
        "Tax Rate For Calcs": NaN,
        "Normalized EBITDA": NaN,
        "Total Unusual Items": 0.0,
        "Total Unusual Items Excluding Goodwill": 0.0,
        "Net Income From Continuing Operation Net Minority Interest": NaN,
        "Reconciled Depreciation": NaN,
        "Reconciled Cost Of Revenue": NaN,
        "EBITDA": NaN,
        "EBIT": NaN,
        "Net Interest Income": NaN,
        "Interest Expense": NaN,
        "Normalized Income": NaN,
        "Net Income From Continuing And Discontinued Operation": NaN,
        "Total Expenses": NaN,
        "Total Operating Income As Reported": NaN,
        "Diluted Average Shares": 222800000.0,
        "Basic Average Shares": 222400000.0,
        "Diluted EPS": 3.11,
        "Basic EPS": 3.11,
        "Diluted NI Availto Com Stockholders": NaN,
        "Net Income Common Stockholders": NaN,
        "Net Income": NaN,
        "Minority Interests": NaN,
        "Net Income Including Noncontrolling Interests": NaN,
        "Net Income Continuous Operations": NaN,
        "Tax Provision": NaN,
        "Pretax Income": NaN,
        "Other Income Expense": NaN,
        "Other Non Operating Income Expenses": NaN,
        "Special Income Charges": 0.0,
        "Gain On Sale Of Business": 0.0,
        "Earnings From Equity Interest": NaN,
        "Net Non Operating Interest Income Expense": NaN,
        "Interest Expense Non Operating": NaN,
        "Operating Income": NaN,
        "Operating Expense": NaN,
        "Other Operating Expenses": NaN,
        "Research And Development": NaN,
        "Selling General And Administration": NaN,
        "General And Administrative Expense": NaN,
        "Other Gand A": NaN,
        "Gross Profit": NaN,
        "Cost Of Revenue": NaN,
        "Total Revenue": NaN,
        "Operating Revenue": NaN
    },
    "2023-12-31": {
        "Tax Effect Of Unusual Items": 0.0,
        "Tax Rate For Calcs": 0.179,
        "Normalized EBITDA": 1159700000.0,
        "Total Unusual Items": NaN,
        "Total Unusual Items Excluding Goodwill": NaN,
        "Net Income From Continuing Operation Net Minority Interest": 609300000.0,
        "Reconciled Depreciation": 349200000.0,
        "Reconciled Cost Of Revenue": 2067200000.0,
        "EBITDA": 1159700000.0,
        "EBIT": 810500000.0,
        "Net Interest Income": -53500000.0,
        "Interest Expense": 53500000.0,
        "Normalized Income": 609300000.0,
        "Net Income From Continuing And Discontinued Operation": 609300000.0,
        "Total Expenses": 2330500000.0,
        "Total Operating Income As Reported": 666900000.0,
        "Diluted Average Shares": 222800000.0,
        "Basic Average Shares": 222500000.0,
        "Diluted EPS": 2.73,
        "Basic EPS": 2.74,
        "Diluted NI Availto Com Stockholders": 609300000.0,
        "Net Income Common Stockholders": 609300000.0,
        "Net Income": 609300000.0,
        "Minority Interests": -12300000.0,
        "Net Income Including Noncontrolling Interests": 621600000.0,
        "Net Income Continuous Operations": 621600000.0,
        "Tax Provision": 135400000.0,
        "Pretax Income": 757000000.0,
        "Other Income Expense": 143600000.0,
        "Other Non Operating Income Expenses": -14800000.0,
        "Special Income Charges": NaN,
        "Gain On Sale Of Business": NaN,
        "Earnings From Equity Interest": 158400000.0,
        "Net Non Operating Interest Income Expense": -53500000.0,
        "Interest Expense Non Operating": 53500000.0,
        "Operating Income": 666900000.0,
        "Operating Expense": 263300000.0,
        "Other Operating Expenses": -800000.0,
        "Research And Development": 25700000.0,
        "Selling General And Administration": 238400000.0,
        "General And Administrative Expense": 238400000.0,
        "Other Gand A": 238400000.0,
        "Gross Profit": 930200000.0,
        "Cost Of Revenue": 2067200000.0,
        "Total Revenue": 2997400000.0,
        "Operating Revenue": 2997400000.0
    },
    "2024-03-31": {
        "Tax Effect Of Unusual Items": -10431000.0,
        "Tax Rate For Calcs": 0.183,
        "Normalized EBITDA": 1189100000.0,
        "Total Unusual Items": -57000000.0,
        "Total Unusual Items Excluding Goodwill": -57000000.0,
        "Net Income From Continuing Operation Net Minority Interest": 572400000.0,
        "Reconciled Depreciation": 360800000.0,
        "Reconciled Cost Of Revenue": 1991500000.0,
        "EBITDA": 1132100000.0,
        "EBIT": 771300000.0,
        "Net Interest Income": -59900000.0,
        "Interest Expense": 59900000.0,
        "Normalized Income": 618969000.0,
        "Net Income From Continuing And Discontinued Operation": 572400000.0,
        "Total Expenses": 2236000000.0,
        "Total Operating Income As Reported": 637200000.0,
        "Diluted Average Shares": 222700000.0,
        "Basic Average Shares": 222500000.0,
        "Diluted EPS": 2.57,
        "Basic EPS": 2.57,
        "Diluted NI Availto Com Stockholders": 572400000.0,
        "Net Income Common Stockholders": 572400000.0,
        "Net Income": 572400000.0,
        "Minority Interests": -8500000.0,
        "Net Income Including Noncontrolling Interests": 580900000.0,
        "Net Income Continuous Operations": 580900000.0,
        "Tax Provision": 130500000.0,
        "Pretax Income": 711400000.0,
        "Other Income Expense": 77100000.0,
        "Other Non Operating Income Expenses": -9200000.0,
        "Special Income Charges": -57000000.0,
        "Gain On Sale Of Business": -57000000.0,
        "Earnings From Equity Interest": 143300000.0,
        "Net Non Operating Interest Income Expense": -59900000.0,
        "Interest Expense Non Operating": 59900000.0,
        "Operating Income": 694200000.0,
        "Operating Expense": 244500000.0,
        "Other Operating Expenses": -21500000.0,
        "Research And Development": 25400000.0,
        "Selling General And Administration": 240600000.0,
        "General And Administrative Expense": NaN,
        "Other Gand A": NaN,
        "Gross Profit": 938700000.0,
        "Cost Of Revenue": 1991500000.0,
        "Total Revenue": 2930200000.0,
        "Operating Revenue": 2930200000.0
    },
    "2024-06-30": {
        "Tax Effect Of Unusual Items": 0.0,
        "Tax Rate For Calcs": 0.166,
        "Normalized EBITDA": 1265500000.0,
        "Total Unusual Items": 0.0,
        "Total Unusual Items Excluding Goodwill": 0.0,
        "Net Income From Continuing Operation Net Minority Interest": 696600000.0,
        "Reconciled Depreciation": 360300000.0,
        "Reconciled Cost Of Revenue": 2005600000.0,
        "EBITDA": 1265500000.0,
        "EBIT": 905200000.0,
        "Net Interest Income": -55700000.0,
        "Interest Expense": 55700000.0,
        "Normalized Income": 696600000.0,
        "Net Income From Continuing And Discontinued Operation": 696600000.0,
        "Total Expenses": 2247900000.0,
        "Total Operating Income As Reported": 737600000.0,
        "Diluted Average Shares": 222800000.0,
        "Basic Average Shares": 222500000.0,
        "Diluted EPS": 3.13,
        "Basic EPS": 3.13,
        "Diluted NI Availto Com Stockholders": 696600000.0,
        "Net Income Common Stockholders": 696600000.0,
        "Net Income": 696600000.0,
        "Minority Interests": -12300000.0,
        "Net Income Including Noncontrolling Interests": 708900000.0,
        "Net Income Continuous Operations": 708900000.0,
        "Tax Provision": 140600000.0,
        "Pretax Income": 849500000.0,
        "Other Income Expense": 167600000.0,
        "Other Non Operating Income Expenses": -1300000.0,
        "Special Income Charges": 0.0,
        "Gain On Sale Of Business": 0.0,
        "Earnings From Equity Interest": 168900000.0,
        "Net Non Operating Interest Income Expense": -55700000.0,
        "Interest Expense Non Operating": 55700000.0,
        "Operating Income": 737600000.0,
        "Operating Expense": 242300000.0,
        "Other Operating Expenses": -20100000.0,
        "Research And Development": 27000000.0,
        "Selling General And Administration": 235400000.0,
        "General And Administrative Expense": NaN,
        "Other Gand A": NaN,
        "Gross Profit": 979900000.0,
        "Cost Of Revenue": 2005600000.0,
        "Total Revenue": 2985500000.0,
        "Operating Revenue": 2985500000.0
    },
    "2024-09-30": {
        "Tax Effect Of Unusual Items": 338873902.448768,
        "Tax Rate For Calcs": 0.215076,
        "Normalized EBITDA": 1358200000.0,
        "Total Unusual Items": 1575600000.0,
        "Total Unusual Items Excluding Goodwill": 1575600000.0,
        "Net Income From Continuing Operation Net Minority Interest": 1963800000.0,
        "Reconciled Depreciation": 380800000.0,
        "Reconciled Cost Of Revenue": 2104400000.0,
        "EBITDA": 2933800000.0,
        "EBIT": 2553000000.0,
        "Net Interest Income": -49700000.0,
        "Interest Expense": 49700000.0,
        "Normalized Income": 727073902.448768,
        "Net Income From Continuing And Discontinued Operation": 1949900000.0,
        "Total Expenses": 2338700000.0,
        "Total Operating Income As Reported": 2424400000.0,
        "Diluted Average Shares": NaN,
        "Basic Average Shares": NaN,
        "Diluted EPS": NaN,
        "Basic EPS": NaN,
        "Diluted NI Availto Com Stockholders": 1949900000.0,
        "Net Income Common Stockholders": 1949900000.0,
        "Net Income": 1949900000.0,
        "Minority Interests": -1100000.0,
        "Net Income Including Noncontrolling Interests": 1951000000.0,
        "Net Income Continuous Operations": 1964900000.0,
        "Tax Provision": 538400000.0,
        "Pretax Income": 2503300000.0,
        "Other Income Expense": 1704200000.0,
        "Other Non Operating Income Expenses": -48500000.0,
        "Special Income Charges": 1575600000.0,
        "Gain On Sale Of Business": 1575600000.0,
        "Earnings From Equity Interest": 177100000.0,
        "Net Non Operating Interest Income Expense": -49700000.0,
        "Interest Expense Non Operating": 49700000.0,
        "Operating Income": 848800000.0,
        "Operating Expense": 234300000.0,
        "Other Operating Expenses": -15800000.0,
        "Research And Development": 22100000.0,
        "Selling General And Administration": 228000000.0,
        "General And Administrative Expense": NaN,
        "Other Gand A": NaN,
        "Gross Profit": 1083100000.0,
        "Cost Of Revenue": 2104400000.0,
        "Total Revenue": 3187500000.0,
        "Operating Revenue": 3187500000.0
    },
    "2024-12-31": {
        "Tax Effect Of Unusual Items": 0.0,
        "Tax Rate For Calcs": 0.178,
        "Normalized EBITDA": 1199900000.0,
        "Total Unusual Items": NaN,
        "Total Unusual Items Excluding Goodwill": NaN,
        "Net Income From Continuing Operation Net Minority Interest": 617400000.0,
        "Reconciled Depreciation": 366800000.0,
        "Reconciled Cost Of Revenue": 2016500000.0,
        "EBITDA": 1199900000.0,
        "EBIT": 833100000.0,
        "Net Interest Income": -42600000.0,
        "Interest Expense": 42600000.0,
        "Normalized Income": 617400000.0,
        "Net Income From Continuing And Discontinued Operation": 617400000.0,
        "Total Expenses": 2287900000.0,
        "Total Operating Income As Reported": 643600000.0,
        "Diluted Average Shares": 222900000.0,
        "Basic Average Shares": 222700000.0,
        "Diluted EPS": 2.77,
        "Basic EPS": 2.77,
        "Diluted NI Availto Com Stockholders": 617400000.0,
        "Net Income Common Stockholders": 617400000.0,
        "Net Income": 617400000.0,
        "Minority Interests": -32400000.0,
        "Net Income Including Noncontrolling Interests": 649800000.0,
        "Net Income Continuous Operations": 649800000.0,
        "Tax Provision": 140700000.0,
        "Pretax Income": 790500000.0,
        "Other Income Expense": 189500000.0,
        "Other Non Operating Income Expenses": 38900000.0,
        "Special Income Charges": NaN,
        "Gain On Sale Of Business": NaN,
        "Earnings From Equity Interest": 150600000.0,
        "Net Non Operating Interest Income Expense": -42600000.0,
        "Interest Expense Non Operating": 42600000.0,
        "Operating Income": 643600000.0,
        "Operating Expense": 271400000.0,
        "Other Operating Expenses": -22900000.0,
        "Research And Development": 22000000.0,
        "Selling General And Administration": 272300000.0,
        "General And Administrative Expense": 272300000.0,
        "Other Gand A": 272300000.0,
        "Gross Profit": 915000000.0,
        "Cost Of Revenue": 2016500000.0,
        "Total Revenue": 2931500000.0,
        "Operating Revenue": 2931500000.0
    }
}