{
    "2023-03-31": {
        "Tax Effect Of Unusual Items": NaN,
        "Tax Rate For Calcs": NaN,
        "Normalized EBITDA": NaN,
        "Total Unusual Items": NaN,
        "Total Unusual Items Excluding Goodwill": NaN,
        "Net Income From Continuing Operation Net Minority Interest": NaN,
        "Reconciled Depreciation": NaN,
        "Reconciled Cost Of Revenue": NaN,
        "EBITDA": NaN,
        "EBIT": NaN,
        "Net Interest Income": NaN,
        "Interest Income": NaN,
        "Normalized Income": NaN,
        "Net Income From Continuing And Discontinued Operation": NaN,
        "Total Expenses": NaN,
        "Total Operating Income As Reported": NaN,
        "Diluted Average Shares": 645426.0,
        "Basic Average Shares": 645426.0,
        "Diluted EPS": 0.91,
        "Basic EPS": 0.91,
        "Diluted NI Availto Com Stockholders": NaN,
        "Net Income Common Stockholders": NaN,
        "Otherunder Preferred Stock Dividend": NaN,
        "Net Income": NaN,
        "Minority Interests": NaN,
        "Net Income Including Noncontrolling Interests": NaN,
        "Net Income Continuous Operations": NaN,
        "Tax Provision": NaN,
        "Pretax Income": NaN,
        "Other Income Expense": NaN,
        "Other Non Operating Income Expenses": NaN,
        "Special Income Charges": 0.0,
        "Restructuring And Mergern Acquisition": 0.0,
        "Gain On Sale Of Security": NaN,
        "Net Non Operating Interest Income Expense": NaN,
        "Interest Income Non Operating": NaN,
        "Operating Income": NaN,
        "Operating Expense": NaN,
        "Research And Development": NaN,
        "Selling General And Administration": NaN,
        "Gross Profit": NaN,
        "Cost Of Revenue": NaN,
        "Total Revenue": NaN,
        "Operating Revenue": NaN
    },
    "2022-12-31": {
        "Tax Effect Of Unusual Items": NaN,
        "Tax Rate For Calcs": NaN,
        "Normalized EBITDA": NaN,
        "Total Unusual Items": NaN,
        "Total Unusual Items Excluding Goodwill": NaN,
        "Net Income From Continuing Operation Net Minority Interest": NaN,
        "Reconciled Depreciation": NaN,
        "Reconciled Cost Of Revenue": NaN,
        "EBITDA": NaN,
        "EBIT": NaN,
        "Net Interest Income": NaN,
        "Interest Income": NaN,
        "Normalized Income": NaN,
        "Net Income From Continuing And Discontinued Operation": NaN,
        "Total Expenses": NaN,
        "Total Operating Income As Reported": NaN,
        "Diluted Average Shares": NaN,
        "Basic Average Shares": NaN,
        "Diluted EPS": NaN,
        "Basic EPS": NaN,
        "Diluted NI Availto Com Stockholders": NaN,
        "Net Income Common Stockholders": NaN,
        "Otherunder Preferred Stock Dividend": NaN,
        "Net Income": NaN,
        "Minority Interests": NaN,
        "Net Income Including Noncontrolling Interests": NaN,
        "Net Income Continuous Operations": NaN,
        "Tax Provision": NaN,
        "Pretax Income": NaN,
        "Other Income Expense": NaN,
        "Other Non Operating Income Expenses": NaN,
        "Special Income Charges": NaN,
        "Restructuring And Mergern Acquisition": NaN,
        "Gain On Sale Of Security": NaN,
        "Net Non Operating Interest Income Expense": NaN,
        "Total Other Finance Cost": -3686.0,
        "Interest Income Non Operating": NaN,
        "Operating Income": NaN,
        "Operating Expense": NaN,
        "Research And Development": NaN,
        "Selling General And Administration": NaN,
        "Gross Profit": NaN,
        "Cost Of Revenue": NaN,
        "Total Revenue": NaN,
        "Operating Revenue": NaN
    },
    "2022-09-30": {
        "Tax Effect Of Unusual Items": NaN,
        "Tax Rate For Calcs": NaN,
        "Normalized EBITDA": NaN,
        "Total Unusual Items": NaN,
        "Total Unusual Items Excluding Goodwill": NaN,
        "Net Income From Continuing Operation Net Minority Interest": NaN,
        "Reconciled Depreciation": NaN,
        "Reconciled Cost Of Revenue": NaN,
        "EBITDA": NaN,
        "EBIT": NaN,
        "Net Interest Income": NaN,
        "Interest Income": NaN,
        "Normalized Income": NaN,
        "Net Income From Continuing And Discontinued Operation": NaN,
        "Total Expenses": NaN,
        "Total Operating Income As Reported": NaN,
        "Diluted Average Shares": NaN,
        "Basic Average Shares": NaN,
        "Diluted EPS": NaN,
        "Basic EPS": NaN,
        "Diluted NI Availto Com Stockholders": NaN,
        "Net Income Common Stockholders": NaN,
        "Otherunder Preferred Stock Dividend": NaN,
        "Net Income": NaN,
        "Minority Interests": NaN,
        "Net Income Including Noncontrolling Interests": NaN,
        "Net Income Continuous Operations": NaN,
        "Tax Provision": NaN,
        "Pretax Income": NaN,
        "Other Income Expense": NaN,
        "Other Non Operating Income Expenses": NaN,
        "Special Income Charges": -1668112.0,
        "Restructuring And Mergern Acquisition": NaN,
        "Gain On Sale Of Security": NaN,
        "Net Non Operating Interest Income Expense": NaN,
        "Total Other Finance Cost": NaN,
        "Interest Income Non Operating": NaN,
        "Operating Income": NaN,
        "Operating Expense": NaN,
        "Research And Development": NaN,
        "Selling General And Administration": NaN,
        "Gross Profit": NaN,
        "Cost Of Revenue": NaN,
        "Total Revenue": NaN,
        "Operating Revenue": NaN
    },
    "2022-06-30": {
        "Tax Effect Of Unusual Items": 0.0,
        "Tax Rate For Calcs": 0.0,
        "Normalized EBITDA": -4274749.0,
        "Total Unusual Items": 1758200.0,
        "Total Unusual Items Excluding Goodwill": 1758200.0,
        "Net Income From Continuing Operation Net Minority Interest": -1124221.0,
        "Reconciled Depreciation": 321185.0,
        "Reconciled Cost Of Revenue": 3257113.0,
        "EBITDA": -2516549.0,
        "EBIT": -2837734.0,
        "Net Interest Income": 0.0,
        "Interest Income": 0.0,
        "Normalized Income": -2882421.0,
        "Net Income From Continuing And Discontinued Operation": -1124221.0,
        "Total Expenses": 7134105.0,
        "Total Operating Income As Reported": -2837734.0,
        "Diluted Average Shares": 8982520.0,
        "Basic Average Shares": 8982520.0,
        "Diluted EPS": -0.13,
        "Basic EPS": -0.13,
        "Diluted NI Availto Com Stockholders": -1124221.0,
        "Net Income Common Stockholders": -1124221.0,
        "Otherunder Preferred Stock Dividend": 0.0,
        "Net Income": -1124221.0,
        "Minority Interests": 576.0,
        "Net Income Including Noncontrolling Interests": -1124797.0,
        "Net Income Continuous Operations": -1124797.0,
        "Tax Provision": 0.0,
        "Pretax Income": -1124797.0,
        "Other Income Expense": 1712937.0,
        "Other Non Operating Income Expenses": -45263.0,
        "Special Income Charges": 0.0,
        "Gain On Sale Of Security": 1758200.0,
        "Net Non Operating Interest Income Expense": 0.0,
        "Total Other Finance Cost": NaN,
        "Interest Income Non Operating": 0.0,
        "Operating Income": -2837734.0,
        "Operating Expense": 3876992.0,
        "Research And Development": 863025.0,
        "Selling General And Administration": 3013967.0,
        "Gross Profit": 1039258.0,
        "Cost Of Revenue": 3257113.0,
        "Total Revenue": 4296371.0,
        "Operating Revenue": 4296371.0
    },
    "2022-03-31": {
        "Diluted EPS": -0.23,
        "Total Revenue": 6,
        "Gross Profit": 2,
        "Operating Income": -2,
        "EBIT": -2,
        "Net Income": -2
    },
    "2021-12-31": {
        "Diluted EPS": -0.63,
        "Total Revenue": 4,
        "Gross Profit": 1,
        "Operating Income": -5,
        "EBIT": -4,
        "Net Income": -5
    },
    "2021-09-30": {
        "Diluted EPS": -0.5,
        "Total Revenue": 3,
        "Gross Profit": 1,
        "Operating Income": -5,
        "EBIT": -4,
        "Net Income": -5
    },
    "2021-06-30": {
        "Diluted EPS": -0.48,
        "Total Revenue": 2,
        "Gross Profit": 1,
        "Operating Income": -3,
        "EBIT": -3,
        "Net Income": -3
    },
    "2021-03-31": {
        "Diluted EPS": -0.21,
        "Total Revenue": 3,
        "Gross Profit": 2,
        "Operating Income": -2,
        "EBIT": -2,
        "Net Income": -2
    },
    "2020-12-31": {
        "Diluted EPS": -0.88,
        "Total Revenue": 2,
        "Gross Profit": 1,
        "Operating Income": -3,
        "EBIT": -3,
        "Net Income": -5
    },
    "2020-09-30": {
        "Diluted EPS": -0.69,
        "Total Revenue": 0,
        "Gross Profit": 0,
        "Operating Income": -4,
        "EBIT": -4,
        "Net Income": -4
    },
    "2020-06-30": {
        "Diluted EPS": -0.72,
        "Total Revenue": 0,
        "Gross Profit": 0,
        "Operating Income": -3,
        "EBIT": -3,
        "Net Income": -3
    },
    "2020-03-31": {
        "Diluted EPS": -0.79,
        "Total Revenue": 1,
        "Gross Profit": 0,
        "Operating Income": -3,
        "EBIT": -3,
        "Net Income": -3
    },
    "2019-12-31": {
        "Diluted EPS": -1.12,
        "Total Revenue": 1,
        "Gross Profit": 0,
        "Operating Income": -3,
        "EBIT": -3,
        "Net Income": -3
    },
    "2019-09-30": {
        "Diluted EPS": -0.67,
        "Total Revenue": 2,
        "Gross Profit": 1,
        "Operating Income": -2,
        "EBIT": -2,
        "Net Income": -2
    },
    "2019-06-30": {
        "Diluted EPS": -1.55,
        "Total Revenue": 2,
        "Gross Profit": 2,
        "Operating Income": -1,
        "EBIT": -1,
        "Net Income": -1
    },
    "2019-03-31": {
        "Diluted EPS": -3.22,
        "Total Revenue": 1,
        "Gross Profit": 1,
        "Operating Income": -3,
        "EBIT": -3,
        "Net Income": -3
    },
    "2018-12-31": {
        "Diluted EPS": -4.25,
        "Total Revenue": 1,
        "Gross Profit": 1,
        "Operating Income": -3,
        "EBIT": -3,
        "Net Income": -3
    },
    "2018-09-30": {
        "Diluted EPS": -4.26,
        "Total Revenue": 1,
        "Gross Profit": 1,
        "Operating Income": -3,
        "EBIT": -3,
        "Net Income": -3
    },
    "2018-06-30": {
        "Diluted EPS": -4.0,
        "Total Revenue": 1,
        "Gross Profit": 1,
        "Operating Income": -3,
        "EBIT": -3,
        "Net Income": -3
    },
    "2018-03-31": {
        "Diluted EPS": -2.8,
        "Total Revenue": 1,
        "Gross Profit": 1,
        "Operating Income": -2,
        "EBIT": -2,
        "Net Income": -2
    },
    "2017-12-31": {
        "Diluted EPS": -4.8,
        "Total Revenue": 1,
        "Gross Profit": 0,
        "Operating Income": -3,
        "EBIT": -3,
        "Net Income": -3
    },
    "2017-09-30": {
        "Diluted EPS": -4.0,
        "Total Revenue": 1,
        "Gross Profit": 1,
        "Operating Income": -3,
        "EBIT": -3,
        "Net Income": -3
    },
    "2017-06-30": {
        "Diluted EPS": -4.0,
        "Total Revenue": 2,
        "Gross Profit": 2,
        "Operating Income": -3,
        "EBIT": -2,
        "Net Income": -3
    },
    "2017-03-31": {
        "Diluted EPS": -5.2,
        "Total Revenue": 1,
        "Gross Profit": 1,
        "Operating Income": -3,
        "EBIT": -3,
        "Net Income": -3
    },
    "2016-12-31": {
        "Diluted EPS": -6.4,
        "Total Revenue": 1,
        "Gross Profit": 1,
        "Operating Income": -4,
        "EBIT": -4,
        "Net Income": -4
    },
    "2016-09-30": {
        "Diluted EPS": -4.0,
        "Total Revenue": 2,
        "Gross Profit": 1,
        "Operating Income": -2,
        "EBIT": -2,
        "Net Income": -2
    },
    "2016-06-30": {
        "Diluted EPS": -5.6,
        "Total Revenue": 1,
        "Gross Profit": 0,
        "Operating Income": -3,
        "EBIT": -3,
        "Net Income": -3
    },
    "2016-03-31": {
        "Diluted EPS": -5.6,
        "Total Revenue": 1,
        "Gross Profit": 0,
        "Operating Income": -3,
        "EBIT": -3,
        "Net Income": -3
    },
    "2015-12-31": {
        "Diluted EPS": -5.2,
        "Total Revenue": 1,
        "Gross Profit": 1,
        "Operating Income": -3,
        "EBIT": -3,
        "Net Income": -3
    },
    "2015-09-30": {
        "Diluted EPS": 2.8,
        "Total Revenue": 4,
        "Gross Profit": 4,
        "Operating Income": 0,
        "EBIT": 0,
        "Net Income": 0
    },
    "2015-06-30": {
        "Diluted EPS": -3.2,
        "Total Revenue": 2,
        "Gross Profit": 2,
        "Operating Income": -2,
        "EBIT": -2,
        "Net Income": -2
    },
    "2015-03-31": {
        "Diluted EPS": -4.4,
        "Total Revenue": 2,
        "Gross Profit": 2,
        "Operating Income": -2,
        "EBIT": -2,
        "Net Income": -2
    },
    "2014-12-31": {
        "Diluted EPS": -20.4,
        "Total Revenue": 1,
        "Gross Profit": 1,
        "Operating Income": -4,
        "EBIT": -4,
        "Net Income": -8
    },
    "2014-09-30": {
        "Diluted EPS": -6.0,
        "Total Revenue": 1,
        "Gross Profit": 1,
        "Operating Income": -3,
        "EBIT": -3,
        "Net Income": -2
    },
    "2014-06-30": {
        "Diluted EPS": -5.6,
        "Total Revenue": 1,
        "Gross Profit": 1,
        "Operating Income": -2,
        "EBIT": -2,
        "Net Income": -2
    },
    "2014-03-31": {
        "Diluted EPS": -8.0,
        "Total Revenue": 1,
        "Gross Profit": 1,
        "Operating Income": -3,
        "EBIT": -3,
        "Net Income": -3
    },
    "2013-12-31": {
        "Diluted EPS": -19.2,
        "Total Revenue": 1,
        "Gross Profit": 1,
        "Operating Income": -4,
        "EBIT": -4,
        "Net Income": -6
    },
    "2013-09-30": {
        "Diluted EPS": -36.45,
        "Total Revenue": 1,
        "Gross Profit": 1,
        "Operating Income": -2,
        "EBIT": -2,
        "Net Income": -4
    },
    "2013-06-30": {
        "Diluted EPS": 0.0,
        "Total Revenue": 1,
        "Gross Profit": 1,
        "Operating Income": -3,
        "EBIT": -3,
        "Net Income": -2
    },
    "2013-03-31": {
        "Diluted EPS": 0.0,
        "Total Revenue": 0,
        "Gross Profit": 0,
        "Operating Income": -3,
        "EBIT": -3,
        "Net Income": -3
    },
    "2012-12-31": {
        "Diluted EPS": -23.95,
        "Total Revenue": 0,
        "Gross Profit": 0,
        "Operating Income": -2,
        "EBIT": -2,
        "Net Income": -9
    },
    "2012-09-30": {
        "Diluted EPS": 0.0,
        "Total Revenue": 0,
        "Gross Profit": 0,
        "Operating Income": -2,
        "EBIT": -2,
        "Net Income": -2
    },
    "2012-06-30": {
        "Diluted EPS": 0.0,
        "Total Revenue": 1,
        "Gross Profit": 1,
        "Operating Income": -1,
        "EBIT": -1,
        "Net Income": -1
    },
    "2012-03-31": {
        "Diluted EPS": 0.0,
        "Total Revenue": 1,
        "Gross Profit": 1,
        "Operating Income": -2,
        "EBIT": -1,
        "Net Income": -2
    },
    "2011-12-31": {
        "Diluted EPS": 0.0,
        "Total Revenue": 1,
        "Gross Profit": 1,
        "Operating Income": -2,
        "EBIT": -1,
        "Net Income": -2
    },
    "2011-09-30": {
        "Diluted EPS": -23.95,
        "Total Revenue": 0,
        "Gross Profit": 0,
        "Operating Income": -4,
        "EBIT": -3,
        "Net Income": -4
    },
    "2011-06-30": {
        "Diluted EPS": -23.95,
        "Total Revenue": 0,
        "Gross Profit": 0,
        "Operating Income": -1,
        "EBIT": -1,
        "Net Income": -2
    },
    "2011-03-31": {
        "Diluted EPS": -23.95,
        "Total Revenue": 0,
        "Gross Profit": 0,
        "Operating Income": -2,
        "EBIT": 0,
        "Net Income": -3
    },
    "2010-12-31": {
        "Diluted EPS": 0.0,
        "Total Revenue": 0,
        "Gross Profit": 0,
        "Operating Income": -1,
        "EBIT": -1,
        "Net Income": -1
    },
    "2010-09-30": {
        "Diluted EPS": -23.95,
        "Total Revenue": 0,
        "Gross Profit": 0,
        "Operating Income": -2,
        "EBIT": -1,
        "Net Income": -2
    },
    "2010-06-30": {
        "Diluted EPS": -23.95,
        "Total Revenue": 0,
        "Gross Profit": 0,
        "Operating Income": -2,
        "EBIT": -2,
        "Net Income": -3
    },
    "2010-03-31": {
        "Diluted EPS": 0.0,
        "Total Revenue": 0,
        "Gross Profit": 0,
        "Operating Income": -1,
        "EBIT": -1,
        "Net Income": -1
    },
    "2009-12-31": {
        "Diluted EPS": -23.95,
        "Total Revenue": 0,
        "Gross Profit": 0,
        "Operating Income": -2,
        "EBIT": -1,
        "Net Income": -2
    },
    "2009-09-30": {
        "Diluted EPS": -23.95,
        "Total Revenue": 0,
        "Gross Profit": 0,
        "Operating Income": -1,
        "EBIT": -1,
        "Net Income": -1
    },
    "2009-06-30": {
        "Diluted EPS": -23.95,
        "Total Revenue": 0,
        "Gross Profit": 0,
        "Operating Income": -1,
        "EBIT": -1,
        "Net Income": -1
    },
    "2009-03-31": {
        "Diluted EPS": 95.81,
        "Total Revenue": 0,
        "Gross Profit": 0,
        "Operating Income": -2,
        "EBIT": -1,
        "Net Income": 10
    },
    "2023-06-30": {
        "Tax Effect Of Unusual Items": NaN,
        "Tax Rate For Calcs": NaN,
        "Normalized EBITDA": NaN,
        "Total Unusual Items": NaN,
        "Total Unusual Items Excluding Goodwill": NaN,
        "Net Income From Continuing Operation Net Minority Interest": NaN,
        "Reconciled Depreciation": NaN,
        "Reconciled Cost Of Revenue": NaN,
        "EBITDA": NaN,
        "EBIT": NaN,
        "Net Interest Income": NaN,
        "Interest Income": NaN,
        "Normalized Income": NaN,
        "Net Income From Continuing And Discontinued Operation": NaN,
        "Total Expenses": NaN,
        "Total Operating Income As Reported": NaN,
        "Diluted Average Shares": 645426.0,
        "Basic Average Shares": 645426.0,
        "Diluted EPS": -4.8,
        "Basic EPS": -4.8,
        "Diluted NI Availto Com Stockholders": NaN,
        "Net Income Common Stockholders": NaN,
        "Otherunder Preferred Stock Dividend": NaN,
        "Net Income": NaN,
        "Minority Interests": NaN,
        "Net Income Including Noncontrolling Interests": NaN,
        "Net Income Continuous Operations": NaN,
        "Tax Provision": NaN,
        "Pretax Income": NaN,
        "Other Income Expense": NaN,
        "Other Non Operating Income Expenses": NaN,
        "Special Income Charges": 0.0,
        "Restructuring And Mergern Acquisition": 0.0,
        "Gain On Sale Of Security": NaN,
        "Net Non Operating Interest Income Expense": NaN,
        "Interest Income Non Operating": NaN,
        "Operating Income": NaN,
        "Operating Expense": NaN,
        "Research And Development": NaN,
        "Selling General And Administration": NaN,
        "Gross Profit": NaN,
        "Cost Of Revenue": NaN,
        "Total Revenue": NaN,
        "Operating Revenue": NaN
    },
    "2023-09-30": {
        "Tax Effect Of Unusual Items": 0.0,
        "Tax Rate For Calcs": 0.0,
        "Normalized EBITDA": -4360840.0,
        "Total Unusual Items": 519700.0,
        "Total Unusual Items Excluding Goodwill": 519700.0,
        "Net Income From Continuing Operation Net Minority Interest": -3592264.0,
        "Reconciled Depreciation": 329681.0,
        "Reconciled Cost Of Revenue": 700740.0,
        "EBITDA": -3841140.0,
        "EBIT": -4170821.0,
        "Net Interest Income": 41224.0,
        "Interest Income": 41224.0,
        "Normalized Income": -4111964.0,
        "Net Income From Continuing And Discontinued Operation": -3592264.0,
        "Total Expenses": 4950557.0,
        "Total Operating Income As Reported": -4170821.0,
        "Diluted Average Shares": NaN,
        "Basic Average Shares": NaN,
        "Diluted EPS": NaN,
        "Basic EPS": NaN,
        "Diluted NI Availto Com Stockholders": -3592264.0,
        "Net Income Common Stockholders": -3592264.0,
        "Otherunder Preferred Stock Dividend": 0.0,
        "Net Income": -3592264.0,
        "Minority Interests": 23387.0,
        "Net Income Including Noncontrolling Interests": -3615651.0,
        "Net Income Continuous Operations": -3615651.0,
        "Tax Provision": 0.0,
        "Pretax Income": -3615651.0,
        "Other Income Expense": 513946.0,
        "Other Non Operating Income Expenses": -5754.0,
        "Special Income Charges": 0.0,
        "Restructuring And Mergern Acquisition": 0.0,
        "Gain On Sale Of Security": 519700.0,
        "Net Non Operating Interest Income Expense": 41224.0,
        "Interest Income Non Operating": 41224.0,
        "Operating Income": -4170821.0,
        "Operating Expense": 4249817.0,
        "Research And Development": 938907.0,
        "Selling General And Administration": 3310910.0,
        "Gross Profit": 78996.0,
        "Cost Of Revenue": 700740.0,
        "Total Revenue": 779736.0,
        "Operating Revenue": 779736.0
    },
    "2023-12-31": {
        "Tax Effect Of Unusual Items": 0.0,
        "Tax Rate For Calcs": 0.0,
        "Normalized EBITDA": -6129115.0,
        "Total Unusual Items": 2639000.0,
        "Total Unusual Items Excluding Goodwill": 2639000.0,
        "Net Income From Continuing Operation Net Minority Interest": -1105100.0,
        "Reconciled Depreciation": 298951.0,
        "Reconciled Cost Of Revenue": 660067.0,
        "EBITDA": -3490115.0,
        "EBIT": -3789066.0,
        "Net Interest Income": 33323.0,
        "Interest Income": 33323.0,
        "Normalized Income": -3744100.0,
        "Net Income From Continuing And Discontinued Operation": -1105100.0,
        "Total Expenses": 4680230.0,
        "Total Operating Income As Reported": -3789066.0,
        "Diluted Average Shares": 683671.0,
        "Basic Average Shares": 683671.0,
        "Diluted EPS": -1.8,
        "Basic EPS": -1.8,
        "Diluted NI Availto Com Stockholders": -1182857.0,
        "Net Income Common Stockholders": -1182857.0,
        "Otherunder Preferred Stock Dividend": 77757.0,
        "Net Income": -1105100.0,
        "Minority Interests": 25181.0,
        "Net Income Including Noncontrolling Interests": -1130281.0,
        "Net Income Continuous Operations": -1130281.0,
        "Tax Provision": 0.0,
        "Pretax Income": -1130281.0,
        "Other Income Expense": 2625462.0,
        "Other Non Operating Income Expenses": -13538.0,
        "Special Income Charges": NaN,
        "Restructuring And Mergern Acquisition": NaN,
        "Gain On Sale Of Security": 2639000.0,
        "Net Non Operating Interest Income Expense": 33323.0,
        "Interest Income Non Operating": 33323.0,
        "Operating Income": -3789066.0,
        "Operating Expense": 4020163.0,
        "Research And Development": 935815.0,
        "Selling General And Administration": 3084348.0,
        "Gross Profit": 231097.0,
        "Cost Of Revenue": 660067.0,
        "Total Revenue": 891164.0,
        "Operating Revenue": 891164.0
    },
    "2024-03-31": {
        "Tax Effect Of Unusual Items": 0.0,
        "Tax Rate For Calcs": 0.0,
        "Normalized EBITDA": -2535460.0,
        "Total Unusual Items": -895965.0,
        "Total Unusual Items Excluding Goodwill": -895965.0,
        "Net Income From Continuing Operation Net Minority Interest": -4470474.0,
        "Reconciled Depreciation": 186326.0,
        "Reconciled Cost Of Revenue": 633980.0,
        "EBITDA": -3431425.0,
        "EBIT": -3617751.0,
        "Net Interest Income": 15352.0,
        "Interest Income": 15352.0,
        "Normalized Income": -3574509.0,
        "Net Income From Continuing And Discontinued Operation": -4470474.0,
        "Total Expenses": 4547382.0,
        "Total Operating Income As Reported": -3617751.0,
        "Diluted Average Shares": 871319.0,
        "Basic Average Shares": 871319.0,
        "Diluted EPS": -5.31,
        "Basic EPS": -5.31,
        "Diluted NI Availto Com Stockholders": -4625804.0,
        "Net Income Common Stockholders": -4625804.0,
        "Otherunder Preferred Stock Dividend": 155330.0,
        "Net Income": -4470474.0,
        "Minority Interests": 23309.0,
        "Net Income Including Noncontrolling Interests": -4493783.0,
        "Net Income Continuous Operations": -4493783.0,
        "Tax Provision": 0.0,
        "Pretax Income": -4493783.0,
        "Other Income Expense": -891384.0,
        "Other Non Operating Income Expenses": 4581.0,
        "Special Income Charges": -633198.0,
        "Restructuring And Mergern Acquisition": 633198.0,
        "Gain On Sale Of Security": -895965.0,
        "Net Non Operating Interest Income Expense": 15352.0,
        "Interest Income Non Operating": 15352.0,
        "Operating Income": -3617751.0,
        "Operating Expense": 3913402.0,
        "Research And Development": 913194.0,
        "Selling General And Administration": 3000208.0,
        "Gross Profit": 295651.0,
        "Cost Of Revenue": 633980.0,
        "Total Revenue": 929631.0,
        "Operating Revenue": 929631.0
    },
    "2024-06-30": {
        "Tax Effect Of Unusual Items": 0.0,
        "Tax Rate For Calcs": 0.0,
        "Normalized EBITDA": -8372530.0,
        "Total Unusual Items": 5160000.0,
        "Total Unusual Items Excluding Goodwill": 5160000.0,
        "Net Income From Continuing Operation Net Minority Interest": 1879796.0,
        "Reconciled Depreciation": 134163.0,
        "Reconciled Cost Of Revenue": 552287.0,
        "EBITDA": -3212530.0,
        "EBIT": -3346693.0,
        "Net Interest Income": 36295.0,
        "Interest Income": 36295.0,
        "Normalized Income": -3280204.0,
        "Net Income From Continuing And Discontinued Operation": 1879796.0,
        "Total Expenses": 4144212.0,
        "Total Operating Income As Reported": -3346693.0,
        "Diluted Average Shares": 4014261.0,
        "Basic Average Shares": 4014261.0,
        "Diluted EPS": 0.47,
        "Basic EPS": 0.47,
        "Diluted NI Availto Com Stockholders": 1879796.0,
        "Net Income Common Stockholders": 1879796.0,
        "Otherunder Preferred Stock Dividend": 0.0,
        "Net Income": 1879796.0,
        "Minority Interests": 30295.0,
        "Net Income Including Noncontrolling Interests": 1849501.0,
        "Net Income Continuous Operations": 1849501.0,
        "Tax Provision": 0.0,
        "Pretax Income": 1849501.0,
        "Other Income Expense": 5159899.0,
        "Other Non Operating Income Expenses": -101.0,
        "Special Income Charges": 0.0,
        "Restructuring And Mergern Acquisition": 0.0,
        "Gain On Sale Of Security": 5160000.0,
        "Net Non Operating Interest Income Expense": 36295.0,
        "Interest Income Non Operating": 36295.0,
        "Operating Income": -3346693.0,
        "Operating Expense": 3591925.0,
        "Research And Development": 913031.0,
        "Selling General And Administration": 2678894.0,
        "Gross Profit": 245232.0,
        "Cost Of Revenue": 552287.0,
        "Total Revenue": 797519.0,
        "Operating Revenue": 797519.0
    },
    "2024-09-30": {
        "Tax Effect Of Unusual Items": 0.0,
        "Tax Rate For Calcs": 0.0,
        "Normalized EBITDA": -3060270.0,
        "Total Unusual Items": -134000.0,
        "Total Unusual Items Excluding Goodwill": -134000.0,
        "Net Income From Continuing Operation Net Minority Interest": -3296743.0,
        "Reconciled Depreciation": 76985.0,
        "Reconciled Cost Of Revenue": 568208.0,
        "EBITDA": -3194270.0,
        "EBIT": -3271255.0,
        "Net Interest Income": 91329.0,
        "Interest Income": 91329.0,
        "Normalized Income": -3162743.0,
        "Net Income From Continuing And Discontinued Operation": -3296743.0,
        "Total Expenses": 4084362.0,
        "Total Operating Income As Reported": -3271255.0,
        "Diluted Average Shares": NaN,
        "Basic Average Shares": NaN,
        "Diluted EPS": NaN,
        "Basic EPS": NaN,
        "Diluted NI Availto Com Stockholders": -3296743.0,
        "Net Income Common Stockholders": -3296743.0,
        "Otherunder Preferred Stock Dividend": 0.0,
        "Net Income": -3296743.0,
        "Minority Interests": 17000.0,
        "Net Income Including Noncontrolling Interests": -3313743.0,
        "Net Income Continuous Operations": -3313743.0,
        "Tax Provision": 0.0,
        "Pretax Income": -3313743.0,
        "Other Income Expense": -133817.0,
        "Other Non Operating Income Expenses": 183.0,
        "Special Income Charges": NaN,
        "Restructuring And Mergern Acquisition": NaN,
        "Gain On Sale Of Security": -134000.0,
        "Net Non Operating Interest Income Expense": 91329.0,
        "Interest Income Non Operating": 91329.0,
        "Operating Income": -3271255.0,
        "Operating Expense": 3516154.0,
        "Research And Development": 831710.0,
        "Selling General And Administration": 2684444.0,
        "Gross Profit": 244899.0,
        "Cost Of Revenue": 568208.0,
        "Total Revenue": 813107.0,
        "Operating Revenue": 813107.0
    }
}