{
    "2023-03-31": {
        "Tax Effect Of Unusual Items": 387200.0,
        "Tax Rate For Calcs": 0.4,
        "Normalized EBITDA": 7012937.0,
        "Total Unusual Items": 968000.0,
        "Total Unusual Items Excluding Goodwill": 968000.0,
        "Net Income From Continuing Operation Net Minority Interest": 7972187.0,
        "EBITDA": 7980937.0,
        "EBIT": 7980937.0,
        "Net Interest Income": 7420767.0,
        "Interest Expense": 8750.0,
        "Interest Income": 7429517.0,
        "Normalized Income": 7391387.0,
        "Net Income From Continuing And Discontinued Operation": 7972187.0,
        "Total Expenses": 416580.0,
        "Diluted Average Shares": 86250000.0,
        "Basic Average Shares": 86250000.0,
        "Diluted EPS": 0.09,
        "Basic EPS": 0.09,
        "Diluted NI Availto Com Stockholders": 7972187.0,
        "Net Income Common Stockholders": 7972187.0,
        "Net Income": 7972187.0,
        "Net Income Including Noncontrolling Interests": 7972187.0,
        "Net Income Continuous Operations": 7972187.0,
        "Pretax Income": 7972187.0,
        "Other Income Expense": 968000.0,
        "Gain On Sale Of Security": 968000.0,
        "Net Non Operating Interest Income Expense": 7420767.0,
        "Interest Expense Non Operating": 8750.0,
        "Interest Income Non Operating": 7429517.0,
        "Operating Income": -416580.0,
        "Operating Expense": 416580.0,
        "Selling General And Administration": 416580.0,
        "General And Administrative Expense": 416580.0,
        "Other Gand A": 416580.0,
        "Total Revenue": 0.0,
        "Operating Revenue": 0.0
    },
    "2022-12-31": {
        "Tax Effect Of Unusual Items": 3763692.8,
        "Tax Rate For Calcs": 0.4,
        "Normalized EBITDA": -5001864.0,
        "Total Unusual Items": 9409232.0,
        "Total Unusual Items Excluding Goodwill": 9409232.0,
        "Net Income From Continuing Operation Net Minority Interest": 4389868.0,
        "EBITDA": 4407368.0,
        "EBIT": 4407368.0,
        "Net Interest Income": -4469935.0,
        "Interest Expense": 17500.0,
        "Interest Income": NaN,
        "Normalized Income": -1255671.2,
        "Net Income From Continuing And Discontinued Operation": 4389868.0,
        "Total Expenses": 549429.0,
        "Diluted Average Shares": 86250000.0,
        "Basic Average Shares": 86250000.0,
        "Diluted EPS": 0.052931,
        "Basic EPS": 0.052931,
        "Diluted NI Availto Com Stockholders": 4389868.0,
        "Net Income Common Stockholders": 4389868.0,
        "Net Income": 4389868.0,
        "Net Income Including Noncontrolling Interests": 4389868.0,
        "Net Income Continuous Operations": 4389868.0,
        "Pretax Income": 4389868.0,
        "Other Income Expense": 9409232.0,
        "Gain On Sale Of Security": 9409232.0,
        "Net Non Operating Interest Income Expense": -4469935.0,
        "Interest Expense Non Operating": 17500.0,
        "Interest Income Non Operating": NaN,
        "Operating Income": -549429.0,
        "Operating Expense": 549429.0,
        "Selling General And Administration": 549429.0,
        "General And Administrative Expense": 549429.0,
        "Other Gand A": 549429.0,
        "Total Revenue": 0.0,
        "Operating Revenue": 0.0
    },
    "2022-09-30": {
        "Tax Effect Of Unusual Items": 1365250.0,
        "Tax Rate For Calcs": 0.4,
        "Normalized EBITDA": 2978440.0,
        "Total Unusual Items": 3413125.0,
        "Total Unusual Items Excluding Goodwill": 3413125.0,
        "Net Income From Continuing Operation Net Minority Interest": 6387000.0,
        "EBITDA": 6391565.0,
        "EBIT": 6391565.0,
        "Net Interest Income": 3378655.0,
        "Interest Expense": 4565.0,
        "Interest Income": 3383220.0,
        "Normalized Income": 4339125.0,
        "Net Income From Continuing And Discontinued Operation": 6387000.0,
        "Total Expenses": 404780.0,
        "Diluted Average Shares": 86250000.0,
        "Basic Average Shares": 86250000.0,
        "Diluted EPS": 0.074052,
        "Basic EPS": 0.074052,
        "Diluted NI Availto Com Stockholders": 6387000.0,
        "Net Income Common Stockholders": 6387000.0,
        "Net Income": 6387000.0,
        "Net Income Including Noncontrolling Interests": 6387000.0,
        "Net Income Continuous Operations": 6387000.0,
        "Pretax Income": 6387000.0,
        "Other Income Expense": 3413125.0,
        "Gain On Sale Of Security": 3413125.0,
        "Net Non Operating Interest Income Expense": 3378655.0,
        "Interest Expense Non Operating": 4565.0,
        "Interest Income Non Operating": 3383220.0,
        "Operating Income": -404780.0,
        "Operating Expense": 404780.0,
        "Selling General And Administration": 404780.0,
        "General And Administrative Expense": 404780.0,
        "Other Gand A": 404780.0,
        "Total Revenue": 0.0,
        "Operating Revenue": 0.0
    },
    "2022-06-30": {
        "Tax Effect Of Unusual Items": 3193438.0,
        "Tax Rate For Calcs": 0.4,
        "Normalized EBITDA": -343384.0,
        "Total Unusual Items": 7983595.0,
        "Total Unusual Items Excluding Goodwill": 7983595.0,
        "Net Income From Continuing Operation Net Minority Interest": 7636112.0,
        "EBITDA": 7640211.0,
        "EBIT": 7640211.0,
        "Net Interest Income": 853037.0,
        "Interest Expense": 4099.0,
        "Interest Income": 857136.0,
        "Normalized Income": 2845955.0,
        "Net Income From Continuing And Discontinued Operation": 7636112.0,
        "Total Expenses": 1200520.0,
        "Diluted Average Shares": 86250000.0,
        "Basic Average Shares": 86250000.0,
        "Diluted EPS": 0.09,
        "Basic EPS": 0.09,
        "Diluted NI Availto Com Stockholders": 7636112.0,
        "Net Income Common Stockholders": 7636112.0,
        "Net Income": 7636112.0,
        "Net Income Including Noncontrolling Interests": 7636112.0,
        "Net Income Continuous Operations": 7636112.0,
        "Pretax Income": 7636112.0,
        "Other Income Expense": 7983595.0,
        "Gain On Sale Of Security": 7983595.0,
        "Net Non Operating Interest Income Expense": 853037.0,
        "Interest Expense Non Operating": 4099.0,
        "Interest Income Non Operating": 857136.0,
        "Operating Income": -1200520.0,
        "Operating Expense": 1200520.0,
        "Selling General And Administration": 1200520.0,
        "General And Administrative Expense": 1200520.0,
        "Other Gand A": 1200520.0,
        "Total Revenue": 0.0,
        "Operating Revenue": 0.0
    },
    "2022-03-31": {
        "Diluted EPS": 0.08,
        "Total Revenue": NaN,
        "Gross Profit": NaN,
        "Operating Income": -2,
        "EBIT": -2,
        "Net Income": 7
    },
    "2021-12-31": {
        "Diluted EPS": -0.07,
        "Total Revenue": NaN,
        "Gross Profit": NaN,
        "Operating Income": -1,
        "EBIT": -1,
        "Net Income": -2
    },
    "2021-09-30": {
        "Diluted EPS": 0.08,
        "Total Revenue": NaN,
        "Gross Profit": NaN,
        "Operating Income": -2,
        "EBIT": -2,
        "Net Income": 7
    },
    "2021-06-30": {
        "Diluted EPS": -0.01,
        "Total Revenue": NaN,
        "Gross Profit": NaN,
        "Operating Income": -3,
        "EBIT": -3,
        "Net Income": -1
    },
    "2021-03-31": {
        "Diluted EPS": 0.14,
        "Total Revenue": NaN,
        "Gross Profit": NaN,
        "Operating Income": 0,
        "EBIT": 0,
        "Net Income": 8
    },
    "2020-12-31": {
        "Diluted EPS": 0.0,
        "Total Revenue": NaN,
        "Gross Profit": NaN,
        "Operating Income": NaN,
        "EBIT": NaN,
        "Net Income": NaN
    },
    "2020-09-30": {
        "Diluted EPS": 0.0,
        "Total Revenue": NaN,
        "Gross Profit": NaN,
        "Operating Income": NaN,
        "EBIT": NaN,
        "Net Income": NaN
    },
    "2020-03-31": {
        "Diluted EPS": 0.0,
        "Total Revenue": NaN,
        "Gross Profit": NaN,
        "Operating Income": 0,
        "EBIT": 0,
        "Net Income": 0
    },
    "2023-06-30": {
        "Tax Effect Of Unusual Items": 1645930.4,
        "Tax Rate For Calcs": 0.4,
        "Normalized EBITDA": -1368982.0,
        "Total Unusual Items": 4114826.0,
        "Total Unusual Items Excluding Goodwill": 4114826.0,
        "Net Income From Continuing Operation Net Minority Interest": 2737094.0,
        "EBITDA": 2745844.0,
        "EBIT": 2745844.0,
        "Net Interest Income": -8750.0,
        "Interest Expense": 8750.0,
        "Interest Income": NaN,
        "Normalized Income": 268198.4,
        "Net Income From Continuing And Discontinued Operation": 2737094.0,
        "Total Expenses": 1368982.0,
        "Diluted Average Shares": 54810073.0,
        "Basic Average Shares": 54810073.0,
        "Diluted EPS": 0.05,
        "Basic EPS": 0.05,
        "Diluted NI Availto Com Stockholders": 2737094.0,
        "Net Income Common Stockholders": 2737094.0,
        "Net Income": 2737094.0,
        "Net Income Including Noncontrolling Interests": 2737094.0,
        "Net Income Continuous Operations": 2737094.0,
        "Pretax Income": 2737094.0,
        "Other Income Expense": 4114826.0,
        "Gain On Sale Of Security": 4114826.0,
        "Net Non Operating Interest Income Expense": -8750.0,
        "Interest Expense Non Operating": 8750.0,
        "Interest Income Non Operating": NaN,
        "Operating Income": -1368982.0,
        "Operating Expense": 1368982.0,
        "Selling General And Administration": 1368982.0,
        "General And Administrative Expense": 1368982.0,
        "Other Gand A": 1368982.0,
        "Total Revenue": 0.0,
        "Operating Revenue": 0.0
    }
}