{
    "2023-06-30": {
        "Tax Effect Of Unusual Items": 0.0,
        "Tax Rate For Calcs": 0.4,
        "Normalized EBITDA": -114502000.0,
        "Total Unusual Items": NaN,
        "Total Unusual Items Excluding Goodwill": NaN,
        "Net Income From Continuing Operation Net Minority Interest": -122037000.0,
        "Reconciled Depreciation": 410000.0,
        "Reconciled Cost Of Revenue": 8379000.0,
        "EBIT": -114502000.0,
        "Net Interest Income": -1339000.0,
        "Interest Expense": 7341000.0,
        "Interest Income": 6002000.0,
        "Normalized Income": -122037000.0,
        "Net Income From Continuing And Discontinued Operation": -122037000.0,
        "Total Expenses": 215410000.0,
        "Total Operating Income As Reported": -120441000.0,
        "Diluted Average Shares": 119316000.0,
        "Basic Average Shares": 119316000.0,
        "Diluted EPS": -1.02,
        "Basic EPS": -1.02,
        "Diluted NI Availto Com Stockholders": -122037000.0,
        "Net Income Common Stockholders": -122037000.0,
        "Net Income": -122037000.0,
        "Net Income Including Noncontrolling Interests": -122037000.0,
        "Net Income Continuous Operations": -122037000.0,
        "Tax Provision": 194000.0,
        "Pretax Income": -121843000.0,
        "Other Income Expense": -63000.0,
        "Other Non Operating Income Expenses": -63000.0,
        "Special Income Charges": NaN,
        "Other Special Charges": NaN,
        "Net Non Operating Interest Income Expense": -1339000.0,
        "Interest Expense Non Operating": 7341000.0,
        "Interest Income Non Operating": 6002000.0,
        "Operating Income": -120441000.0,
        "Operating Expense": 207031000.0,
        "Research And Development": 95658000.0,
        "Selling General And Administration": 111373000.0,
        "General And Administrative Expense": 111373000.0,
        "Other Gand A": 111373000.0,
        "Gross Profit": 86590000.0,
        "Cost Of Revenue": 8379000.0,
        "Total Revenue": 94969000.0,
        "Operating Revenue": 94969000.0
    },
    "2023-03-31": {
        "Tax Effect Of Unusual Items": 0.0,
        "Tax Rate For Calcs": 0.4,
        "Normalized EBITDA": -169568000.0,
        "Total Unusual Items": NaN,
        "Total Unusual Items Excluding Goodwill": NaN,
        "Net Income From Continuing Operation Net Minority Interest": -177778000.0,
        "Reconciled Depreciation": 399000.0,
        "Reconciled Cost Of Revenue": 7809000.0,
        "EBIT": -169967000.0,
        "Net Interest Income": -2136000.0,
        "Interest Expense": 7529000.0,
        "Interest Income": 5393000.0,
        "Normalized Income": -177778000.0,
        "Net Income From Continuing And Discontinued Operation": -177778000.0,
        "Total Expenses": 219929000.0,
        "Total Operating Income As Reported": -175083000.0,
        "Diluted Average Shares": 113872000.0,
        "Basic Average Shares": 113872000.0,
        "Diluted EPS": -1.56,
        "Basic EPS": -1.56,
        "Diluted NI Availto Com Stockholders": -177778000.0,
        "Net Income Common Stockholders": -177778000.0,
        "Net Income": -177778000.0,
        "Net Income Including Noncontrolling Interests": -177778000.0,
        "Net Income Continuous Operations": -177778000.0,
        "Tax Provision": 282000.0,
        "Pretax Income": -177496000.0,
        "Other Income Expense": -277000.0,
        "Other Non Operating Income Expenses": -277000.0,
        "Special Income Charges": NaN,
        "Other Special Charges": NaN,
        "Net Non Operating Interest Income Expense": -2136000.0,
        "Interest Expense Non Operating": 7529000.0,
        "Interest Income Non Operating": 5393000.0,
        "Operating Income": -175083000.0,
        "Operating Expense": 212120000.0,
        "Research And Development": 110027000.0,
        "Selling General And Administration": 102093000.0,
        "General And Administrative Expense": 102093000.0,
        "Other Gand A": 102093000.0,
        "Gross Profit": 37037000.0,
        "Cost Of Revenue": 7809000.0,
        "Total Revenue": 44846000.0,
        "Operating Revenue": 44846000.0
    },
    "2022-12-31": {
        "Tax Effect Of Unusual Items": 0.0,
        "Tax Rate For Calcs": 0.008784,
        "Normalized EBITDA": -159296000.0,
        "Total Unusual Items": 0.0,
        "Total Unusual Items Excluding Goodwill": 0.0,
        "Net Income From Continuing Operation Net Minority Interest": -165991000.0,
        "Reconciled Depreciation": 428000.0,
        "Reconciled Cost Of Revenue": 2925000.0,
        "EBIT": -159724000.0,
        "Net Interest Income": -3163000.0,
        "Interest Expense": 7738000.0,
        "Interest Income": 4575000.0,
        "Normalized Income": -165991000.0,
        "Net Income From Continuing And Discontinued Operation": -165991000.0,
        "Total Expenses": 186716000.0,
        "Total Operating Income As Reported": -164053000.0,
        "Diluted Average Shares": NaN,
        "Basic Average Shares": NaN,
        "Diluted EPS": NaN,
        "Basic EPS": NaN,
        "Diluted NI Availto Com Stockholders": -165991000.0,
        "Net Income Common Stockholders": -165991000.0,
        "Net Income": -165991000.0,
        "Net Income Including Noncontrolling Interests": -165991000.0,
        "Net Income Continuous Operations": -165991000.0,
        "Tax Provision": -1471000.0,
        "Pretax Income": -167462000.0,
        "Other Income Expense": -246000.0,
        "Other Non Operating Income Expenses": -246000.0,
        "Special Income Charges": 0.0,
        "Other Special Charges": 0.0,
        "Net Non Operating Interest Income Expense": -3163000.0,
        "Interest Expense Non Operating": 7738000.0,
        "Interest Income Non Operating": 4575000.0,
        "Operating Income": -164053000.0,
        "Operating Expense": 183791000.0,
        "Research And Development": 99423000.0,
        "Selling General And Administration": 84368000.0,
        "General And Administrative Expense": 84368000.0,
        "Other Gand A": 84368000.0,
        "Gross Profit": 19738000.0,
        "Cost Of Revenue": 2925000.0,
        "Total Revenue": 22663000.0,
        "Operating Revenue": 22663000.0
    },
    "2022-09-30": {
        "Tax Effect Of Unusual Items": -13156000.0,
        "Tax Rate For Calcs": 0.4,
        "Normalized EBITDA": -149673000.0,
        "Total Unusual Items": -32890000.0,
        "Total Unusual Items Excluding Goodwill": -32890000.0,
        "Net Income From Continuing Operation Net Minority Interest": -191269000.0,
        "Reconciled Depreciation": 357000.0,
        "Reconciled Cost Of Revenue": 1381000.0,
        "EBIT": -182920000.0,
        "Net Interest Income": -5094000.0,
        "Interest Expense": 7903000.0,
        "Interest Income": 2809000.0,
        "Normalized Income": -171535000.0,
        "Net Income From Continuing And Discontinued Operation": -191269000.0,
        "Total Expenses": 174994000.0,
        "Total Operating Income As Reported": -152938000.0,
        "Diluted Average Shares": 109126000.0,
        "Basic Average Shares": 109126000.0,
        "Diluted EPS": -1.75,
        "Basic EPS": -1.75,
        "Diluted NI Availto Com Stockholders": -191269000.0,
        "Net Income Common Stockholders": -191269000.0,
        "Net Income": -191269000.0,
        "Net Income Including Noncontrolling Interests": -191269000.0,
        "Net Income Continuous Operations": -191269000.0,
        "Tax Provision": 446000.0,
        "Pretax Income": -190823000.0,
        "Other Income Expense": -32791000.0,
        "Other Non Operating Income Expenses": 99000.0,
        "Special Income Charges": -32890000.0,
        "Other Special Charges": 32890000.0,
        "Net Non Operating Interest Income Expense": -5094000.0,
        "Interest Expense Non Operating": 7903000.0,
        "Interest Income Non Operating": 2809000.0,
        "Operating Income": -152938000.0,
        "Operating Expense": 173613000.0,
        "Research And Development": 95207000.0,
        "Selling General And Administration": 78406000.0,
        "General And Administrative Expense": 78406000.0,
        "Other Gand A": 78406000.0,
        "Gross Profit": 20675000.0,
        "Cost Of Revenue": 1381000.0,
        "Total Revenue": 22056000.0,
        "Operating Revenue": 22056000.0
    },
    "2022-06-30": {
        "Tax Effect Of Unusual Items": 0.0,
        "Tax Rate For Calcs": 0.4,
        "Normalized EBITDA": -146701000.0,
        "Total Unusual Items": 0.0,
        "Total Unusual Items Excluding Goodwill": 0.0,
        "Net Income From Continuing Operation Net Minority Interest": -155977000.0,
        "Reconciled Depreciation": 342000.0,
        "Reconciled Cost Of Revenue": 82000.0,
        "EBIT": -147043000.0,
        "Net Interest Income": -7016000.0,
        "Interest Expense": 8448000.0,
        "Interest Income": 1432000.0,
        "Normalized Income": -155977000.0,
        "Net Income From Continuing And Discontinued Operation": -155977000.0,
        "Total Expenses": 164946000.0,
        "Total Operating Income As Reported": -148624000.0,
        "Diluted Average Shares": 106630000.0,
        "Basic Average Shares": 106630000.0,
        "Diluted EPS": -1.46,
        "Basic EPS": -1.46,
        "Diluted NI Availto Com Stockholders": -155977000.0,
        "Net Income Common Stockholders": -155977000.0,
        "Net Income": -155977000.0,
        "Net Income Including Noncontrolling Interests": -155977000.0,
        "Net Income Continuous Operations": -155977000.0,
        "Tax Provision": 486000.0,
        "Pretax Income": -155491000.0,
        "Other Income Expense": 149000.0,
        "Other Non Operating Income Expenses": 149000.0,
        "Special Income Charges": 0.0,
        "Other Special Charges": NaN,
        "Net Non Operating Interest Income Expense": -7016000.0,
        "Interest Expense Non Operating": 8448000.0,
        "Interest Income Non Operating": 1432000.0,
        "Operating Income": -148624000.0,
        "Operating Expense": 164864000.0,
        "Research And Development": 101661000.0,
        "Selling General And Administration": 63203000.0,
        "General And Administrative Expense": 63203000.0,
        "Other Gand A": 63203000.0,
        "Gross Profit": 16240000.0,
        "Cost Of Revenue": 82000.0,
        "Total Revenue": 16322000.0,
        "Operating Revenue": 16322000.0
    },
    "2022-03-31": {
        "Diluted EPS": -1.42,
        "Total Revenue": 14,
        "Gross Profit": 13,
        "Operating Income": -129,
        "EBIT": -128,
        "Net Income": -139
    },
    "2021-12-31": {
        "Diluted EPS": -1.52,
        "Total Revenue": 60,
        "Gross Profit": 30,
        "Operating Income": -89,
        "EBIT": -89,
        "Net Income": -148
    },
    "2021-09-30": {
        "Diluted EPS": -2.28,
        "Total Revenue": 6,
        "Gross Profit": 6,
        "Operating Income": -128,
        "EBIT": -128,
        "Net Income": -196
    },
    "2021-06-30": {
        "Diluted EPS": -2.72,
        "Total Revenue": 1,
        "Gross Profit": -49,
        "Operating Income": -194,
        "EBIT": -194,
        "Net Income": -219
    },
    "2021-03-31": {
        "Diluted EPS": -2.32,
        "Total Revenue": NaN,
        "Gross Profit": NaN,
        "Operating Income": -125,
        "EBIT": -124,
        "Net Income": -184
    },
    "2020-12-31": {
        "Diluted EPS": 1.06,
        "Total Revenue": 250,
        "Gross Profit": 250,
        "Operating Income": 130,
        "EBIT": 135,
        "Net Income": 78
    },
    "2020-09-30": {
        "Diluted EPS": -1.79,
        "Total Revenue": 1,
        "Gross Profit": 1,
        "Operating Income": -130,
        "EBIT": -124,
        "Net Income": -136
    },
    "2020-06-30": {
        "Diluted EPS": -1.57,
        "Total Revenue": NaN,
        "Gross Profit": NaN,
        "Operating Income": -116,
        "EBIT": -112,
        "Net Income": -119
    },
    "2020-03-31": {
        "Diluted EPS": -2.29,
        "Total Revenue": NaN,
        "Gross Profit": NaN,
        "Operating Income": -99,
        "EBIT": -97,
        "Net Income": -169
    },
    "2019-12-31": {
        "Diluted EPS": -1.81,
        "Total Revenue": NaN,
        "Gross Profit": NaN,
        "Operating Income": -106,
        "EBIT": -104,
        "Net Income": -113
    },
    "2019-09-30": {
        "Diluted EPS": -1.1,
        "Total Revenue": NaN,
        "Gross Profit": NaN,
        "Operating Income": -70,
        "EBIT": -70,
        "Net Income": -70
    },
    "2019-06-30": {
        "Diluted EPS": -1.12,
        "Total Revenue": NaN,
        "Gross Profit": NaN,
        "Operating Income": -63,
        "EBIT": -63,
        "Net Income": -71
    },
    "2019-03-31": {
        "Diluted EPS": -0.87,
        "Total Revenue": NaN,
        "Gross Profit": NaN,
        "Operating Income": -49,
        "EBIT": -48,
        "Net Income": -51
    },
    "2018-12-31": {
        "Diluted EPS": -0.66,
        "Total Revenue": NaN,
        "Gross Profit": NaN,
        "Operating Income": -37,
        "EBIT": -37,
        "Net Income": -37
    },
    "2018-09-30": {
        "Diluted EPS": -0.64,
        "Total Revenue": NaN,
        "Gross Profit": NaN,
        "Operating Income": -36,
        "EBIT": -36,
        "Net Income": -36
    },
    "2018-06-30": {
        "Diluted EPS": -0.61,
        "Total Revenue": NaN,
        "Gross Profit": NaN,
        "Operating Income": -33,
        "EBIT": -33,
        "Net Income": -33
    },
    "2018-03-31": {
        "Diluted EPS": -0.43,
        "Total Revenue": NaN,
        "Gross Profit": NaN,
        "Operating Income": -21,
        "EBIT": -21,
        "Net Income": -22
    },
    "2017-12-31": {
        "Diluted EPS": 0.2,
        "Total Revenue": NaN,
        "Gross Profit": NaN,
        "Operating Income": -18,
        "EBIT": -18,
        "Net Income": -18
    },
    "2017-09-30": {
        "Diluted EPS": -1.37,
        "Total Revenue": NaN,
        "Gross Profit": NaN,
        "Operating Income": -12,
        "EBIT": -12,
        "Net Income": -12
    },
    "2017-06-30": {
        "Diluted EPS": -1.44,
        "Total Revenue": NaN,
        "Gross Profit": NaN,
        "Operating Income": -12,
        "EBIT": -12,
        "Net Income": -12
    },
    "2017-03-31": {
        "Diluted EPS": -1.07,
        "Total Revenue": NaN,
        "Gross Profit": NaN,
        "Operating Income": -9,
        "EBIT": -9,
        "Net Income": -9
    },
    "2016-12-31": {
        "Diluted EPS": 0.0,
        "Total Revenue": NaN,
        "Gross Profit": NaN,
        "Operating Income": NaN,
        "EBIT": NaN,
        "Net Income": NaN
    },
    "2016-09-30": {
        "Diluted EPS": -0.86,
        "Total Revenue": NaN,
        "Gross Profit": NaN,
        "Operating Income": -7,
        "EBIT": -7,
        "Net Income": -7
    },
    "2015-12-31": {
        "Diluted EPS": 0.0,
        "Total Revenue": NaN,
        "Gross Profit": NaN,
        "Operating Income": NaN,
        "EBIT": NaN,
        "Net Income": NaN
    }
}