{
    "2023-03-31": {
        "Tax Effect Of Unusual Items": NaN,
        "Tax Rate For Calcs": NaN,
        "Normalized EBITDA": NaN,
        "Total Unusual Items": NaN,
        "Total Unusual Items Excluding Goodwill": NaN,
        "Net Income From Continuing Operation Net Minority Interest": NaN,
        "Reconciled Depreciation": NaN,
        "EBITDA": NaN,
        "EBIT": NaN,
        "Net Interest Income": NaN,
        "Interest Income": NaN,
        "Normalized Income": NaN,
        "Net Income From Continuing And Discontinued Operation": NaN,
        "Total Expenses": NaN,
        "Total Operating Income As Reported": NaN,
        "Diluted Average Shares": NaN,
        "Basic Average Shares": NaN,
        "Diluted EPS": NaN,
        "Basic EPS": NaN,
        "Diluted NI Availto Com Stockholders": NaN,
        "Net Income Common Stockholders": NaN,
        "Net Income": NaN,
        "Net Income Including Noncontrolling Interests": NaN,
        "Net Income Continuous Operations": NaN,
        "Pretax Income": NaN,
        "Other Income Expense": NaN,
        "Special Income Charges": NaN,
        "Gain On Sale Of Security": NaN,
        "Net Non Operating Interest Income Expense": NaN,
        "Total Other Finance Cost": -256410.0,
        "Interest Income Non Operating": NaN,
        "Operating Income": NaN,
        "Operating Expense": NaN,
        "Other Operating Expenses": NaN,
        "Research And Development": NaN,
        "Selling General And Administration": NaN,
        "General And Administrative Expense": NaN,
        "Other Gand A": NaN,
        "Total Revenue": NaN,
        "Operating Revenue": NaN
    },
    "2022-12-31": {
        "Tax Effect Of Unusual Items": NaN,
        "Tax Rate For Calcs": NaN,
        "Normalized EBITDA": NaN,
        "Total Unusual Items": NaN,
        "Total Unusual Items Excluding Goodwill": NaN,
        "Net Income From Continuing Operation Net Minority Interest": NaN,
        "Reconciled Depreciation": NaN,
        "EBITDA": NaN,
        "EBIT": NaN,
        "Net Interest Income": NaN,
        "Interest Income": NaN,
        "Normalized Income": NaN,
        "Net Income From Continuing And Discontinued Operation": NaN,
        "Total Expenses": NaN,
        "Total Operating Income As Reported": NaN,
        "Diluted Average Shares": NaN,
        "Basic Average Shares": NaN,
        "Diluted EPS": NaN,
        "Basic EPS": NaN,
        "Diluted NI Availto Com Stockholders": NaN,
        "Net Income Common Stockholders": NaN,
        "Net Income": NaN,
        "Net Income Including Noncontrolling Interests": NaN,
        "Net Income Continuous Operations": NaN,
        "Pretax Income": NaN,
        "Other Income Expense": NaN,
        "Special Income Charges": 0.0,
        "Other Special Charges": 0.0,
        "Gain On Sale Of Security": NaN,
        "Net Non Operating Interest Income Expense": NaN,
        "Total Other Finance Cost": -243082.0,
        "Interest Income Non Operating": NaN,
        "Operating Income": NaN,
        "Operating Expense": NaN,
        "Other Operating Expenses": NaN,
        "Research And Development": NaN,
        "Selling General And Administration": NaN,
        "General And Administrative Expense": NaN,
        "Other Gand A": NaN,
        "Total Revenue": NaN,
        "Operating Revenue": NaN
    },
    "2022-09-30": {
        "Tax Effect Of Unusual Items": NaN,
        "Tax Rate For Calcs": NaN,
        "Normalized EBITDA": NaN,
        "Total Unusual Items": NaN,
        "Total Unusual Items Excluding Goodwill": NaN,
        "Net Income From Continuing Operation Net Minority Interest": NaN,
        "Reconciled Depreciation": NaN,
        "EBITDA": NaN,
        "EBIT": NaN,
        "Net Interest Income": NaN,
        "Interest Income": NaN,
        "Normalized Income": NaN,
        "Net Income From Continuing And Discontinued Operation": NaN,
        "Total Expenses": NaN,
        "Total Operating Income As Reported": NaN,
        "Diluted Average Shares": NaN,
        "Basic Average Shares": NaN,
        "Diluted EPS": NaN,
        "Basic EPS": NaN,
        "Diluted NI Availto Com Stockholders": NaN,
        "Net Income Common Stockholders": NaN,
        "Net Income": NaN,
        "Net Income Including Noncontrolling Interests": NaN,
        "Net Income Continuous Operations": NaN,
        "Pretax Income": NaN,
        "Other Income Expense": NaN,
        "Special Income Charges": 0.0,
        "Other Special Charges": NaN,
        "Gain On Sale Of Security": NaN,
        "Net Non Operating Interest Income Expense": NaN,
        "Total Other Finance Cost": -151123.0,
        "Interest Income Non Operating": NaN,
        "Operating Income": NaN,
        "Operating Expense": NaN,
        "Other Operating Expenses": NaN,
        "Research And Development": NaN,
        "Selling General And Administration": NaN,
        "General And Administrative Expense": NaN,
        "Other Gand A": NaN,
        "Total Revenue": NaN,
        "Operating Revenue": NaN
    },
    "2022-06-30": {
        "Tax Effect Of Unusual Items": 0.0,
        "Tax Rate For Calcs": 0.0,
        "Normalized EBITDA": 53483965.0,
        "Total Unusual Items": -75865618.0,
        "Total Unusual Items Excluding Goodwill": -75865618.0,
        "Net Income From Continuing Operation Net Minority Interest": -98258474.0,
        "Reconciled Depreciation": 63694.0,
        "EBITDA": -22381653.0,
        "EBIT": -22445347.0,
        "Net Interest Income": 52491.0,
        "Interest Income": NaN,
        "Normalized Income": -22392856.0,
        "Net Income From Continuing And Discontinued Operation": -98258474.0,
        "Total Expenses": 22445347.0,
        "Total Operating Income As Reported": NaN,
        "Diluted Average Shares": 1133092.0,
        "Basic Average Shares": 1133092.0,
        "Diluted EPS": -86.72,
        "Basic EPS": -86.72,
        "Diluted NI Availto Com Stockholders": -98258474.0,
        "Net Income Common Stockholders": -98258474.0,
        "Net Income": -98258474.0,
        "Net Income Including Noncontrolling Interests": -98258474.0,
        "Net Income Continuous Operations": -98258474.0,
        "Pretax Income": -98258474.0,
        "Other Income Expense": -75865618.0,
        "Special Income Charges": -76020184.0,
        "Other Special Charges": 76020184.0,
        "Gain On Sale Of Security": 154566.0,
        "Net Non Operating Interest Income Expense": 52491.0,
        "Total Other Finance Cost": -52491.0,
        "Interest Income Non Operating": NaN,
        "Operating Income": -22445347.0,
        "Operating Expense": 22445347.0,
        "Other Operating Expenses": NaN,
        "Research And Development": 6811609.0,
        "Selling General And Administration": 15633738.0,
        "General And Administrative Expense": 15633738.0,
        "Other Gand A": 15633738.0,
        "Total Revenue": 0.0,
        "Operating Revenue": 0.0
    },
    "2022-03-31": {
        "Diluted EPS": -7.25,
        "Total Revenue": NaN,
        "Gross Profit": NaN,
        "Operating Income": -8,
        "EBIT": -8,
        "Net Income": -8
    },
    "2021-12-31": {
        "Diluted EPS": -7.08,
        "Total Revenue": NaN,
        "Gross Profit": NaN,
        "Operating Income": -8,
        "EBIT": -8,
        "Net Income": -8
    },
    "2021-09-30": {
        "Diluted EPS": -9.0,
        "Total Revenue": NaN,
        "Gross Profit": NaN,
        "Operating Income": -9,
        "EBIT": -9,
        "Net Income": -9
    },
    "2021-06-30": {
        "Diluted EPS": -9.6,
        "Total Revenue": NaN,
        "Gross Profit": NaN,
        "Operating Income": -10,
        "EBIT": -10,
        "Net Income": -10
    },
    "2021-03-31": {
        "Diluted EPS": -9.2,
        "Total Revenue": NaN,
        "Gross Profit": NaN,
        "Operating Income": -10,
        "EBIT": -10,
        "Net Income": -10
    },
    "2020-12-31": {
        "Diluted EPS": -14.41,
        "Total Revenue": NaN,
        "Gross Profit": NaN,
        "Operating Income": -14,
        "EBIT": -14,
        "Net Income": -15
    },
    "2020-09-30": {
        "Diluted EPS": -11.6,
        "Total Revenue": NaN,
        "Gross Profit": NaN,
        "Operating Income": -12,
        "EBIT": -12,
        "Net Income": -12
    },
    "2020-06-30": {
        "Diluted EPS": -15.6,
        "Total Revenue": NaN,
        "Gross Profit": NaN,
        "Operating Income": -14,
        "EBIT": -14,
        "Net Income": -16
    },
    "2020-03-31": {
        "Diluted EPS": -9.0,
        "Total Revenue": NaN,
        "Gross Profit": NaN,
        "Operating Income": -12,
        "EBIT": -12,
        "Net Income": -9
    },
    "2019-12-31": {
        "Diluted EPS": 160.8,
        "Total Revenue": NaN,
        "Gross Profit": NaN,
        "Operating Income": -12,
        "EBIT": -12,
        "Net Income": -13
    },
    "2019-09-30": {
        "Diluted EPS": -105.8,
        "Total Revenue": NaN,
        "Gross Profit": NaN,
        "Operating Income": -7,
        "EBIT": -7,
        "Net Income": -6
    },
    "2019-06-30": {
        "Diluted EPS": -89.0,
        "Total Revenue": NaN,
        "Gross Profit": NaN,
        "Operating Income": -6,
        "EBIT": -6,
        "Net Income": -5
    },
    "2019-03-31": {
        "Diluted EPS": -59.4,
        "Total Revenue": NaN,
        "Gross Profit": NaN,
        "Operating Income": -4,
        "EBIT": -4,
        "Net Income": -3
    },
    "2018-12-31": {
        "Diluted EPS": 0.0,
        "Total Revenue": NaN,
        "Gross Profit": NaN,
        "Operating Income": NaN,
        "EBIT": NaN,
        "Net Income": NaN
    },
    "2018-09-30": {
        "Diluted EPS": -54.4,
        "Total Revenue": NaN,
        "Gross Profit": NaN,
        "Operating Income": -3,
        "EBIT": -3,
        "Net Income": -3
    },
    "2017-12-31": {
        "Diluted EPS": 0.0,
        "Total Revenue": NaN,
        "Gross Profit": NaN,
        "Operating Income": NaN,
        "EBIT": NaN,
        "Net Income": NaN
    },
    "2023-06-30": {
        "Tax Effect Of Unusual Items": NaN,
        "Tax Rate For Calcs": NaN,
        "Normalized EBITDA": NaN,
        "Total Unusual Items": NaN,
        "Total Unusual Items Excluding Goodwill": NaN,
        "Net Income From Continuing Operation Net Minority Interest": NaN,
        "Reconciled Depreciation": NaN,
        "EBITDA": NaN,
        "EBIT": NaN,
        "Net Interest Income": NaN,
        "Interest Income": NaN,
        "Normalized Income": NaN,
        "Net Income From Continuing And Discontinued Operation": NaN,
        "Total Expenses": NaN,
        "Total Operating Income As Reported": NaN,
        "Diluted Average Shares": 3731571.0,
        "Basic Average Shares": 3731571.0,
        "Diluted EPS": -0.87,
        "Basic EPS": -0.87,
        "Diluted NI Availto Com Stockholders": NaN,
        "Net Income Common Stockholders": NaN,
        "Net Income": NaN,
        "Net Income Including Noncontrolling Interests": NaN,
        "Net Income Continuous Operations": NaN,
        "Pretax Income": NaN,
        "Other Income Expense": NaN,
        "Special Income Charges": 0.0,
        "Gain On Sale Of Security": NaN,
        "Net Non Operating Interest Income Expense": NaN,
        "Total Other Finance Cost": NaN,
        "Interest Income Non Operating": NaN,
        "Operating Income": NaN,
        "Operating Expense": NaN,
        "Other Operating Expenses": NaN,
        "Research And Development": NaN,
        "Selling General And Administration": NaN,
        "General And Administrative Expense": NaN,
        "Other Gand A": NaN,
        "Total Revenue": NaN,
        "Operating Revenue": NaN
    },
    "2023-09-30": {
        "Tax Effect Of Unusual Items": 0.0,
        "Tax Rate For Calcs": 0.0,
        "Normalized EBITDA": -3518538.0,
        "Total Unusual Items": -2880.0,
        "Total Unusual Items Excluding Goodwill": -2880.0,
        "Net Income From Continuing Operation Net Minority Interest": -3204515.0,
        "Reconciled Depreciation": 1432.0,
        "EBITDA": -3521418.0,
        "EBIT": -3522850.0,
        "Net Interest Income": 321215.0,
        "Interest Income": 321215.0,
        "Normalized Income": -3201635.0,
        "Net Income From Continuing And Discontinued Operation": -3204515.0,
        "Total Expenses": 3522850.0,
        "Total Operating Income As Reported": -3522850.0,
        "Diluted Average Shares": 3735176.0,
        "Basic Average Shares": 3735176.0,
        "Diluted EPS": -0.86,
        "Basic EPS": -0.86,
        "Diluted NI Availto Com Stockholders": -3204515.0,
        "Net Income Common Stockholders": -3204515.0,
        "Net Income": -3204515.0,
        "Net Income Including Noncontrolling Interests": -3204515.0,
        "Net Income Continuous Operations": -3204515.0,
        "Pretax Income": -3204515.0,
        "Other Income Expense": -2880.0,
        "Special Income Charges": 0.0,
        "Gain On Sale Of Security": -2880.0,
        "Net Non Operating Interest Income Expense": 321215.0,
        "Total Other Finance Cost": NaN,
        "Interest Income Non Operating": 321215.0,
        "Operating Income": -3522850.0,
        "Operating Expense": 3522850.0,
        "Other Operating Expenses": -319468.0,
        "Research And Development": 2122603.0,
        "Selling General And Administration": 1719715.0,
        "General And Administrative Expense": 1719715.0,
        "Other Gand A": 1719715.0,
        "Total Revenue": 0.0,
        "Operating Revenue": 0.0
    },
    "2023-12-31": {
        "Tax Effect Of Unusual Items": 0.0,
        "Tax Rate For Calcs": 0.0,
        "Normalized EBITDA": -3591331.0,
        "Total Unusual Items": -78612.0,
        "Total Unusual Items Excluding Goodwill": -78612.0,
        "Net Income From Continuing Operation Net Minority Interest": -3443254.0,
        "Reconciled Depreciation": 4986.0,
        "EBITDA": -3669943.0,
        "EBIT": -3674929.0,
        "Net Interest Income": 310287.0,
        "Interest Income": 310287.0,
        "Normalized Income": -3364642.0,
        "Net Income From Continuing And Discontinued Operation": -3443254.0,
        "Total Expenses": 3674929.0,
        "Total Operating Income As Reported": -3674929.0,
        "Diluted Average Shares": NaN,
        "Basic Average Shares": NaN,
        "Diluted EPS": NaN,
        "Basic EPS": NaN,
        "Diluted NI Availto Com Stockholders": -3443254.0,
        "Net Income Common Stockholders": -3443254.0,
        "Net Income": -3443254.0,
        "Net Income Including Noncontrolling Interests": -3443254.0,
        "Net Income Continuous Operations": -3443254.0,
        "Pretax Income": -3443254.0,
        "Other Income Expense": -78612.0,
        "Special Income Charges": 0.0,
        "Gain On Sale Of Security": -78612.0,
        "Net Non Operating Interest Income Expense": 310287.0,
        "Total Other Finance Cost": NaN,
        "Interest Income Non Operating": 310287.0,
        "Operating Income": -3674929.0,
        "Operating Expense": 3674929.0,
        "Other Operating Expenses": -14075.0,
        "Research And Development": 2045689.0,
        "Selling General And Administration": 1643315.0,
        "General And Administrative Expense": 1643315.0,
        "Other Gand A": 1643315.0,
        "Total Revenue": 0.0,
        "Operating Revenue": 0.0
    },
    "2024-03-31": {
        "Tax Effect Of Unusual Items": 0.0,
        "Tax Rate For Calcs": 0.0,
        "Normalized EBITDA": -3199689.0,
        "Total Unusual Items": 56176.0,
        "Total Unusual Items Excluding Goodwill": 56176.0,
        "Net Income From Continuing Operation Net Minority Interest": -2810091.0,
        "Reconciled Depreciation": 6157.0,
        "EBITDA": -3143513.0,
        "EBIT": -3149670.0,
        "Net Interest Income": 283403.0,
        "Interest Income": 283403.0,
        "Normalized Income": -2866267.0,
        "Net Income From Continuing And Discontinued Operation": -2810091.0,
        "Total Expenses": 3149670.0,
        "Total Operating Income As Reported": -3149670.0,
        "Diluted Average Shares": 4198326.0,
        "Basic Average Shares": 4198326.0,
        "Diluted EPS": -0.67,
        "Basic EPS": -0.67,
        "Diluted NI Availto Com Stockholders": -2810091.0,
        "Net Income Common Stockholders": -2810091.0,
        "Net Income": -2810091.0,
        "Net Income Including Noncontrolling Interests": -2810091.0,
        "Net Income Continuous Operations": -2810091.0,
        "Pretax Income": -2810091.0,
        "Other Income Expense": 56176.0,
        "Special Income Charges": NaN,
        "Gain On Sale Of Security": 56176.0,
        "Net Non Operating Interest Income Expense": 283403.0,
        "Total Other Finance Cost": NaN,
        "Interest Income Non Operating": 283403.0,
        "Operating Income": -3149670.0,
        "Operating Expense": 3149670.0,
        "Other Operating Expenses": -380569.0,
        "Research And Development": 1600373.0,
        "Selling General And Administration": 1929866.0,
        "General And Administrative Expense": 1929866.0,
        "Other Gand A": 1929866.0,
        "Total Revenue": 0.0,
        "Operating Revenue": 0.0
    },
    "2024-06-30": {
        "Tax Effect Of Unusual Items": 0.0,
        "Tax Rate For Calcs": 0.0,
        "Normalized EBITDA": -3836118.0,
        "Total Unusual Items": -5502.0,
        "Total Unusual Items Excluding Goodwill": -5502.0,
        "Net Income From Continuing Operation Net Minority Interest": -3470052.0,
        "Reconciled Depreciation": 5304.0,
        "EBITDA": -3841620.0,
        "EBIT": -3846924.0,
        "Net Interest Income": 382374.0,
        "Interest Income": 382374.0,
        "Normalized Income": -3464550.0,
        "Net Income From Continuing And Discontinued Operation": -3470052.0,
        "Total Expenses": 3846924.0,
        "Total Operating Income As Reported": -3846924.0,
        "Diluted Average Shares": 5937291.0,
        "Basic Average Shares": 5937291.0,
        "Diluted EPS": -0.58,
        "Basic EPS": -0.58,
        "Diluted NI Availto Com Stockholders": -3470052.0,
        "Net Income Common Stockholders": -3470052.0,
        "Net Income": -3470052.0,
        "Net Income Including Noncontrolling Interests": -3470052.0,
        "Net Income Continuous Operations": -3470052.0,
        "Pretax Income": -3470052.0,
        "Other Income Expense": -5502.0,
        "Special Income Charges": NaN,
        "Gain On Sale Of Security": -5502.0,
        "Net Non Operating Interest Income Expense": 382374.0,
        "Total Other Finance Cost": NaN,
        "Interest Income Non Operating": 382374.0,
        "Operating Income": -3846924.0,
        "Operating Expense": 3846924.0,
        "Other Operating Expenses": -561574.0,
        "Research And Development": 2557679.0,
        "Selling General And Administration": 1850819.0,
        "General And Administrative Expense": 1850819.0,
        "Other Gand A": 1850819.0,
        "Total Revenue": 0.0,
        "Operating Revenue": 0.0
    },
    "2024-09-30": {
        "Tax Effect Of Unusual Items": 0.0,
        "Tax Rate For Calcs": 0.0,
        "Normalized EBITDA": -4056093.0,
        "Total Unusual Items": -35494.0,
        "Total Unusual Items Excluding Goodwill": -35494.0,
        "Net Income From Continuing Operation Net Minority Interest": -3783769.0,
        "Reconciled Depreciation": 5429.0,
        "EBITDA": -4091587.0,
        "EBIT": -4097016.0,
        "Net Interest Income": 348741.0,
        "Interest Income": 348741.0,
        "Normalized Income": -3748275.0,
        "Net Income From Continuing And Discontinued Operation": -3783769.0,
        "Total Expenses": 4097016.0,
        "Total Operating Income As Reported": -4097016.0,
        "Diluted Average Shares": 5939755.0,
        "Basic Average Shares": 5939755.0,
        "Diluted EPS": -0.64,
        "Basic EPS": -0.64,
        "Diluted NI Availto Com Stockholders": -3783769.0,
        "Net Income Common Stockholders": -3783769.0,
        "Net Income": -3783769.0,
        "Net Income Including Noncontrolling Interests": -3783769.0,
        "Net Income Continuous Operations": -3783769.0,
        "Pretax Income": -3783769.0,
        "Other Income Expense": -35494.0,
        "Special Income Charges": NaN,
        "Gain On Sale Of Security": -35494.0,
        "Net Non Operating Interest Income Expense": 348741.0,
        "Total Other Finance Cost": NaN,
        "Interest Income Non Operating": 348741.0,
        "Operating Income": -4097016.0,
        "Operating Expense": 4097016.0,
        "Other Operating Expenses": -354621.0,
        "Research And Development": 2846399.0,
        "Selling General And Administration": 1605238.0,
        "General And Administrative Expense": 1605238.0,
        "Other Gand A": 1605238.0,
        "Total Revenue": 0.0,
        "Operating Revenue": 0.0
    }
}