{
    "2023-12-31": {
        "Tax Effect Of Unusual Items": 0.0,
        "Tax Rate For Calcs": 0.198035,
        "Normalized EBITDA": 1209000.0,
        "Total Unusual Items": 0.0,
        "Total Unusual Items Excluding Goodwill": 0.0,
        "Net Income From Continuing Operation Net Minority Interest": 1061000.0,
        "Reconciled Depreciation": 238000.0,
        "Reconciled Cost Of Revenue": 9559000.0,
        "EBITDA": 1209000.0,
        "EBIT": 971000.0,
        "Net Interest Income": 267000.0,
        "Interest Income": 267000.0,
        "Normalized Income": 1061000.0,
        "Net Income From Continuing And Discontinued Operation": 1061000.0,
        "Total Expenses": 14294000.0,
        "Total Operating Income As Reported": 971000.0,
        "Diluted Average Shares": NaN,
        "Basic Average Shares": NaN,
        "Diluted EPS": NaN,
        "Basic EPS": NaN,
        "Diluted NI Availto Com Stockholders": 1061000.0,
        "Net Income Common Stockholders": 1061000.0,
        "Net Income": 1061000.0,
        "Net Income Including Noncontrolling Interests": 1061000.0,
        "Net Income Continuous Operations": 1061000.0,
        "Tax Provision": 262000.0,
        "Pretax Income": 1323000.0,
        "Other Income Expense": 85000.0,
        "Special Income Charges": 0.0,
        "Gain On Sale Of Ppe": NaN,
        "Earnings From Equity Interest": 85000.0,
        "Net Non Operating Interest Income Expense": 267000.0,
        "Interest Income Non Operating": 267000.0,
        "Operating Income": 971000.0,
        "Operating Expense": 4735000.0,
        "Depreciation Amortization Depletion Income Statement": 238000.0,
        "Depreciation And Amortization In Income Statement": 238000.0,
        "Selling General And Administration": 4497000.0,
        "Gross Profit": 5706000.0,
        "Cost Of Revenue": 9559000.0,
        "Total Revenue": 15265000.0,
        "Operating Revenue": 15265000.0
    },
    "2023-09-30": {
        "Tax Effect Of Unusual Items": 0.0,
        "Tax Rate For Calcs": 0.216438,
        "Normalized EBITDA": 1648000.0,
        "Total Unusual Items": 0.0,
        "Total Unusual Items Excluding Goodwill": 0.0,
        "Net Income From Continuing Operation Net Minority Interest": 1430000.0,
        "Reconciled Depreciation": 225000.0,
        "Reconciled Cost Of Revenue": 10018000.0,
        "EBITDA": 1648000.0,
        "EBIT": 1423000.0,
        "Net Interest Income": 222000.0,
        "Interest Income": 222000.0,
        "Normalized Income": 1430000.0,
        "Net Income From Continuing And Discontinued Operation": 1430000.0,
        "Total Expenses": 14630000.0,
        "Total Operating Income As Reported": 1423000.0,
        "Diluted Average Shares": 11781071.0,
        "Basic Average Shares": 11781071.0,
        "Diluted EPS": 0.12,
        "Basic EPS": 0.12,
        "Diluted NI Availto Com Stockholders": 1430000.0,
        "Net Income Common Stockholders": 1430000.0,
        "Net Income": 1430000.0,
        "Net Income Including Noncontrolling Interests": 1430000.0,
        "Net Income Continuous Operations": 1430000.0,
        "Tax Provision": 395000.0,
        "Pretax Income": 1825000.0,
        "Other Income Expense": 180000.0,
        "Special Income Charges": 0.0,
        "Gain On Sale Of Ppe": 0.0,
        "Earnings From Equity Interest": 180000.0,
        "Net Non Operating Interest Income Expense": 222000.0,
        "Interest Income Non Operating": 222000.0,
        "Operating Income": 1423000.0,
        "Operating Expense": 4612000.0,
        "Depreciation Amortization Depletion Income Statement": 225000.0,
        "Depreciation And Amortization In Income Statement": 225000.0,
        "Selling General And Administration": 4387000.0,
        "Gross Profit": 6035000.0,
        "Cost Of Revenue": 10018000.0,
        "Total Revenue": 16053000.0,
        "Operating Revenue": 16053000.0
    },
    "2023-06-30": {
        "Tax Effect Of Unusual Items": NaN,
        "Tax Rate For Calcs": NaN,
        "Normalized EBITDA": NaN,
        "Total Unusual Items": 0.0,
        "Total Unusual Items Excluding Goodwill": 0.0,
        "Net Income From Continuing Operation Net Minority Interest": NaN,
        "Reconciled Depreciation": NaN,
        "Reconciled Cost Of Revenue": NaN,
        "EBITDA": NaN,
        "EBIT": NaN,
        "Net Interest Income": NaN,
        "Interest Income": NaN,
        "Normalized Income": NaN,
        "Net Income From Continuing And Discontinued Operation": NaN,
        "Total Expenses": NaN,
        "Total Operating Income As Reported": NaN,
        "Diluted Average Shares": 12013845.0,
        "Basic Average Shares": 11997443.0,
        "Diluted EPS": 0.1,
        "Basic EPS": 0.1,
        "Diluted NI Availto Com Stockholders": NaN,
        "Net Income Common Stockholders": NaN,
        "Net Income": NaN,
        "Net Income Including Noncontrolling Interests": NaN,
        "Net Income Continuous Operations": NaN,
        "Tax Provision": NaN,
        "Pretax Income": NaN,
        "Other Income Expense": NaN,
        "Special Income Charges": 0.0,
        "Gain On Sale Of Ppe": 0.0,
        "Earnings From Equity Interest": NaN,
        "Net Non Operating Interest Income Expense": NaN,
        "Interest Income Non Operating": NaN,
        "Operating Income": NaN,
        "Operating Expense": NaN,
        "Depreciation Amortization Depletion Income Statement": NaN,
        "Depreciation And Amortization In Income Statement": NaN,
        "Selling General And Administration": NaN,
        "Gross Profit": NaN,
        "Cost Of Revenue": NaN,
        "Total Revenue": NaN,
        "Operating Revenue": NaN
    },
    "2023-03-31": {
        "Tax Effect Of Unusual Items": NaN,
        "Tax Rate For Calcs": NaN,
        "Normalized EBITDA": NaN,
        "Total Unusual Items": NaN,
        "Total Unusual Items Excluding Goodwill": NaN,
        "Net Income From Continuing Operation Net Minority Interest": NaN,
        "Reconciled Depreciation": NaN,
        "Reconciled Cost Of Revenue": NaN,
        "EBITDA": NaN,
        "EBIT": NaN,
        "Net Interest Income": NaN,
        "Interest Income": NaN,
        "Normalized Income": NaN,
        "Net Income From Continuing And Discontinued Operation": NaN,
        "Total Expenses": NaN,
        "Total Operating Income As Reported": NaN,
        "Diluted Average Shares": 12193602.0,
        "Basic Average Shares": 12150067.0,
        "Diluted EPS": 0.05,
        "Basic EPS": 0.05,
        "Diluted NI Availto Com Stockholders": NaN,
        "Net Income Common Stockholders": NaN,
        "Net Income": NaN,
        "Net Income Including Noncontrolling Interests": NaN,
        "Net Income Continuous Operations": NaN,
        "Tax Provision": NaN,
        "Pretax Income": NaN,
        "Other Income Expense": NaN,
        "Special Income Charges": NaN,
        "Gain On Sale Of Ppe": NaN,
        "Earnings From Equity Interest": NaN,
        "Net Non Operating Interest Income Expense": NaN,
        "Interest Income Non Operating": NaN,
        "Operating Income": NaN,
        "Operating Expense": NaN,
        "Depreciation Amortization Depletion Income Statement": NaN,
        "Depreciation And Amortization In Income Statement": NaN,
        "Selling General And Administration": NaN,
        "Gross Profit": NaN,
        "Cost Of Revenue": NaN,
        "Total Revenue": NaN,
        "Operating Revenue": NaN
    },
    "2024-03-31": {
        "Tax Effect Of Unusual Items": 0.0,
        "Tax Rate For Calcs": 0.202,
        "Normalized EBITDA": 570000.0,
        "Total Unusual Items": NaN,
        "Total Unusual Items Excluding Goodwill": NaN,
        "Net Income From Continuing Operation Net Minority Interest": 576000.0,
        "Reconciled Depreciation": 244000.0,
        "Reconciled Cost Of Revenue": 8065000.0,
        "EBITDA": 570000.0,
        "EBIT": 326000.0,
        "Net Interest Income": 258000.0,
        "Interest Income": 258000.0,
        "Normalized Income": 576000.0,
        "Net Income From Continuing And Discontinued Operation": 576000.0,
        "Total Expenses": 13156000.0,
        "Total Operating Income As Reported": 326000.0,
        "Diluted Average Shares": 11389394.0,
        "Basic Average Shares": 11285296.0,
        "Diluted EPS": 0.05,
        "Basic EPS": 0.05,
        "Diluted NI Availto Com Stockholders": 576000.0,
        "Net Income Common Stockholders": 576000.0,
        "Net Income": 576000.0,
        "Net Income Including Noncontrolling Interests": 576000.0,
        "Net Income Continuous Operations": 576000.0,
        "Tax Provision": 146000.0,
        "Pretax Income": 722000.0,
        "Other Income Expense": 138000.0,
        "Special Income Charges": NaN,
        "Gain On Sale Of Ppe": NaN,
        "Earnings From Equity Interest": 138000.0,
        "Net Non Operating Interest Income Expense": 258000.0,
        "Interest Income Non Operating": 258000.0,
        "Operating Income": 326000.0,
        "Operating Expense": 5091000.0,
        "Depreciation Amortization Depletion Income Statement": 244000.0,
        "Depreciation And Amortization In Income Statement": 244000.0,
        "Selling General And Administration": 4847000.0,
        "Gross Profit": 5417000.0,
        "Cost Of Revenue": 8065000.0,
        "Total Revenue": 13482000.0,
        "Operating Revenue": 13482000.0
    },
    "2022-12-31": {
        "Tax Effect Of Unusual Items": NaN,
        "Tax Rate For Calcs": NaN,
        "Normalized EBITDA": NaN,
        "Total Unusual Items": 0.0,
        "Total Unusual Items Excluding Goodwill": 0.0,
        "Net Income From Continuing Operation Net Minority Interest": NaN,
        "Reconciled Depreciation": NaN,
        "Reconciled Cost Of Revenue": NaN,
        "EBITDA": NaN,
        "EBIT": NaN,
        "Net Interest Income": NaN,
        "Interest Income": NaN,
        "Normalized Income": NaN,
        "Net Income From Continuing And Discontinued Operation": NaN,
        "Total Expenses": NaN,
        "Total Operating Income As Reported": NaN,
        "Diluted Average Shares": NaN,
        "Basic Average Shares": NaN,
        "Diluted EPS": NaN,
        "Basic EPS": NaN,
        "Diluted NI Availto Com Stockholders": NaN,
        "Net Income Common Stockholders": NaN,
        "Net Income": NaN,
        "Net Income Including Noncontrolling Interests": NaN,
        "Net Income Continuous Operations": NaN,
        "Tax Provision": NaN,
        "Pretax Income": NaN,
        "Other Income Expense": NaN,
        "Special Income Charges": 0.0,
        "Gain On Sale Of Ppe": NaN,
        "Earnings From Equity Interest": NaN,
        "Net Non Operating Interest Income Expense": NaN,
        "Interest Income Non Operating": NaN,
        "Operating Income": NaN,
        "Operating Expense": NaN,
        "Depreciation Amortization Depletion Income Statement": NaN,
        "Depreciation And Amortization In Income Statement": NaN,
        "Selling General And Administration": NaN,
        "Gross Profit": NaN,
        "Cost Of Revenue": NaN,
        "Total Revenue": NaN,
        "Operating Revenue": NaN
    },
    "2022-09-30": {
        "Tax Effect Of Unusual Items": NaN,
        "Tax Rate For Calcs": NaN,
        "Normalized EBITDA": NaN,
        "Total Unusual Items": 0.0,
        "Total Unusual Items Excluding Goodwill": 0.0,
        "Net Income From Continuing Operation Net Minority Interest": NaN,
        "Reconciled Depreciation": NaN,
        "Reconciled Cost Of Revenue": NaN,
        "EBITDA": NaN,
        "EBIT": NaN,
        "Net Interest Income": NaN,
        "Interest Income": NaN,
        "Normalized Income": NaN,
        "Net Income From Continuing And Discontinued Operation": NaN,
        "Total Expenses": NaN,
        "Total Operating Income As Reported": NaN,
        "Diluted Average Shares": NaN,
        "Basic Average Shares": NaN,
        "Diluted EPS": NaN,
        "Basic EPS": NaN,
        "Diluted NI Availto Com Stockholders": NaN,
        "Net Income Common Stockholders": NaN,
        "Net Income": NaN,
        "Net Income Including Noncontrolling Interests": NaN,
        "Net Income Continuous Operations": NaN,
        "Tax Provision": NaN,
        "Pretax Income": NaN,
        "Other Income Expense": NaN,
        "Special Income Charges": 0.0,
        "Gain On Sale Of Ppe": 0.0,
        "Earnings From Equity Interest": NaN,
        "Net Non Operating Interest Income Expense": NaN,
        "Interest Income Non Operating": NaN,
        "Operating Income": NaN,
        "Operating Expense": NaN,
        "Depreciation Amortization Depletion Income Statement": NaN,
        "Depreciation And Amortization In Income Statement": NaN,
        "Selling General And Administration": NaN,
        "Gross Profit": NaN,
        "Cost Of Revenue": NaN,
        "Total Revenue": NaN,
        "Operating Revenue": NaN
    },
    "2024-06-30": {
        "Tax Effect Of Unusual Items": 0.0,
        "Tax Rate For Calcs": 0.224,
        "Normalized EBITDA": 1957000.0,
        "Total Unusual Items": NaN,
        "Total Unusual Items Excluding Goodwill": NaN,
        "Net Income From Continuing Operation Net Minority Interest": 1644000.0,
        "Reconciled Depreciation": 245000.0,
        "Reconciled Cost Of Revenue": 9448000.0,
        "EBITDA": 1957000.0,
        "EBIT": 1712000.0,
        "Net Interest Income": 207000.0,
        "Interest Income": 207000.0,
        "Normalized Income": 1644000.0,
        "Net Income From Continuing And Discontinued Operation": 1644000.0,
        "Total Expenses": 14577000.0,
        "Total Operating Income As Reported": 1712000.0,
        "Diluted Average Shares": 11226341.0,
        "Basic Average Shares": 11137066.0,
        "Diluted EPS": 0.15,
        "Basic EPS": 0.15,
        "Diluted NI Availto Com Stockholders": 1644000.0,
        "Net Income Common Stockholders": 1644000.0,
        "Net Income": 1644000.0,
        "Net Income Including Noncontrolling Interests": 1644000.0,
        "Net Income Continuous Operations": 1644000.0,
        "Tax Provision": 475000.0,
        "Pretax Income": 2119000.0,
        "Other Income Expense": 200000.0,
        "Special Income Charges": NaN,
        "Gain On Sale Of Ppe": NaN,
        "Earnings From Equity Interest": 200000.0,
        "Net Non Operating Interest Income Expense": 207000.0,
        "Interest Income Non Operating": 207000.0,
        "Operating Income": 1712000.0,
        "Operating Expense": 5129000.0,
        "Depreciation Amortization Depletion Income Statement": 245000.0,
        "Depreciation And Amortization In Income Statement": 245000.0,
        "Selling General And Administration": 4884000.0,
        "Gross Profit": 6841000.0,
        "Cost Of Revenue": 9448000.0,
        "Total Revenue": 16289000.0,
        "Operating Revenue": 16289000.0
    },
    "2024-09-30": {
        "Tax Effect Of Unusual Items": 6469.517743,
        "Tax Rate For Calcs": 0.215651,
        "Normalized EBITDA": 952000.0,
        "Total Unusual Items": 30000.0,
        "Total Unusual Items Excluding Goodwill": 30000.0,
        "Net Income From Continuing Operation Net Minority Interest": 862000.0,
        "Reconciled Depreciation": 245000.0,
        "Reconciled Cost Of Revenue": 8767000.0,
        "EBITDA": 982000.0,
        "EBIT": 737000.0,
        "Net Interest Income": 235000.0,
        "Interest Income": 235000.0,
        "Normalized Income": 838469.517743,
        "Net Income From Continuing And Discontinued Operation": 862000.0,
        "Total Expenses": 13514000.0,
        "Total Operating Income As Reported": 737000.0,
        "Diluted Average Shares": 11173739.0,
        "Basic Average Shares": 11075527.0,
        "Diluted EPS": 0.08,
        "Basic EPS": 0.08,
        "Diluted NI Availto Com Stockholders": 862000.0,
        "Net Income Common Stockholders": 862000.0,
        "Net Income": 862000.0,
        "Net Income Including Noncontrolling Interests": 862000.0,
        "Net Income Continuous Operations": 862000.0,
        "Tax Provision": 237000.0,
        "Pretax Income": 1099000.0,
        "Other Income Expense": 127000.0,
        "Special Income Charges": 30000.0,
        "Gain On Sale Of Ppe": 30000.0,
        "Earnings From Equity Interest": 97000.0,
        "Net Non Operating Interest Income Expense": 235000.0,
        "Interest Income Non Operating": 235000.0,
        "Operating Income": 737000.0,
        "Operating Expense": 4747000.0,
        "Depreciation Amortization Depletion Income Statement": 245000.0,
        "Depreciation And Amortization In Income Statement": 245000.0,
        "Selling General And Administration": 4502000.0,
        "Gross Profit": 5484000.0,
        "Cost Of Revenue": 8767000.0,
        "Total Revenue": 14251000.0,
        "Operating Revenue": 14251000.0
    }
}