{
    "2023-03-31": {
        "Tax Effect Of Unusual Items": 0.0,
        "Tax Rate For Calcs": 0.0,
        "Normalized EBITDA": -13963000.0,
        "Total Unusual Items": -2000.0,
        "Total Unusual Items Excluding Goodwill": -2000.0,
        "Net Income From Continuing Operation Net Minority Interest": -13676000.0,
        "Reconciled Depreciation": 131000.0,
        "EBITDA": -13965000.0,
        "EBIT": -14096000.0,
        "Net Interest Income": 422000.0,
        "Interest Income": 422000.0,
        "Normalized Income": -13674000.0,
        "Net Income From Continuing And Discontinued Operation": -13676000.0,
        "Total Expenses": 14096000.0,
        "Diluted Average Shares": 6170800.0,
        "Basic Average Shares": 6170800.0,
        "Diluted EPS": -2.25,
        "Basic EPS": -2.25,
        "Diluted NI Availto Com Stockholders": -13676000.0,
        "Net Income Common Stockholders": -13676000.0,
        "Net Income": -13676000.0,
        "Net Income Including Noncontrolling Interests": -13676000.0,
        "Net Income Continuous Operations": -13676000.0,
        "Pretax Income": -13676000.0,
        "Other Income Expense": -2000.0,
        "Gain On Sale Of Security": -2000.0,
        "Net Non Operating Interest Income Expense": 422000.0,
        "Interest Income Non Operating": 422000.0,
        "Operating Income": -14096000.0,
        "Operating Expense": 14096000.0,
        "Depreciation Amortization Depletion Income Statement": 18000.0,
        "Depreciation And Amortization In Income Statement": 18000.0,
        "Depreciation Income Statement": 18000.0,
        "Research And Development": 8811000.0,
        "Selling General And Administration": 5267000.0,
        "General And Administrative Expense": 5267000.0,
        "Other Gand A": 4045000.0,
        "Salaries And Wages": 1222000.0,
        "Total Revenue": 0.0,
        "Operating Revenue": 0.0
    },
    "2022-12-31": {
        "Tax Effect Of Unusual Items": 0.0,
        "Tax Rate For Calcs": 0.0,
        "Normalized EBITDA": -10305000.0,
        "Total Unusual Items": 2000.0,
        "Total Unusual Items Excluding Goodwill": 2000.0,
        "Net Income From Continuing Operation Net Minority Interest": -10000000.0,
        "Reconciled Depreciation": 100000.0,
        "EBITDA": -10303000.0,
        "EBIT": -10403000.0,
        "Net Interest Income": 401000.0,
        "Interest Income": 401000.0,
        "Normalized Income": -10002000.0,
        "Net Income From Continuing And Discontinued Operation": -10000000.0,
        "Total Expenses": 10403000.0,
        "Diluted Average Shares": NaN,
        "Basic Average Shares": NaN,
        "Diluted EPS": NaN,
        "Basic EPS": NaN,
        "Diluted NI Availto Com Stockholders": -10000000.0,
        "Net Income Common Stockholders": -10000000.0,
        "Net Income": -10000000.0,
        "Net Income Including Noncontrolling Interests": -10000000.0,
        "Net Income Continuous Operations": -10000000.0,
        "Pretax Income": -10000000.0,
        "Other Income Expense": 2000.0,
        "Gain On Sale Of Security": 2000.0,
        "Net Non Operating Interest Income Expense": 401000.0,
        "Interest Income Non Operating": 401000.0,
        "Operating Income": -10403000.0,
        "Operating Expense": 10403000.0,
        "Depreciation Amortization Depletion Income Statement": 18000.0,
        "Depreciation And Amortization In Income Statement": 18000.0,
        "Depreciation Income Statement": 18000.0,
        "Research And Development": 6776000.0,
        "Selling General And Administration": 3609000.0,
        "General And Administrative Expense": 3609000.0,
        "Other Gand A": 3043000.0,
        "Salaries And Wages": 566000.0,
        "Total Revenue": 0.0,
        "Operating Revenue": 0.0
    },
    "2022-09-30": {
        "Tax Effect Of Unusual Items": 0.0,
        "Tax Rate For Calcs": 0.0,
        "Normalized EBITDA": -9880000.0,
        "Total Unusual Items": -5000.0,
        "Total Unusual Items Excluding Goodwill": -5000.0,
        "Net Income From Continuing Operation Net Minority Interest": -9777000.0,
        "Reconciled Depreciation": 141000.0,
        "EBITDA": -9885000.0,
        "EBIT": -10026000.0,
        "Net Interest Income": 254000.0,
        "Interest Income": 254000.0,
        "Normalized Income": -9772000.0,
        "Net Income From Continuing And Discontinued Operation": -9777000.0,
        "Total Expenses": 10026000.0,
        "Diluted Average Shares": 6153000.0,
        "Basic Average Shares": 6153000.0,
        "Diluted EPS": -1.59,
        "Basic EPS": -1.59,
        "Diluted NI Availto Com Stockholders": -9777000.0,
        "Net Income Common Stockholders": -9777000.0,
        "Net Income": -9777000.0,
        "Net Income Including Noncontrolling Interests": -9777000.0,
        "Net Income Continuous Operations": -9777000.0,
        "Pretax Income": -9777000.0,
        "Other Income Expense": -5000.0,
        "Other Non Operating Income Expenses": NaN,
        "Gain On Sale Of Security": -5000.0,
        "Net Non Operating Interest Income Expense": 254000.0,
        "Interest Income Non Operating": 254000.0,
        "Operating Income": -10026000.0,
        "Operating Expense": 10026000.0,
        "Depreciation Amortization Depletion Income Statement": 24000.0,
        "Depreciation And Amortization In Income Statement": 24000.0,
        "Depreciation Income Statement": 24000.0,
        "Research And Development": 6578000.0,
        "Selling General And Administration": 3424000.0,
        "General And Administrative Expense": 3424000.0,
        "Other Gand A": 2811000.0,
        "Salaries And Wages": 613000.0,
        "Total Revenue": 0.0,
        "Operating Revenue": 0.0
    },
    "2022-06-30": {
        "Tax Effect Of Unusual Items": 0.0,
        "Tax Rate For Calcs": 0.0,
        "Normalized EBITDA": -10529000.0,
        "Total Unusual Items": -3000.0,
        "Total Unusual Items Excluding Goodwill": -3000.0,
        "Net Income From Continuing Operation Net Minority Interest": -10565000.0,
        "Reconciled Depreciation": 141000.0,
        "EBITDA": -10532000.0,
        "EBIT": -10673000.0,
        "Net Interest Income": 111000.0,
        "Interest Income": 111000.0,
        "Normalized Income": -10562000.0,
        "Net Income From Continuing And Discontinued Operation": -10565000.0,
        "Total Expenses": 10673000.0,
        "Diluted Average Shares": 6150000.0,
        "Basic Average Shares": 6150000.0,
        "Diluted EPS": -1.72,
        "Basic EPS": -1.72,
        "Diluted NI Availto Com Stockholders": -10565000.0,
        "Net Income Common Stockholders": -10565000.0,
        "Net Income": -10565000.0,
        "Net Income Including Noncontrolling Interests": -10565000.0,
        "Net Income Continuous Operations": -10565000.0,
        "Pretax Income": -10565000.0,
        "Other Income Expense": -3000.0,
        "Other Non Operating Income Expenses": NaN,
        "Gain On Sale Of Security": -3000.0,
        "Net Non Operating Interest Income Expense": 111000.0,
        "Interest Income Non Operating": 111000.0,
        "Operating Income": -10673000.0,
        "Operating Expense": 10673000.0,
        "Depreciation Amortization Depletion Income Statement": 21000.0,
        "Depreciation And Amortization In Income Statement": 21000.0,
        "Depreciation Income Statement": 21000.0,
        "Research And Development": 7341000.0,
        "Selling General And Administration": 3311000.0,
        "General And Administrative Expense": 3311000.0,
        "Other Gand A": 3069000.0,
        "Salaries And Wages": 242000.0,
        "Total Revenue": 0.0,
        "Operating Revenue": 0.0
    },
    "2022-03-31": {
        "Diluted EPS": -1.8,
        "Total Revenue": NaN,
        "Gross Profit": NaN,
        "Operating Income": -12,
        "EBIT": -11,
        "Net Income": -11
    },
    "2021-12-31": {
        "Diluted EPS": -4.05,
        "Total Revenue": NaN,
        "Gross Profit": NaN,
        "Operating Income": -24,
        "EBIT": -24,
        "Net Income": -24
    },
    "2021-09-30": {
        "Diluted EPS": -1.95,
        "Total Revenue": NaN,
        "Gross Profit": NaN,
        "Operating Income": -11,
        "EBIT": -11,
        "Net Income": -11
    },
    "2021-06-30": {
        "Diluted EPS": -2.25,
        "Total Revenue": NaN,
        "Gross Profit": NaN,
        "Operating Income": -13,
        "EBIT": -13,
        "Net Income": -13
    },
    "2021-03-31": {
        "Diluted EPS": -2.7,
        "Total Revenue": NaN,
        "Gross Profit": NaN,
        "Operating Income": -16,
        "EBIT": -16,
        "Net Income": -16
    },
    "2020-12-31": {
        "Diluted EPS": -2.4,
        "Total Revenue": NaN,
        "Gross Profit": NaN,
        "Operating Income": -15,
        "EBIT": -15,
        "Net Income": -15
    },
    "2020-09-30": {
        "Diluted EPS": -2.25,
        "Total Revenue": NaN,
        "Gross Profit": NaN,
        "Operating Income": -13,
        "EBIT": -13,
        "Net Income": -13
    },
    "2020-06-30": {
        "Diluted EPS": -3.15,
        "Total Revenue": NaN,
        "Gross Profit": NaN,
        "Operating Income": -16,
        "EBIT": -16,
        "Net Income": -16
    },
    "2020-03-31": {
        "Diluted EPS": -2.25,
        "Total Revenue": NaN,
        "Gross Profit": NaN,
        "Operating Income": -12,
        "EBIT": -12,
        "Net Income": -12
    },
    "2019-12-31": {
        "Diluted EPS": -1.95,
        "Total Revenue": NaN,
        "Gross Profit": NaN,
        "Operating Income": -8,
        "EBIT": -8,
        "Net Income": -8
    },
    "2019-09-30": {
        "Diluted EPS": -1.8,
        "Total Revenue": NaN,
        "Gross Profit": NaN,
        "Operating Income": -7,
        "EBIT": -7,
        "Net Income": -7
    },
    "2019-06-30": {
        "Diluted EPS": -1.95,
        "Total Revenue": NaN,
        "Gross Profit": NaN,
        "Operating Income": -6,
        "EBIT": -6,
        "Net Income": -6
    },
    "2019-03-31": {
        "Diluted EPS": -2.1,
        "Total Revenue": NaN,
        "Gross Profit": NaN,
        "Operating Income": -6,
        "EBIT": -5,
        "Net Income": -6
    },
    "2018-12-31": {
        "Diluted EPS": -2.55,
        "Total Revenue": NaN,
        "Gross Profit": NaN,
        "Operating Income": -6,
        "EBIT": -6,
        "Net Income": -6
    },
    "2018-09-30": {
        "Diluted EPS": -2.4,
        "Total Revenue": NaN,
        "Gross Profit": NaN,
        "Operating Income": -6,
        "EBIT": -6,
        "Net Income": -6
    },
    "2018-06-30": {
        "Diluted EPS": -4.5,
        "Total Revenue": NaN,
        "Gross Profit": NaN,
        "Operating Income": -10,
        "EBIT": -10,
        "Net Income": -10
    },
    "2018-03-31": {
        "Diluted EPS": -3.45,
        "Total Revenue": NaN,
        "Gross Profit": NaN,
        "Operating Income": -7,
        "EBIT": -7,
        "Net Income": -7
    },
    "2017-12-31": {
        "Diluted EPS": -1.65,
        "Total Revenue": NaN,
        "Gross Profit": NaN,
        "Operating Income": -3,
        "EBIT": -3,
        "Net Income": -3
    },
    "2017-09-30": {
        "Diluted EPS": -1.65,
        "Total Revenue": NaN,
        "Gross Profit": NaN,
        "Operating Income": -3,
        "EBIT": -3,
        "Net Income": -3
    },
    "2017-06-30": {
        "Diluted EPS": -1.65,
        "Total Revenue": NaN,
        "Gross Profit": NaN,
        "Operating Income": -2,
        "EBIT": -2,
        "Net Income": -2
    },
    "2017-03-31": {
        "Diluted EPS": -2.85,
        "Total Revenue": NaN,
        "Gross Profit": NaN,
        "Operating Income": -3,
        "EBIT": -3,
        "Net Income": -3
    },
    "2016-12-31": {
        "Diluted EPS": -3.29,
        "Total Revenue": NaN,
        "Gross Profit": NaN,
        "Operating Income": -3,
        "EBIT": -3,
        "Net Income": -3
    },
    "2016-09-30": {
        "Diluted EPS": -3.57,
        "Total Revenue": NaN,
        "Gross Profit": NaN,
        "Operating Income": -3,
        "EBIT": -3,
        "Net Income": -3
    },
    "2016-06-30": {
        "Diluted EPS": -5.35,
        "Total Revenue": NaN,
        "Gross Profit": NaN,
        "Operating Income": -4,
        "EBIT": -4,
        "Net Income": -4
    },
    "2016-03-31": {
        "Diluted EPS": -4.59,
        "Total Revenue": NaN,
        "Gross Profit": NaN,
        "Operating Income": -4,
        "EBIT": -4,
        "Net Income": -4
    },
    "2015-12-31": {
        "Diluted EPS": -4.35,
        "Total Revenue": NaN,
        "Gross Profit": NaN,
        "Operating Income": -4,
        "EBIT": -4,
        "Net Income": -3
    },
    "2015-09-30": {
        "Diluted EPS": -3.15,
        "Total Revenue": NaN,
        "Gross Profit": NaN,
        "Operating Income": -3,
        "EBIT": -3,
        "Net Income": -2
    },
    "2015-06-30": {
        "Diluted EPS": -3.3,
        "Total Revenue": NaN,
        "Gross Profit": NaN,
        "Operating Income": -3,
        "EBIT": -3,
        "Net Income": -3
    },
    "2015-03-31": {
        "Diluted EPS": -3.75,
        "Total Revenue": NaN,
        "Gross Profit": NaN,
        "Operating Income": -3,
        "EBIT": -3,
        "Net Income": -3
    },
    "2014-12-31": {
        "Diluted EPS": -3.75,
        "Total Revenue": NaN,
        "Gross Profit": NaN,
        "Operating Income": NaN,
        "EBIT": NaN,
        "Net Income": -3
    },
    "2014-09-30": {
        "Diluted EPS": -4.8,
        "Total Revenue": NaN,
        "Gross Profit": NaN,
        "Operating Income": NaN,
        "EBIT": NaN,
        "Net Income": -4
    },
    "2014-06-30": {
        "Diluted EPS": -7.2,
        "Total Revenue": NaN,
        "Gross Profit": NaN,
        "Operating Income": NaN,
        "EBIT": NaN,
        "Net Income": -4
    },
    "2014-03-31": {
        "Diluted EPS": -7.2,
        "Total Revenue": NaN,
        "Gross Profit": NaN,
        "Operating Income": -2,
        "EBIT": -2,
        "Net Income": -2
    },
    "2013-12-31": {
        "Diluted EPS": -10.8,
        "Total Revenue": NaN,
        "Gross Profit": NaN,
        "Operating Income": -3,
        "EBIT": -3,
        "Net Income": -3
    },
    "2013-09-30": {
        "Diluted EPS": -5.4,
        "Total Revenue": NaN,
        "Gross Profit": NaN,
        "Operating Income": -1,
        "EBIT": -1,
        "Net Income": -1
    },
    "2013-06-30": {
        "Diluted EPS": -5.4,
        "Total Revenue": NaN,
        "Gross Profit": NaN,
        "Operating Income": NaN,
        "EBIT": 0,
        "Net Income": -1
    },
    "2013-05-31": {
        "Diluted EPS": 0.0,
        "Total Revenue": NaN,
        "Gross Profit": NaN,
        "Operating Income": NaN,
        "EBIT": NaN,
        "Net Income": NaN
    },
    "2013-03-31": {
        "Diluted EPS": -5.4,
        "Total Revenue": NaN,
        "Gross Profit": NaN,
        "Operating Income": -1,
        "EBIT": -1,
        "Net Income": -1
    },
    "2012-12-31": {
        "Diluted EPS": -7.2,
        "Total Revenue": NaN,
        "Gross Profit": NaN,
        "Operating Income": -2,
        "EBIT": -2,
        "Net Income": -2
    },
    "2012-09-30": {
        "Diluted EPS": -5.4,
        "Total Revenue": NaN,
        "Gross Profit": NaN,
        "Operating Income": -1,
        "EBIT": -1,
        "Net Income": -1
    },
    "2012-06-30": {
        "Diluted EPS": 9.0,
        "Total Revenue": NaN,
        "Gross Profit": NaN,
        "Operating Income": NaN,
        "EBIT": 0,
        "Net Income": 1
    },
    "2012-05-31": {
        "Diluted EPS": 0.0,
        "Total Revenue": NaN,
        "Gross Profit": NaN,
        "Operating Income": NaN,
        "EBIT": NaN,
        "Net Income": NaN
    },
    "2012-03-31": {
        "Diluted EPS": -9.0,
        "Total Revenue": NaN,
        "Gross Profit": NaN,
        "Operating Income": -1,
        "EBIT": -1,
        "Net Income": -1
    },
    "2011-12-31": {
        "Diluted EPS": -12.6,
        "Total Revenue": NaN,
        "Gross Profit": NaN,
        "Operating Income": -1,
        "EBIT": -1,
        "Net Income": -1
    },
    "2011-09-30": {
        "Diluted EPS": -10.8,
        "Total Revenue": NaN,
        "Gross Profit": NaN,
        "Operating Income": -1,
        "EBIT": -1,
        "Net Income": -1
    },
    "2011-06-30": {
        "Diluted EPS": -10.8,
        "Total Revenue": NaN,
        "Gross Profit": NaN,
        "Operating Income": NaN,
        "EBIT": 0,
        "Net Income": -1
    },
    "2011-05-31": {
        "Diluted EPS": 0.0,
        "Total Revenue": NaN,
        "Gross Profit": NaN,
        "Operating Income": NaN,
        "EBIT": NaN,
        "Net Income": NaN
    },
    "2011-03-31": {
        "Diluted EPS": -18.0,
        "Total Revenue": NaN,
        "Gross Profit": NaN,
        "Operating Income": -2,
        "EBIT": -2,
        "Net Income": -2
    },
    "2010-12-31": {
        "Diluted EPS": -19.8,
        "Total Revenue": NaN,
        "Gross Profit": NaN,
        "Operating Income": -1,
        "EBIT": -1,
        "Net Income": -1
    },
    "2010-09-30": {
        "Diluted EPS": -21.6,
        "Total Revenue": NaN,
        "Gross Profit": NaN,
        "Operating Income": -1,
        "EBIT": -1,
        "Net Income": -1
    },
    "2010-06-30": {
        "Diluted EPS": -32.4,
        "Total Revenue": NaN,
        "Gross Profit": NaN,
        "Operating Income": NaN,
        "EBIT": 0,
        "Net Income": -2
    },
    "2010-03-31": {
        "Diluted EPS": 0.0,
        "Total Revenue": 0,
        "Gross Profit": 0,
        "Operating Income": -1,
        "EBIT": -1,
        "Net Income": -1
    },
    "2009-12-31": {
        "Diluted EPS": -50.4,
        "Total Revenue": 0,
        "Gross Profit": 0,
        "Operating Income": -1,
        "EBIT": -1,
        "Net Income": -1
    },
    "2009-09-30": {
        "Diluted EPS": 196.18,
        "Total Revenue": 0,
        "Gross Profit": 0,
        "Operating Income": -1,
        "EBIT": -1,
        "Net Income": 9
    },
    "2009-06-30": {
        "Diluted EPS": -43.2,
        "Total Revenue": 0,
        "Gross Profit": 0,
        "Operating Income": 0,
        "EBIT": 0,
        "Net Income": -2
    },
    "2009-03-31": {
        "Diluted EPS": -43.2,
        "Total Revenue": 0,
        "Gross Profit": 0,
        "Operating Income": -2,
        "EBIT": -1,
        "Net Income": -2
    },
    "2023-06-30": {
        "Tax Effect Of Unusual Items": 0.0,
        "Tax Rate For Calcs": 0.0,
        "Normalized EBITDA": -14335000.0,
        "Total Unusual Items": -3000.0,
        "Total Unusual Items Excluding Goodwill": -3000.0,
        "Net Income From Continuing Operation Net Minority Interest": -14129000.0,
        "Reconciled Depreciation": 114000.0,
        "EBITDA": -14338000.0,
        "EBIT": -14452000.0,
        "Net Interest Income": 326000.0,
        "Interest Income": 326000.0,
        "Normalized Income": -14126000.0,
        "Net Income From Continuing And Discontinued Operation": -14129000.0,
        "Total Expenses": 14452000.0,
        "Diluted Average Shares": 6234000.0,
        "Basic Average Shares": 6234000.0,
        "Diluted EPS": -2.27,
        "Basic EPS": -2.27,
        "Diluted NI Availto Com Stockholders": -14129000.0,
        "Net Income Common Stockholders": -14129000.0,
        "Net Income": -14129000.0,
        "Net Income Including Noncontrolling Interests": -14129000.0,
        "Net Income Continuous Operations": -14129000.0,
        "Pretax Income": -14129000.0,
        "Other Income Expense": -3000.0,
        "Gain On Sale Of Security": -3000.0,
        "Net Non Operating Interest Income Expense": 326000.0,
        "Interest Income Non Operating": 326000.0,
        "Operating Income": -14452000.0,
        "Operating Expense": 14452000.0,
        "Depreciation Amortization Depletion Income Statement": 12000.0,
        "Depreciation And Amortization In Income Statement": 12000.0,
        "Depreciation Income Statement": 12000.0,
        "Research And Development": 10582000.0,
        "Selling General And Administration": 3858000.0,
        "General And Administrative Expense": 3858000.0,
        "Other Gand A": 3360000.0,
        "Salaries And Wages": 498000.0,
        "Total Revenue": 0.0,
        "Operating Revenue": 0.0
    },
    "2023-09-30": {
        "Tax Effect Of Unusual Items": 0.0,
        "Tax Rate For Calcs": 0.0,
        "Normalized EBITDA": -11572000.0,
        "Total Unusual Items": 2000.0,
        "Total Unusual Items Excluding Goodwill": 2000.0,
        "Net Income From Continuing Operation Net Minority Interest": -11447000.0,
        "Reconciled Depreciation": 111000.0,
        "EBITDA": -11570000.0,
        "EBIT": -11681000.0,
        "Net Interest Income": 232000.0,
        "Interest Income": 232000.0,
        "Normalized Income": -11449000.0,
        "Net Income From Continuing And Discontinued Operation": -11447000.0,
        "Total Expenses": 11681000.0,
        "Diluted Average Shares": 6495000.0,
        "Basic Average Shares": 6495000.0,
        "Diluted EPS": -1.76,
        "Basic EPS": -1.76,
        "Diluted NI Availto Com Stockholders": -11447000.0,
        "Net Income Common Stockholders": -11447000.0,
        "Net Income": -11447000.0,
        "Net Income Including Noncontrolling Interests": -11447000.0,
        "Net Income Continuous Operations": -11447000.0,
        "Pretax Income": -11447000.0,
        "Other Income Expense": 2000.0,
        "Gain On Sale Of Security": 2000.0,
        "Net Non Operating Interest Income Expense": 232000.0,
        "Interest Income Non Operating": 232000.0,
        "Operating Income": -11681000.0,
        "Operating Expense": 11681000.0,
        "Depreciation Amortization Depletion Income Statement": 10000.0,
        "Depreciation And Amortization In Income Statement": 10000.0,
        "Depreciation Income Statement": 10000.0,
        "Research And Development": 8256000.0,
        "Selling General And Administration": 3415000.0,
        "General And Administrative Expense": 3415000.0,
        "Other Gand A": 3075000.0,
        "Salaries And Wages": 340000.0,
        "Total Revenue": 0.0,
        "Operating Revenue": 0.0
    },
    "2023-12-31": {
        "Tax Effect Of Unusual Items": 0.0,
        "Tax Rate For Calcs": 0.0,
        "Normalized EBITDA": -12018000.0,
        "Total Unusual Items": 1000.0,
        "Total Unusual Items Excluding Goodwill": 1000.0,
        "Net Income From Continuing Operation Net Minority Interest": -11955000.0,
        "Reconciled Depreciation": 110000.0,
        "EBITDA": -12017000.0,
        "EBIT": -12127000.0,
        "Net Interest Income": 171000.0,
        "Interest Income": 171000.0,
        "Normalized Income": -11956000.0,
        "Net Income From Continuing And Discontinued Operation": -11955000.0,
        "Total Expenses": 12127000.0,
        "Diluted Average Shares": NaN,
        "Basic Average Shares": NaN,
        "Diluted EPS": NaN,
        "Basic EPS": NaN,
        "Diluted NI Availto Com Stockholders": -11955000.0,
        "Net Income Common Stockholders": -11955000.0,
        "Net Income": -11955000.0,
        "Net Income Including Noncontrolling Interests": -11955000.0,
        "Net Income Continuous Operations": -11955000.0,
        "Pretax Income": -11955000.0,
        "Other Income Expense": 1000.0,
        "Gain On Sale Of Security": 1000.0,
        "Net Non Operating Interest Income Expense": 171000.0,
        "Interest Income Non Operating": 171000.0,
        "Operating Income": -12127000.0,
        "Operating Expense": 12127000.0,
        "Depreciation Amortization Depletion Income Statement": 8000.0,
        "Depreciation And Amortization In Income Statement": 8000.0,
        "Depreciation Income Statement": 8000.0,
        "Research And Development": 9116000.0,
        "Selling General And Administration": 3003000.0,
        "General And Administrative Expense": 3003000.0,
        "Other Gand A": 2783000.0,
        "Salaries And Wages": 220000.0,
        "Total Revenue": 0.0,
        "Operating Revenue": 0.0
    }
}