{
    "2023-03-31": {
        "Tax Effect Of Unusual Items": NaN,
        "Tax Rate For Calcs": NaN,
        "Normalized EBITDA": NaN,
        "Total Unusual Items": NaN,
        "Total Unusual Items Excluding Goodwill": NaN,
        "Net Income From Continuing Operation Net Minority Interest": NaN,
        "Reconciled Depreciation": NaN,
        "Reconciled Cost Of Revenue": NaN,
        "EBITDA": NaN,
        "EBIT": NaN,
        "Net Interest Income": NaN,
        "Interest Expense": NaN,
        "Interest Income": NaN,
        "Normalized Income": NaN,
        "Net Income From Continuing And Discontinued Operation": NaN,
        "Total Expenses": NaN,
        "Total Operating Income As Reported": NaN,
        "Diluted Average Shares": NaN,
        "Basic Average Shares": NaN,
        "Diluted EPS": NaN,
        "Basic EPS": NaN,
        "Diluted NI Availto Com Stockholders": NaN,
        "Net Income Common Stockholders": NaN,
        "Preferred Stock Dividends": 16000000.0,
        "Net Income": NaN,
        "Minority Interests": NaN,
        "Net Income Including Noncontrolling Interests": NaN,
        "Net Income Continuous Operations": NaN,
        "Earnings From Equity Interest Net Of Tax": NaN,
        "Tax Provision": NaN,
        "Pretax Income": NaN,
        "Other Income Expense": NaN,
        "Other Non Operating Income Expenses": NaN,
        "Special Income Charges": NaN,
        "Other Special Charges": NaN,
        "Write Off": NaN,
        "Restructuring And Mergern Acquisition": NaN,
        "Gain On Sale Of Security": NaN,
        "Net Non Operating Interest Income Expense": NaN,
        "Interest Expense Non Operating": NaN,
        "Interest Income Non Operating": NaN,
        "Operating Income": NaN,
        "Operating Expense": NaN,
        "Depreciation Amortization Depletion Income Statement": NaN,
        "Depreciation And Amortization In Income Statement": NaN,
        "Amortization": NaN,
        "Amortization Of Intangibles Income Statement": NaN,
        "Selling General And Administration": NaN,
        "Gross Profit": NaN,
        "Cost Of Revenue": NaN,
        "Total Revenue": NaN,
        "Operating Revenue": NaN
    },
    "2022-12-31": {
        "Tax Effect Of Unusual Items": NaN,
        "Tax Rate For Calcs": NaN,
        "Normalized EBITDA": NaN,
        "Total Unusual Items": NaN,
        "Total Unusual Items Excluding Goodwill": NaN,
        "Net Income From Continuing Operation Net Minority Interest": NaN,
        "Reconciled Depreciation": NaN,
        "Reconciled Cost Of Revenue": NaN,
        "EBITDA": NaN,
        "EBIT": NaN,
        "Net Interest Income": NaN,
        "Interest Expense": NaN,
        "Interest Income": NaN,
        "Normalized Income": NaN,
        "Net Income From Continuing And Discontinued Operation": NaN,
        "Total Expenses": NaN,
        "Total Operating Income As Reported": NaN,
        "Diluted Average Shares": NaN,
        "Basic Average Shares": NaN,
        "Diluted EPS": NaN,
        "Basic EPS": NaN,
        "Diluted NI Availto Com Stockholders": NaN,
        "Net Income Common Stockholders": NaN,
        "Preferred Stock Dividends": 16000000.0,
        "Net Income": NaN,
        "Minority Interests": NaN,
        "Net Income Including Noncontrolling Interests": NaN,
        "Net Income Continuous Operations": NaN,
        "Earnings From Equity Interest Net Of Tax": NaN,
        "Tax Provision": NaN,
        "Pretax Income": NaN,
        "Other Income Expense": NaN,
        "Other Non Operating Income Expenses": NaN,
        "Special Income Charges": NaN,
        "Other Special Charges": NaN,
        "Write Off": NaN,
        "Restructuring And Mergern Acquisition": NaN,
        "Gain On Sale Of Security": NaN,
        "Net Non Operating Interest Income Expense": NaN,
        "Interest Expense Non Operating": NaN,
        "Interest Income Non Operating": NaN,
        "Operating Income": NaN,
        "Operating Expense": NaN,
        "Depreciation Amortization Depletion Income Statement": NaN,
        "Depreciation And Amortization In Income Statement": NaN,
        "Amortization": NaN,
        "Amortization Of Intangibles Income Statement": NaN,
        "Selling General And Administration": NaN,
        "Gross Profit": NaN,
        "Cost Of Revenue": NaN,
        "Total Revenue": NaN,
        "Operating Revenue": NaN
    },
    "2022-09-30": {
        "Tax Effect Of Unusual Items": NaN,
        "Tax Rate For Calcs": NaN,
        "Normalized EBITDA": NaN,
        "Total Unusual Items": NaN,
        "Total Unusual Items Excluding Goodwill": NaN,
        "Net Income From Continuing Operation Net Minority Interest": NaN,
        "Reconciled Depreciation": NaN,
        "Reconciled Cost Of Revenue": NaN,
        "EBITDA": NaN,
        "EBIT": NaN,
        "Net Interest Income": NaN,
        "Interest Expense": NaN,
        "Interest Income": NaN,
        "Normalized Income": NaN,
        "Net Income From Continuing And Discontinued Operation": NaN,
        "Total Expenses": NaN,
        "Total Operating Income As Reported": NaN,
        "Diluted Average Shares": NaN,
        "Basic Average Shares": NaN,
        "Diluted EPS": NaN,
        "Basic EPS": NaN,
        "Diluted NI Availto Com Stockholders": NaN,
        "Net Income Common Stockholders": NaN,
        "Preferred Stock Dividends": 15000000.0,
        "Net Income": NaN,
        "Minority Interests": NaN,
        "Net Income Including Noncontrolling Interests": NaN,
        "Net Income Continuous Operations": NaN,
        "Earnings From Equity Interest Net Of Tax": NaN,
        "Tax Provision": NaN,
        "Pretax Income": NaN,
        "Other Income Expense": NaN,
        "Other Non Operating Income Expenses": NaN,
        "Special Income Charges": NaN,
        "Write Off": 0.0,
        "Restructuring And Mergern Acquisition": NaN,
        "Gain On Sale Of Security": NaN,
        "Net Non Operating Interest Income Expense": NaN,
        "Interest Expense Non Operating": NaN,
        "Interest Income Non Operating": NaN,
        "Operating Income": NaN,
        "Operating Expense": NaN,
        "Depreciation Amortization Depletion Income Statement": NaN,
        "Depreciation And Amortization In Income Statement": NaN,
        "Amortization": NaN,
        "Amortization Of Intangibles Income Statement": NaN,
        "Selling General And Administration": NaN,
        "Gross Profit": NaN,
        "Cost Of Revenue": NaN,
        "Total Revenue": NaN,
        "Operating Revenue": NaN
    },
    "2022-06-30": {
        "Tax Effect Of Unusual Items": -15200000.0,
        "Tax Rate For Calcs": 0.4,
        "Normalized EBITDA": 303000000.0,
        "Total Unusual Items": -38000000.0,
        "Total Unusual Items Excluding Goodwill": -38000000.0,
        "Net Income From Continuing Operation Net Minority Interest": -45000000.0,
        "Reconciled Depreciation": 193000000.0,
        "Reconciled Cost Of Revenue": 3462000000.0,
        "EBITDA": 265000000.0,
        "EBIT": 72000000.0,
        "Net Interest Income": -49000000.0,
        "Interest Expense": 56000000.0,
        "Interest Income": 7000000.0,
        "Normalized Income": -22200000.0,
        "Net Income From Continuing And Discontinued Operation": -45000000.0,
        "Total Expenses": 3941000000.0,
        "Total Operating Income As Reported": 97000000.0,
        "Diluted Average Shares": 270930000.0,
        "Basic Average Shares": 270930000.0,
        "Diluted EPS": -0.23,
        "Basic EPS": -0.23,
        "Diluted NI Availto Com Stockholders": -61000000.0,
        "Net Income Common Stockholders": -61000000.0,
        "Preferred Stock Dividends": 16000000.0,
        "Net Income": -45000000.0,
        "Minority Interests": 27000000.0,
        "Net Income Including Noncontrolling Interests": -72000000.0,
        "Net Income Continuous Operations": -72000000.0,
        "Earnings From Equity Interest Net Of Tax": -72000000.0,
        "Tax Provision": 16000000.0,
        "Pretax Income": 16000000.0,
        "Other Income Expense": -51000000.0,
        "Other Non Operating Income Expenses": -13000000.0,
        "Special Income Charges": -21000000.0,
        "Write Off": NaN,
        "Restructuring And Mergern Acquisition": 21000000.0,
        "Gain On Sale Of Security": -17000000.0,
        "Net Non Operating Interest Income Expense": -49000000.0,
        "Interest Expense Non Operating": 56000000.0,
        "Interest Income Non Operating": 7000000.0,
        "Operating Income": 116000000.0,
        "Operating Expense": 324000000.0,
        "Depreciation Amortization Depletion Income Statement": 38000000.0,
        "Depreciation And Amortization In Income Statement": 38000000.0,
        "Amortization": 38000000.0,
        "Amortization Of Intangibles Income Statement": 38000000.0,
        "Selling General And Administration": 286000000.0,
        "Gross Profit": 440000000.0,
        "Cost Of Revenue": 3617000000.0,
        "Total Revenue": 4057000000.0,
        "Operating Revenue": 4057000000.0
    },
    "2023-06-30": {
        "Tax Effect Of Unusual Items": NaN,
        "Tax Rate For Calcs": NaN,
        "Normalized EBITDA": NaN,
        "Total Unusual Items": NaN,
        "Total Unusual Items Excluding Goodwill": NaN,
        "Net Income From Continuing Operation Net Minority Interest": NaN,
        "Reconciled Depreciation": NaN,
        "Reconciled Cost Of Revenue": NaN,
        "EBITDA": NaN,
        "EBIT": NaN,
        "Net Interest Income": NaN,
        "Interest Expense": NaN,
        "Interest Income": NaN,
        "Normalized Income": NaN,
        "Net Income From Continuing And Discontinued Operation": NaN,
        "Total Expenses": NaN,
        "Total Operating Income As Reported": NaN,
        "Diluted Average Shares": 272770000.0,
        "Basic Average Shares": 272690000.0,
        "Diluted EPS": 0.84,
        "Basic EPS": 0.84,
        "Diluted NI Availto Com Stockholders": NaN,
        "Net Income Common Stockholders": NaN,
        "Preferred Stock Dividends": 13000000.0,
        "Net Income": NaN,
        "Minority Interests": NaN,
        "Net Income Including Noncontrolling Interests": NaN,
        "Net Income Continuous Operations": NaN,
        "Earnings From Equity Interest Net Of Tax": NaN,
        "Tax Provision": NaN,
        "Pretax Income": NaN,
        "Other Income Expense": NaN,
        "Other Non Operating Income Expenses": NaN,
        "Special Income Charges": NaN,
        "Other Special Charges": NaN,
        "Write Off": NaN,
        "Restructuring And Mergern Acquisition": NaN,
        "Gain On Sale Of Security": -3000000.0,
        "Net Non Operating Interest Income Expense": NaN,
        "Interest Expense Non Operating": NaN,
        "Interest Income Non Operating": NaN,
        "Operating Income": NaN,
        "Operating Expense": NaN,
        "Depreciation Amortization Depletion Income Statement": NaN,
        "Depreciation And Amortization In Income Statement": NaN,
        "Amortization": NaN,
        "Amortization Of Intangibles Income Statement": NaN,
        "Selling General And Administration": NaN,
        "Gross Profit": NaN,
        "Cost Of Revenue": NaN,
        "Total Revenue": NaN,
        "Operating Revenue": NaN
    },
    "2022-03-31": {
        "Diluted EPS": 0.27,
        "Total Revenue": NaN,
        "Gross Profit": 589,
        "Operating Income": 256,
        "EBIT": 449,
        "Net Income": 73
    },
    "2021-12-31": {
        "Diluted EPS": 0.05,
        "Total Revenue": NaN,
        "Gross Profit": 591,
        "Operating Income": 260,
        "EBIT": 451,
        "Net Income": 15
    },
    "2021-09-30": {
        "Diluted EPS": 0.32,
        "Total Revenue": NaN,
        "Gross Profit": 516,
        "Operating Income": 215,
        "EBIT": 409,
        "Net Income": 86
    },
    "2021-06-30": {
        "Diluted EPS": 0.54,
        "Total Revenue": NaN,
        "Gross Profit": 602,
        "Operating Income": 285,
        "EBIT": 485,
        "Net Income": 147
    },
    "2021-03-31": {
        "Diluted EPS": 1.03,
        "Total Revenue": NaN,
        "Gross Profit": 727,
        "Operating Income": 429,
        "EBIT": 625,
        "Net Income": 279
    },
    "2020-12-31": {
        "Diluted EPS": 0.9,
        "Total Revenue": NaN,
        "Gross Profit": 779,
        "Operating Income": 446,
        "EBIT": 656,
        "Net Income": 283
    },
    "2020-09-30": {
        "Diluted EPS": 1.05,
        "Total Revenue": NaN,
        "Gross Profit": 647,
        "Operating Income": 364,
        "EBIT": 559,
        "Net Income": 283
    },
    "2020-06-30": {
        "Diluted EPS": -1.43,
        "Total Revenue": NaN,
        "Gross Profit": 13,
        "Operating Income": -311,
        "EBIT": -124,
        "Net Income": -369
    },
    "2020-03-31": {
        "Diluted EPS": 6.14,
        "Total Revenue": NaN,
        "Gross Profit": 501,
        "Operating Income": NaN,
        "EBIT": NaN,
        "Net Income": NaN
    },
    "2019-12-31": {
        "Diluted EPS": 0.9,
        "Total Revenue": NaN,
        "Gross Profit": 687,
        "Operating Income": 324,
        "EBIT": 504,
        "Net Income": 230
    },
    "2019-09-30": {
        "Diluted EPS": 0.96,
        "Total Revenue": NaN,
        "Gross Profit": 677,
        "Operating Income": 320,
        "EBIT": 499,
        "Net Income": 246
    },
    "2019-06-30": {
        "Diluted EPS": 1.07,
        "Total Revenue": NaN,
        "Gross Profit": 669,
        "Operating Income": 335,
        "EBIT": 524,
        "Net Income": 274
    },
    "2019-03-31": {
        "Diluted EPS": 0.92,
        "Total Revenue": NaN,
        "Gross Profit": 613,
        "Operating Income": 297,
        "EBIT": 472,
        "Net Income": 240
    },
    "2018-12-31": {
        "Diluted EPS": 0.93,
        "Total Revenue": NaN,
        "Gross Profit": 669,
        "Operating Income": 355,
        "EBIT": 559,
        "Net Income": 247
    },
    "2018-09-30": {
        "Diluted EPS": 0.84,
        "Total Revenue": NaN,
        "Gross Profit": 651,
        "Operating Income": 323,
        "EBIT": 487,
        "Net Income": 222
    },
    "2018-06-30": {
        "Diluted EPS": 1.1,
        "Total Revenue": NaN,
        "Gross Profit": 726,
        "Operating Income": 421,
        "EBIT": 579,
        "Net Income": 291
    },
    "2018-03-31": {
        "Diluted EPS": 1.15,
        "Total Revenue": NaN,
        "Gross Profit": 683,
        "Operating Income": 374,
        "EBIT": 531,
        "Net Income": 307
    },
    "2017-12-31": {
        "Diluted EPS": 0.95,
        "Total Revenue": NaN,
        "Gross Profit": 710,
        "Operating Income": 386,
        "EBIT": 542,
        "Net Income": 256
    },
    "2017-09-30": {
        "Diluted EPS": 1.48,
        "Total Revenue": NaN,
        "Gross Profit": 650,
        "Operating Income": 373,
        "EBIT": 511,
        "Net Income": 395
    },
    "2017-06-30": {
        "Diluted EPS": 1.38,
        "Total Revenue": NaN,
        "Gross Profit": 655,
        "Operating Income": 364,
        "EBIT": 495,
        "Net Income": 369
    },
    "2017-03-31": {
        "Diluted EPS": 1.24,
        "Total Revenue": NaN,
        "Gross Profit": 599,
        "Operating Income": 293,
        "EBIT": 421,
        "Net Income": 335
    },
    "2016-12-31": {
        "Diluted EPS": 1.03,
        "Total Revenue": NaN,
        "Gross Profit": 868,
        "Operating Income": 525,
        "EBIT": 490,
        "Net Income": 281
    },
    "2016-09-30": {
        "Diluted EPS": 1.07,
        "Total Revenue": NaN,
        "Gross Profit": 838,
        "Operating Income": 463,
        "EBIT": 639,
        "Net Income": 293
    },
    "2016-06-30": {
        "Diluted EPS": 0.94,
        "Total Revenue": NaN,
        "Gross Profit": 860,
        "Operating Income": 394,
        "EBIT": 586,
        "Net Income": 258
    },
    "2016-03-31": {
        "Diluted EPS": 1.53,
        "Total Revenue": NaN,
        "Gross Profit": 789,
        "Operating Income": 444,
        "EBIT": 609,
        "Net Income": 425
    },
    "2015-12-31": {
        "Diluted EPS": 0.68,
        "Total Revenue": NaN,
        "Gross Profit": 718,
        "Operating Income": 335,
        "EBIT": 288,
        "Net Income": 192
    },
    "2015-09-30": {
        "Diluted EPS": 1.42,
        "Total Revenue": NaN,
        "Gross Profit": 769,
        "Operating Income": 461,
        "EBIT": 595,
        "Net Income": 404
    },
    "2015-06-30": {
        "Diluted EPS": 2.23,
        "Total Revenue": NaN,
        "Gross Profit": 782,
        "Operating Income": 481,
        "EBIT": 619,
        "Net Income": 645
    },
    "2015-03-31": {
        "Diluted EPS": 0.72,
        "Total Revenue": NaN,
        "Gross Profit": 741,
        "Operating Income": 446,
        "EBIT": 576,
        "Net Income": 209
    },
    "2014-12-31": {
        "Diluted EPS": 1.16,
        "Total Revenue": NaN,
        "Gross Profit": 774,
        "Operating Income": 464,
        "EBIT": 600,
        "Net Income": 344
    },
    "2014-09-30": {
        "Diluted EPS": 1.02,
        "Total Revenue": NaN,
        "Gross Profit": 721,
        "Operating Income": 392,
        "EBIT": 531,
        "Net Income": 305
    },
    "2014-06-30": {
        "Diluted EPS": 1.26,
        "Total Revenue": NaN,
        "Gross Profit": 800,
        "Operating Income": 462,
        "EBIT": 600,
        "Net Income": 382
    },
    "2014-03-31": {
        "Diluted EPS": 1.04,
        "Total Revenue": NaN,
        "Gross Profit": 733,
        "Operating Income": 440,
        "EBIT": 576,
        "Net Income": 320
    },
    "2013-12-31": {
        "Diluted EPS": 0.97,
        "Total Revenue": NaN,
        "Gross Profit": 637,
        "Operating Income": 360,
        "EBIT": 461,
        "Net Income": 298
    },
    "2013-09-30": {
        "Diluted EPS": 0.87,
        "Total Revenue": NaN,
        "Gross Profit": 679,
        "Operating Income": 387,
        "EBIT": 527,
        "Net Income": 271
    },
    "2013-06-30": {
        "Diluted EPS": 1.17,
        "Total Revenue": NaN,
        "Gross Profit": 776,
        "Operating Income": 483,
        "EBIT": 618,
        "Net Income": 367
    },
    "2013-03-31": {
        "Diluted EPS": 0.88,
        "Total Revenue": NaN,
        "Gross Profit": 685,
        "Operating Income": 397,
        "EBIT": 531,
        "Net Income": 276
    },
    "2012-12-31": {
        "Diluted EPS": 0.44,
        "Total Revenue": NaN,
        "Gross Profit": 609,
        "Operating Income": 177,
        "EBIT": 327,
        "Net Income": 136
    },
    "2012-09-30": {
        "Diluted EPS": 0.84,
        "Total Revenue": NaN,
        "Gross Profit": 605,
        "Operating Income": 367,
        "EBIT": 485,
        "Net Income": 269
    },
    "2012-06-30": {
        "Diluted EPS": 1.01,
        "Total Revenue": NaN,
        "Gross Profit": 725,
        "Operating Income": 468,
        "EBIT": 585,
        "Net Income": 330
    },
    "2012-03-31": {
        "Diluted EPS": 1.04,
        "Total Revenue": NaN,
        "Gross Profit": 719,
        "Operating Income": 464,
        "EBIT": 582,
        "Net Income": 342
    },
    "2011-12-31": {
        "Diluted EPS": 0.88,
        "Total Revenue": NaN,
        "Gross Profit": 679,
        "Operating Income": 411,
        "EBIT": 534,
        "Net Income": 290
    },
    "2011-09-30": {
        "Diluted EPS": 0.79,
        "Total Revenue": NaN,
        "Gross Profit": 637,
        "Operating Income": 393,
        "EBIT": 521,
        "Net Income": 266
    },
    "2011-06-30": {
        "Diluted EPS": 0.88,
        "Total Revenue": NaN,
        "Gross Profit": 695,
        "Operating Income": 428,
        "EBIT": 545,
        "Net Income": 298
    },
    "2011-03-31": {
        "Diluted EPS": 0.42,
        "Total Revenue": NaN,
        "Gross Profit": 644,
        "Operating Income": 412,
        "EBIT": 529,
        "Net Income": 291
    },
    "2010-12-31": {
        "Diluted EPS": 0.0,
        "Total Revenue": NaN,
        "Gross Profit": NaN,
        "Operating Income": NaN,
        "EBIT": NaN,
        "Net Income": NaN
    },
    "2009-12-31": {
        "Diluted EPS": 0.0,
        "Total Revenue": NaN,
        "Gross Profit": NaN,
        "Operating Income": NaN,
        "EBIT": NaN,
        "Net Income": NaN
    },
    "2023-09-30": {
        "Tax Effect Of Unusual Items": -5880000.0,
        "Tax Rate For Calcs": 0.21,
        "Normalized EBITDA": 726000000.0,
        "Total Unusual Items": -28000000.0,
        "Total Unusual Items Excluding Goodwill": -28000000.0,
        "Net Income From Continuing Operation Net Minority Interest": 1629000000.0,
        "Reconciled Depreciation": 226000000.0,
        "Reconciled Cost Of Revenue": 4054000000.0,
        "EBITDA": 698000000.0,
        "EBIT": 472000000.0,
        "Net Interest Income": -45000000.0,
        "Interest Expense": 75000000.0,
        "Interest Income": 30000000.0,
        "Normalized Income": 1651120000.0,
        "Net Income From Continuing And Discontinued Operation": 1629000000.0,
        "Total Expenses": 4640000000.0,
        "Total Operating Income As Reported": 446000000.0,
        "Diluted Average Shares": 283010000.0,
        "Basic Average Shares": 282840000.0,
        "Diluted EPS": 5.76,
        "Basic EPS": 5.76,
        "Diluted NI Availto Com Stockholders": 1629000000.0,
        "Net Income Common Stockholders": 1629000000.0,
        "Preferred Stock Dividends": NaN,
        "Net Income": 1629000000.0,
        "Minority Interests": -8000000.0,
        "Net Income Including Noncontrolling Interests": 1637000000.0,
        "Net Income Continuous Operations": 1637000000.0,
        "Earnings From Equity Interest Net Of Tax": -72000000.0,
        "Tax Provision": -1312000000.0,
        "Pretax Income": 397000000.0,
        "Other Income Expense": -32000000.0,
        "Other Non Operating Income Expenses": -4000000.0,
        "Special Income Charges": -28000000.0,
        "Other Special Charges": NaN,
        "Write Off": 0.0,
        "Restructuring And Mergern Acquisition": 28000000.0,
        "Gain On Sale Of Security": NaN,
        "Net Non Operating Interest Income Expense": -45000000.0,
        "Interest Expense Non Operating": 75000000.0,
        "Interest Income Non Operating": 30000000.0,
        "Operating Income": 474000000.0,
        "Operating Expense": 419000000.0,
        "Depreciation Amortization Depletion Income Statement": 59000000.0,
        "Depreciation And Amortization In Income Statement": 59000000.0,
        "Amortization": 59000000.0,
        "Amortization Of Intangibles Income Statement": 59000000.0,
        "Selling General And Administration": 360000000.0,
        "Gross Profit": 893000000.0,
        "Cost Of Revenue": 4221000000.0,
        "Total Revenue": 5114000000.0,
        "Operating Revenue": 5114000000.0
    },
    "2023-12-31": {
        "Tax Effect Of Unusual Items": -27510000.0,
        "Tax Rate For Calcs": 0.21,
        "Normalized EBITDA": 759000000.0,
        "Total Unusual Items": -131000000.0,
        "Total Unusual Items Excluding Goodwill": -131000000.0,
        "Net Income From Continuing Operation Net Minority Interest": 905000000.0,
        "Reconciled Depreciation": 246000000.0,
        "Reconciled Cost Of Revenue": 3807000000.0,
        "EBITDA": 628000000.0,
        "EBIT": 382000000.0,
        "Net Interest Income": -36000000.0,
        "Interest Expense": 71000000.0,
        "Interest Income": 35000000.0,
        "Normalized Income": 1008490000.0,
        "Net Income From Continuing And Discontinued Operation": 905000000.0,
        "Total Expenses": 4434000000.0,
        "Total Operating Income As Reported": 355000000.0,
        "Diluted Average Shares": NaN,
        "Basic Average Shares": NaN,
        "Diluted EPS": NaN,
        "Basic EPS": NaN,
        "Diluted NI Availto Com Stockholders": 876000000.0,
        "Net Income Common Stockholders": 905000000.0,
        "Preferred Stock Dividends": 0.0,
        "Net Income": 905000000.0,
        "Minority Interests": -14000000.0,
        "Net Income Including Noncontrolling Interests": 919000000.0,
        "Net Income Continuous Operations": 919000000.0,
        "Earnings From Equity Interest Net Of Tax": -72000000.0,
        "Tax Provision": -680000000.0,
        "Pretax Income": 311000000.0,
        "Other Income Expense": -138000000.0,
        "Other Non Operating Income Expenses": -7000000.0,
        "Special Income Charges": -131000000.0,
        "Other Special Charges": NaN,
        "Write Off": 0.0,
        "Restructuring And Mergern Acquisition": 130000000.0,
        "Gain On Sale Of Security": 0.0,
        "Net Non Operating Interest Income Expense": -36000000.0,
        "Interest Expense Non Operating": 71000000.0,
        "Interest Income Non Operating": 35000000.0,
        "Operating Income": 485000000.0,
        "Operating Expense": 437000000.0,
        "Depreciation Amortization Depletion Income Statement": 56000000.0,
        "Depreciation And Amortization In Income Statement": 56000000.0,
        "Amortization": 56000000.0,
        "Amortization Of Intangibles Income Statement": 56000000.0,
        "Selling General And Administration": 381000000.0,
        "Gross Profit": 922000000.0,
        "Cost Of Revenue": 3997000000.0,
        "Total Revenue": 4919000000.0,
        "Operating Revenue": 4919000000.0
    },
    "2024-03-31": {
        "Tax Effect Of Unusual Items": -8400000.0,
        "Tax Rate For Calcs": 0.21,
        "Normalized EBITDA": 704000000.0,
        "Total Unusual Items": -40000000.0,
        "Total Unusual Items Excluding Goodwill": -40000000.0,
        "Net Income From Continuing Operation Net Minority Interest": 218000000.0,
        "Reconciled Depreciation": 230000000.0,
        "Reconciled Cost Of Revenue": 3847000000.0,
        "EBITDA": 664000000.0,
        "EBIT": 434000000.0,
        "Net Interest Income": -45000000.0,
        "Interest Expense": 65000000.0,
        "Interest Income": 20000000.0,
        "Normalized Income": 249600000.0,
        "Net Income From Continuing And Discontinued Operation": 218000000.0,
        "Total Expenses": 4443000000.0,
        "Total Operating Income As Reported": 419000000.0,
        "Diluted Average Shares": 275310000.0,
        "Basic Average Shares": 275190000.0,
        "Diluted EPS": 0.79,
        "Basic EPS": 0.79,
        "Diluted NI Availto Com Stockholders": 218000000.0,
        "Net Income Common Stockholders": 218000000.0,
        "Preferred Stock Dividends": NaN,
        "Net Income": 218000000.0,
        "Minority Interests": -6000000.0,
        "Net Income Including Noncontrolling Interests": 224000000.0,
        "Net Income Continuous Operations": 224000000.0,
        "Earnings From Equity Interest Net Of Tax": -69000000.0,
        "Tax Provision": 76000000.0,
        "Pretax Income": 369000000.0,
        "Other Income Expense": -44000000.0,
        "Other Non Operating Income Expenses": -4000000.0,
        "Special Income Charges": -39000000.0,
        "Other Special Charges": NaN,
        "Write Off": 0.0,
        "Restructuring And Mergern Acquisition": 39000000.0,
        "Gain On Sale Of Security": -1000000.0,
        "Net Non Operating Interest Income Expense": -45000000.0,
        "Interest Expense Non Operating": 65000000.0,
        "Interest Income Non Operating": 20000000.0,
        "Operating Income": 458000000.0,
        "Operating Expense": 420000000.0,
        "Depreciation Amortization Depletion Income Statement": 54000000.0,
        "Depreciation And Amortization In Income Statement": 54000000.0,
        "Amortization": 54000000.0,
        "Amortization Of Intangibles Income Statement": 54000000.0,
        "Selling General And Administration": 366000000.0,
        "Gross Profit": 878000000.0,
        "Cost Of Revenue": 4023000000.0,
        "Total Revenue": 4901000000.0,
        "Operating Revenue": 4901000000.0
    },
    "2024-06-30": {
        "Tax Effect Of Unusual Items": 28700000.0,
        "Tax Rate For Calcs": 0.05,
        "Normalized EBITDA": 766000000.0,
        "Total Unusual Items": 574000000.0,
        "Total Unusual Items Excluding Goodwill": 574000000.0,
        "Net Income From Continuing Operation Net Minority Interest": 938000000.0,
        "Reconciled Depreciation": 248000000.0,
        "Reconciled Cost Of Revenue": 3887000000.0,
        "EBITDA": 1340000000.0,
        "EBIT": 1092000000.0,
        "Net Interest Income": -48000000.0,
        "Interest Expense": 64000000.0,
        "Interest Income": 16000000.0,
        "Normalized Income": 392700000.0,
        "Net Income From Continuing And Discontinued Operation": 938000000.0,
        "Total Expenses": 4540000000.0,
        "Total Operating Income As Reported": 441000000.0,
        "Diluted Average Shares": 270430000.0,
        "Basic Average Shares": 270190000.0,
        "Diluted EPS": 3.47,
        "Basic EPS": 3.47,
        "Diluted NI Availto Com Stockholders": 938000000.0,
        "Net Income Common Stockholders": 938000000.0,
        "Preferred Stock Dividends": NaN,
        "Net Income": 938000000.0,
        "Minority Interests": -5000000.0,
        "Net Income Including Noncontrolling Interests": 943000000.0,
        "Net Income Continuous Operations": 943000000.0,
        "Earnings From Equity Interest Net Of Tax": -34000000.0,
        "Tax Provision": 51000000.0,
        "Pretax Income": 1028000000.0,
        "Other Income Expense": 565000000.0,
        "Other Non Operating Income Expenses": -9000000.0,
        "Special Income Charges": 571000000.0,
        "Other Special Charges": -641000000.0,
        "Write Off": 0.0,
        "Restructuring And Mergern Acquisition": 70000000.0,
        "Gain On Sale Of Security": 3000000.0,
        "Net Non Operating Interest Income Expense": -48000000.0,
        "Interest Expense Non Operating": 64000000.0,
        "Interest Income Non Operating": 16000000.0,
        "Operating Income": 511000000.0,
        "Operating Expense": 457000000.0,
        "Depreciation Amortization Depletion Income Statement": 52000000.0,
        "Depreciation And Amortization In Income Statement": 52000000.0,
        "Amortization": 52000000.0,
        "Amortization Of Intangibles Income Statement": 52000000.0,
        "Selling General And Administration": 405000000.0,
        "Gross Profit": 968000000.0,
        "Cost Of Revenue": 4083000000.0,
        "Total Revenue": 5051000000.0,
        "Operating Revenue": 5051000000.0
    },
    "2024-09-30": {
        "Tax Effect Of Unusual Items": -2594594.594595,
        "Tax Rate For Calcs": 0.078624,
        "Normalized EBITDA": 782000000.0,
        "Total Unusual Items": -33000000.0,
        "Total Unusual Items Excluding Goodwill": -33000000.0,
        "Net Income From Continuing Operation Net Minority Interest": 363000000.0,
        "Reconciled Depreciation": 241000000.0,
        "Reconciled Cost Of Revenue": 3763000000.0,
        "EBITDA": 749000000.0,
        "EBIT": 508000000.0,
        "Net Interest Income": -70000000.0,
        "Interest Expense": 101000000.0,
        "Interest Income": 31000000.0,
        "Normalized Income": 393405405.405405,
        "Net Income From Continuing And Discontinued Operation": 363000000.0,
        "Total Expenses": 4335000000.0,
        "Total Operating Income As Reported": 503000000.0,
        "Diluted Average Shares": 245780000.0,
        "Basic Average Shares": 245480000.0,
        "Diluted EPS": 1.48,
        "Basic EPS": 1.48,
        "Diluted NI Availto Com Stockholders": 363000000.0,
        "Net Income Common Stockholders": 363000000.0,
        "Preferred Stock Dividends": NaN,
        "Net Income": 363000000.0,
        "Minority Interests": -5000000.0,
        "Net Income Including Noncontrolling Interests": 368000000.0,
        "Net Income Continuous Operations": 368000000.0,
        "Earnings From Equity Interest Net Of Tax": -7000000.0,
        "Tax Provision": 32000000.0,
        "Pretax Income": 407000000.0,
        "Other Income Expense": -42000000.0,
        "Other Non Operating Income Expenses": -9000000.0,
        "Special Income Charges": -28000000.0,
        "Other Special Charges": 12000000.0,
        "Write Off": 0.0,
        "Restructuring And Mergern Acquisition": 16000000.0,
        "Gain On Sale Of Security": -5000000.0,
        "Net Non Operating Interest Income Expense": -70000000.0,
        "Interest Expense Non Operating": 101000000.0,
        "Interest Income Non Operating": 31000000.0,
        "Operating Income": 519000000.0,
        "Operating Expense": 384000000.0,
        "Depreciation Amortization Depletion Income Statement": 53000000.0,
        "Depreciation And Amortization In Income Statement": 53000000.0,
        "Amortization": 53000000.0,
        "Amortization Of Intangibles Income Statement": 53000000.0,
        "Selling General And Administration": 331000000.0,
        "Gross Profit": 903000000.0,
        "Cost Of Revenue": 3951000000.0,
        "Total Revenue": 4854000000.0,
        "Operating Revenue": 4854000000.0
    }
}