{
    "2023-03-31": {
        "Tax Effect Of Unusual Items": NaN,
        "Tax Rate For Calcs": NaN,
        "Normalized EBITDA": NaN,
        "Total Unusual Items": NaN,
        "Total Unusual Items Excluding Goodwill": NaN,
        "Net Income From Continuing Operation Net Minority Interest": NaN,
        "Reconciled Depreciation": NaN,
        "EBITDA": NaN,
        "EBIT": NaN,
        "Normalized Income": NaN,
        "Net Income From Continuing And Discontinued Operation": NaN,
        "Total Expenses": NaN,
        "Total Operating Income As Reported": NaN,
        "Diluted Average Shares": 159597.0,
        "Basic Average Shares": 159597.0,
        "Diluted EPS": 17.38,
        "Basic EPS": 17.38,
        "Diluted NI Availto Com Stockholders": NaN,
        "Net Income Common Stockholders": NaN,
        "Net Income": NaN,
        "Net Income Including Noncontrolling Interests": NaN,
        "Net Income Discontinuous Operations": NaN,
        "Net Income Continuous Operations": NaN,
        "Pretax Income": NaN,
        "Other Income Expense": NaN,
        "Other Non Operating Income Expenses": NaN,
        "Special Income Charges": NaN,
        "Gain On Sale Of Ppe": NaN,
        "Operating Income": NaN,
        "Operating Expense": NaN,
        "Research And Development": NaN,
        "Selling General And Administration": NaN,
        "General And Administrative Expense": NaN,
        "Other Gand A": NaN,
        "Total Revenue": NaN,
        "Operating Revenue": NaN
    },
    "2022-12-31": {
        "Tax Effect Of Unusual Items": NaN,
        "Tax Rate For Calcs": NaN,
        "Normalized EBITDA": NaN,
        "Total Unusual Items": NaN,
        "Total Unusual Items Excluding Goodwill": NaN,
        "Net Income From Continuing Operation Net Minority Interest": NaN,
        "Reconciled Depreciation": NaN,
        "EBITDA": NaN,
        "EBIT": NaN,
        "Normalized Income": NaN,
        "Net Income From Continuing And Discontinued Operation": NaN,
        "Total Expenses": NaN,
        "Total Operating Income As Reported": NaN,
        "Diluted Average Shares": NaN,
        "Basic Average Shares": NaN,
        "Diluted EPS": NaN,
        "Basic EPS": NaN,
        "Diluted NI Availto Com Stockholders": NaN,
        "Net Income Common Stockholders": NaN,
        "Net Income": NaN,
        "Net Income Including Noncontrolling Interests": NaN,
        "Net Income Discontinuous Operations": NaN,
        "Net Income Continuous Operations": NaN,
        "Pretax Income": NaN,
        "Other Income Expense": NaN,
        "Other Non Operating Income Expenses": NaN,
        "Special Income Charges": NaN,
        "Gain On Sale Of Ppe": NaN,
        "Other Special Charges": 0.0,
        "Operating Income": NaN,
        "Operating Expense": NaN,
        "Research And Development": NaN,
        "Selling General And Administration": NaN,
        "General And Administrative Expense": NaN,
        "Other Gand A": NaN,
        "Total Revenue": NaN,
        "Operating Revenue": NaN
    },
    "2022-09-30": {
        "Tax Effect Of Unusual Items": NaN,
        "Tax Rate For Calcs": NaN,
        "Normalized EBITDA": NaN,
        "Total Unusual Items": NaN,
        "Total Unusual Items Excluding Goodwill": NaN,
        "Net Income From Continuing Operation Net Minority Interest": NaN,
        "Reconciled Depreciation": NaN,
        "EBITDA": NaN,
        "EBIT": NaN,
        "Normalized Income": NaN,
        "Net Income From Continuing And Discontinued Operation": NaN,
        "Total Expenses": NaN,
        "Total Operating Income As Reported": NaN,
        "Diluted Average Shares": 115695.0,
        "Basic Average Shares": 115695.0,
        "Diluted EPS": -66.0,
        "Basic EPS": -66.0,
        "Diluted NI Availto Com Stockholders": NaN,
        "Net Income Common Stockholders": NaN,
        "Net Income": NaN,
        "Net Income Including Noncontrolling Interests": NaN,
        "Net Income Discontinuous Operations": NaN,
        "Net Income Continuous Operations": NaN,
        "Pretax Income": NaN,
        "Other Income Expense": NaN,
        "Other Non Operating Income Expenses": NaN,
        "Special Income Charges": NaN,
        "Gain On Sale Of Ppe": NaN,
        "Other Special Charges": NaN,
        "Operating Income": NaN,
        "Operating Expense": NaN,
        "Research And Development": NaN,
        "Selling General And Administration": NaN,
        "General And Administrative Expense": NaN,
        "Other Gand A": NaN,
        "Total Revenue": NaN,
        "Operating Revenue": NaN
    },
    "2022-06-30": {
        "Tax Effect Of Unusual Items": 14872800.0,
        "Tax Rate For Calcs": 0.4,
        "Normalized EBITDA": -44468000.0,
        "Total Unusual Items": 37182000.0,
        "Total Unusual Items Excluding Goodwill": 37182000.0,
        "Net Income From Continuing Operation Net Minority Interest": 27861000.0,
        "Reconciled Depreciation": 276000.0,
        "EBITDA": -7286000.0,
        "EBIT": -7562000.0,
        "Normalized Income": 5551800.0,
        "Net Income From Continuing And Discontinued Operation": 28010000.0,
        "Total Expenses": 7562000.0,
        "Total Operating Income As Reported": -7562000.0,
        "Diluted Average Shares": 5023321.0,
        "Basic Average Shares": 5023321.0,
        "Diluted EPS": 5.58,
        "Basic EPS": 5.58,
        "Diluted NI Availto Com Stockholders": 28010000.0,
        "Net Income Common Stockholders": 28010000.0,
        "Net Income": 28010000.0,
        "Net Income Including Noncontrolling Interests": 28010000.0,
        "Net Income Discontinuous Operations": 149000.0,
        "Net Income Continuous Operations": 27861000.0,
        "Pretax Income": 27861000.0,
        "Other Income Expense": 35423000.0,
        "Other Non Operating Income Expenses": -1759000.0,
        "Special Income Charges": 37182000.0,
        "Gain On Sale Of Ppe": NaN,
        "Other Special Charges": -37182000.0,
        "Operating Income": -7562000.0,
        "Operating Expense": 7562000.0,
        "Research And Development": 3865000.0,
        "Selling General And Administration": 3697000.0,
        "General And Administrative Expense": 3697000.0,
        "Other Gand A": 3697000.0,
        "Total Revenue": 0.0,
        "Operating Revenue": 0.0
    },
    "2022-03-31": {
        "Diluted EPS": -1.55,
        "Total Revenue": 3,
        "Gross Profit": 3,
        "Operating Income": -6,
        "EBIT": -5,
        "Net Income": -8
    },
    "2021-12-31": {
        "Diluted EPS": -1.25,
        "Total Revenue": 4,
        "Gross Profit": 4,
        "Operating Income": -4,
        "EBIT": -4,
        "Net Income": -6
    },
    "2021-09-30": {
        "Diluted EPS": -1.43,
        "Total Revenue": 3,
        "Gross Profit": 3,
        "Operating Income": -5,
        "EBIT": -4,
        "Net Income": -7
    },
    "2021-06-30": {
        "Diluted EPS": -1.75,
        "Total Revenue": 3,
        "Gross Profit": 3,
        "Operating Income": -6,
        "EBIT": -5,
        "Net Income": -8
    },
    "2021-03-31": {
        "Diluted EPS": -1.64,
        "Total Revenue": 2,
        "Gross Profit": 2,
        "Operating Income": -7,
        "EBIT": -7,
        "Net Income": -7
    },
    "2020-12-31": {
        "Diluted EPS": -1.92,
        "Total Revenue": 2,
        "Gross Profit": 2,
        "Operating Income": -7,
        "EBIT": -6,
        "Net Income": -7
    },
    "2020-09-30": {
        "Diluted EPS": -2.1,
        "Total Revenue": 1,
        "Gross Profit": 1,
        "Operating Income": -6,
        "EBIT": -6,
        "Net Income": -7
    },
    "2020-06-30": {
        "Diluted EPS": -2.1,
        "Total Revenue": 0,
        "Gross Profit": 0,
        "Operating Income": -7,
        "EBIT": -6,
        "Net Income": -7
    },
    "2020-03-31": {
        "Diluted EPS": 0.89,
        "Total Revenue": NaN,
        "Gross Profit": NaN,
        "Operating Income": -8,
        "EBIT": -7,
        "Net Income": 3
    },
    "2019-12-31": {
        "Diluted EPS": 0.07,
        "Total Revenue": NaN,
        "Gross Profit": NaN,
        "Operating Income": -8,
        "EBIT": -7,
        "Net Income": -8
    },
    "2019-09-30": {
        "Diluted EPS": -2.15,
        "Total Revenue": NaN,
        "Gross Profit": NaN,
        "Operating Income": -11,
        "EBIT": -11,
        "Net Income": -7
    },
    "2019-06-30": {
        "Diluted EPS": -4.14,
        "Total Revenue": NaN,
        "Gross Profit": NaN,
        "Operating Income": -10,
        "EBIT": -10,
        "Net Income": -13
    },
    "2019-03-31": {
        "Diluted EPS": -7.64,
        "Total Revenue": NaN,
        "Gross Profit": NaN,
        "Operating Income": -11,
        "EBIT": -11,
        "Net Income": -12
    },
    "2018-12-31": {
        "Diluted EPS": -8.82,
        "Total Revenue": 6,
        "Gross Profit": 2,
        "Operating Income": -14,
        "EBIT": -13,
        "Net Income": -14
    },
    "2018-09-30": {
        "Diluted EPS": -7.7,
        "Total Revenue": 6,
        "Gross Profit": 3,
        "Operating Income": -12,
        "EBIT": -12,
        "Net Income": -13
    },
    "2018-06-30": {
        "Diluted EPS": -8.12,
        "Total Revenue": 7,
        "Gross Profit": 4,
        "Operating Income": -12,
        "EBIT": -12,
        "Net Income": -13
    },
    "2018-03-31": {
        "Diluted EPS": -8.82,
        "Total Revenue": 4,
        "Gross Profit": 2,
        "Operating Income": -14,
        "EBIT": -13,
        "Net Income": -14
    },
    "2017-12-31": {
        "Diluted EPS": -5.74,
        "Total Revenue": 3,
        "Gross Profit": 1,
        "Operating Income": -17,
        "EBIT": -17,
        "Net Income": -10
    },
    "2017-09-30": {
        "Diluted EPS": 24.51,
        "Total Revenue": 6,
        "Gross Profit": 4,
        "Operating Income": -10,
        "EBIT": -9,
        "Net Income": 38
    },
    "2017-06-30": {
        "Diluted EPS": -7.42,
        "Total Revenue": 4,
        "Gross Profit": 1,
        "Operating Income": -15,
        "EBIT": -14,
        "Net Income": -11
    },
    "2017-03-31": {
        "Diluted EPS": -6.72,
        "Total Revenue": 2,
        "Gross Profit": 4,
        "Operating Income": -12,
        "EBIT": -11,
        "Net Income": -10
    },
    "2016-12-31": {
        "Diluted EPS": -10.22,
        "Total Revenue": -11,
        "Gross Profit": -9,
        "Operating Income": -22,
        "EBIT": -22,
        "Net Income": -15
    },
    "2016-09-30": {
        "Diluted EPS": -49.72,
        "Total Revenue": 3,
        "Gross Profit": -1,
        "Operating Income": -91,
        "EBIT": -89,
        "Net Income": -72
    },
    "2016-06-30": {
        "Diluted EPS": -8.82,
        "Total Revenue": 10,
        "Gross Profit": 4,
        "Operating Income": -13,
        "EBIT": -12,
        "Net Income": -13
    },
    "2016-03-31": {
        "Diluted EPS": -8.96,
        "Total Revenue": 8,
        "Gross Profit": 5,
        "Operating Income": -13,
        "EBIT": -12,
        "Net Income": -13
    },
    "2015-12-31": {
        "Diluted EPS": 0.0,
        "Total Revenue": NaN,
        "Gross Profit": NaN,
        "Operating Income": NaN,
        "EBIT": NaN,
        "Net Income": NaN
    },
    "2015-09-30": {
        "Diluted EPS": -8.82,
        "Total Revenue": 7,
        "Gross Profit": 3,
        "Operating Income": -13,
        "EBIT": -12,
        "Net Income": -13
    },
    "2015-06-30": {
        "Diluted EPS": -12.33,
        "Total Revenue": 7,
        "Gross Profit": 3,
        "Operating Income": -18,
        "EBIT": -18,
        "Net Income": -18
    },
    "2014-12-31": {
        "Diluted EPS": 0.0,
        "Total Revenue": NaN,
        "Gross Profit": NaN,
        "Operating Income": NaN,
        "EBIT": NaN,
        "Net Income": NaN
    },
    "2013-12-31": {
        "Diluted EPS": 0.0,
        "Total Revenue": NaN,
        "Gross Profit": NaN,
        "Operating Income": NaN,
        "EBIT": NaN,
        "Net Income": NaN
    },
    "2023-06-30": {
        "Tax Effect Of Unusual Items": NaN,
        "Tax Rate For Calcs": NaN,
        "Normalized EBITDA": NaN,
        "Total Unusual Items": NaN,
        "Total Unusual Items Excluding Goodwill": NaN,
        "Net Income From Continuing Operation Net Minority Interest": NaN,
        "Reconciled Depreciation": NaN,
        "EBITDA": NaN,
        "EBIT": NaN,
        "Normalized Income": NaN,
        "Net Income From Continuing And Discontinued Operation": NaN,
        "Total Expenses": NaN,
        "Total Operating Income As Reported": NaN,
        "Diluted Average Shares": 147321.0,
        "Basic Average Shares": 147321.0,
        "Diluted EPS": -53.95,
        "Basic EPS": -53.95,
        "Diluted NI Availto Com Stockholders": NaN,
        "Net Income Common Stockholders": NaN,
        "Net Income": NaN,
        "Net Income Including Noncontrolling Interests": NaN,
        "Net Income Discontinuous Operations": NaN,
        "Net Income Continuous Operations": NaN,
        "Pretax Income": NaN,
        "Other Income Expense": NaN,
        "Other Non Operating Income Expenses": NaN,
        "Special Income Charges": NaN,
        "Gain On Sale Of Ppe": NaN,
        "Operating Income": NaN,
        "Operating Expense": NaN,
        "Research And Development": NaN,
        "Selling General And Administration": NaN,
        "General And Administrative Expense": NaN,
        "Other Gand A": NaN,
        "Total Revenue": NaN,
        "Operating Revenue": NaN
    },
    "2023-09-30": {
        "Tax Effect Of Unusual Items": 0.0,
        "Tax Rate For Calcs": 0.0,
        "Normalized EBITDA": -6438000.0,
        "Total Unusual Items": 0.0,
        "Total Unusual Items Excluding Goodwill": 0.0,
        "Net Income From Continuing Operation Net Minority Interest": -6334000.0,
        "Reconciled Depreciation": 123000.0,
        "EBITDA": -6438000.0,
        "EBIT": -6561000.0,
        "Normalized Income": -6334000.0,
        "Net Income From Continuing And Discontinued Operation": -6334000.0,
        "Total Expenses": 6561000.0,
        "Total Operating Income As Reported": -6561000.0,
        "Diluted Average Shares": 285886.0,
        "Basic Average Shares": 285886.0,
        "Diluted EPS": -22.16,
        "Basic EPS": -22.16,
        "Diluted NI Availto Com Stockholders": -6334000.0,
        "Net Income Common Stockholders": -6334000.0,
        "Net Income": -6334000.0,
        "Net Income Including Noncontrolling Interests": -6334000.0,
        "Net Income Discontinuous Operations": 0.0,
        "Net Income Continuous Operations": -6334000.0,
        "Pretax Income": -6334000.0,
        "Other Income Expense": 227000.0,
        "Other Non Operating Income Expenses": 227000.0,
        "Special Income Charges": 0.0,
        "Gain On Sale Of Ppe": 0.0,
        "Operating Income": -6561000.0,
        "Operating Expense": 6561000.0,
        "Research And Development": 3887000.0,
        "Selling General And Administration": 2674000.0,
        "General And Administrative Expense": 2674000.0,
        "Other Gand A": 2674000.0,
        "Total Revenue": 0.0,
        "Operating Revenue": 0.0
    },
    "2023-12-31": {
        "Tax Effect Of Unusual Items": 0.0,
        "Tax Rate For Calcs": 0.0,
        "Normalized EBITDA": -6268000.0,
        "Total Unusual Items": 0.0,
        "Total Unusual Items Excluding Goodwill": 0.0,
        "Net Income From Continuing Operation Net Minority Interest": -6196000.0,
        "Reconciled Depreciation": 116000.0,
        "EBITDA": -6268000.0,
        "EBIT": -6384000.0,
        "Normalized Income": -6196000.0,
        "Net Income From Continuing And Discontinued Operation": -5903000.0,
        "Total Expenses": 6384000.0,
        "Total Operating Income As Reported": -6384000.0,
        "Diluted Average Shares": NaN,
        "Basic Average Shares": NaN,
        "Diluted EPS": NaN,
        "Basic EPS": NaN,
        "Diluted NI Availto Com Stockholders": -5903000.0,
        "Net Income Common Stockholders": -5903000.0,
        "Net Income": -5903000.0,
        "Net Income Including Noncontrolling Interests": -5903000.0,
        "Net Income Discontinuous Operations": 293000.0,
        "Net Income Continuous Operations": -6196000.0,
        "Pretax Income": -6196000.0,
        "Other Income Expense": 188000.0,
        "Other Non Operating Income Expenses": 188000.0,
        "Special Income Charges": 0.0,
        "Gain On Sale Of Ppe": 0.0,
        "Operating Income": -6384000.0,
        "Operating Expense": 6384000.0,
        "Research And Development": 3591000.0,
        "Selling General And Administration": 2793000.0,
        "General And Administrative Expense": 2793000.0,
        "Other Gand A": 2793000.0,
        "Total Revenue": 0.0,
        "Operating Revenue": 0.0
    },
    "2024-03-31": {
        "Tax Effect Of Unusual Items": 0.0,
        "Tax Rate For Calcs": 0.0,
        "Normalized EBITDA": -6877000.0,
        "Total Unusual Items": 0.0,
        "Total Unusual Items Excluding Goodwill": 0.0,
        "Net Income From Continuing Operation Net Minority Interest": -6834000.0,
        "Reconciled Depreciation": 106000.0,
        "EBITDA": -6877000.0,
        "EBIT": -6983000.0,
        "Normalized Income": -6834000.0,
        "Net Income From Continuing And Discontinued Operation": -6834000.0,
        "Total Expenses": 6983000.0,
        "Total Operating Income As Reported": -6983000.0,
        "Diluted Average Shares": 686735.0,
        "Basic Average Shares": 686735.0,
        "Diluted EPS": -9.95,
        "Basic EPS": -9.95,
        "Diluted NI Availto Com Stockholders": -6834000.0,
        "Net Income Common Stockholders": -6834000.0,
        "Net Income": -6834000.0,
        "Net Income Including Noncontrolling Interests": -6834000.0,
        "Net Income Discontinuous Operations": 0.0,
        "Net Income Continuous Operations": -6834000.0,
        "Pretax Income": -6834000.0,
        "Other Income Expense": 149000.0,
        "Other Non Operating Income Expenses": 149000.0,
        "Special Income Charges": 0.0,
        "Gain On Sale Of Ppe": 0.0,
        "Operating Income": -6983000.0,
        "Operating Expense": 6983000.0,
        "Research And Development": 3752000.0,
        "Selling General And Administration": 3231000.0,
        "General And Administrative Expense": 3231000.0,
        "Other Gand A": 3231000.0,
        "Total Revenue": 0.0,
        "Operating Revenue": 0.0
    },
    "2024-06-30": {
        "Tax Effect Of Unusual Items": 0.0,
        "Tax Rate For Calcs": 0.0,
        "Normalized EBITDA": -5933000.0,
        "Total Unusual Items": 0.0,
        "Total Unusual Items Excluding Goodwill": 0.0,
        "Net Income From Continuing Operation Net Minority Interest": -5883000.0,
        "Reconciled Depreciation": 91000.0,
        "EBITDA": -5933000.0,
        "EBIT": -6024000.0,
        "Normalized Income": -5883000.0,
        "Net Income From Continuing And Discontinued Operation": -5883000.0,
        "Total Expenses": 6024000.0,
        "Total Operating Income As Reported": -6024000.0,
        "Diluted Average Shares": 79997.0,
        "Basic Average Shares": 79997.0,
        "Diluted EPS": -73.48,
        "Basic EPS": -73.48,
        "Diluted NI Availto Com Stockholders": -5883000.0,
        "Net Income Common Stockholders": -5883000.0,
        "Net Income": -5883000.0,
        "Net Income Including Noncontrolling Interests": -5883000.0,
        "Net Income Discontinuous Operations": 0.0,
        "Net Income Continuous Operations": -5883000.0,
        "Pretax Income": -5883000.0,
        "Other Income Expense": 141000.0,
        "Other Non Operating Income Expenses": 141000.0,
        "Special Income Charges": 0.0,
        "Gain On Sale Of Ppe": 0.0,
        "Operating Income": -6024000.0,
        "Operating Expense": 6024000.0,
        "Research And Development": 3643000.0,
        "Selling General And Administration": 2381000.0,
        "General And Administrative Expense": 2381000.0,
        "Other Gand A": 2381000.0,
        "Total Revenue": 0.0,
        "Operating Revenue": 0.0
    },
    "2024-09-30": {
        "Tax Effect Of Unusual Items": 0.0,
        "Tax Rate For Calcs": 0.0,
        "Normalized EBITDA": -5129000.0,
        "Total Unusual Items": 0.0,
        "Total Unusual Items Excluding Goodwill": 0.0,
        "Net Income From Continuing Operation Net Minority Interest": -5101000.0,
        "Reconciled Depreciation": 84000.0,
        "EBITDA": -5129000.0,
        "EBIT": -5213000.0,
        "Normalized Income": -5101000.0,
        "Net Income From Continuing And Discontinued Operation": -5101000.0,
        "Total Expenses": 5213000.0,
        "Total Operating Income As Reported": -5213000.0,
        "Diluted Average Shares": 10548470.0,
        "Basic Average Shares": 10548470.0,
        "Diluted EPS": -0.48,
        "Basic EPS": -0.48,
        "Diluted NI Availto Com Stockholders": -5101000.0,
        "Net Income Common Stockholders": -5101000.0,
        "Net Income": -5101000.0,
        "Net Income Including Noncontrolling Interests": -5101000.0,
        "Net Income Discontinuous Operations": 0.0,
        "Net Income Continuous Operations": -5101000.0,
        "Pretax Income": -5101000.0,
        "Other Income Expense": 112000.0,
        "Other Non Operating Income Expenses": 112000.0,
        "Special Income Charges": 0.0,
        "Gain On Sale Of Ppe": 0.0,
        "Operating Income": -5213000.0,
        "Operating Expense": 5213000.0,
        "Research And Development": 3103000.0,
        "Selling General And Administration": 2110000.0,
        "General And Administrative Expense": 2110000.0,
        "Other Gand A": 2110000.0,
        "Total Revenue": 0.0,
        "Operating Revenue": 0.0
    }
}