{
    "2023-03-31": {
        "Tax Effect Of Unusual Items": NaN,
        "Tax Rate For Calcs": NaN,
        "Normalized EBITDA": NaN,
        "Total Unusual Items": NaN,
        "Total Unusual Items Excluding Goodwill": NaN,
        "Net Income From Continuing Operation Net Minority Interest": NaN,
        "Reconciled Depreciation": NaN,
        "Reconciled Cost Of Revenue": NaN,
        "EBITDA": NaN,
        "EBIT": NaN,
        "Net Interest Income": NaN,
        "Interest Expense": NaN,
        "Interest Income": NaN,
        "Normalized Income": NaN,
        "Net Income From Continuing And Discontinued Operation": NaN,
        "Total Expenses": NaN,
        "Total Operating Income As Reported": NaN,
        "Diluted Average Shares": 34598000.0,
        "Basic Average Shares": 34598000.0,
        "Diluted EPS": -0.1,
        "Basic EPS": -0.1,
        "Diluted NI Availto Com Stockholders": NaN,
        "Net Income Common Stockholders": NaN,
        "Net Income": NaN,
        "Minority Interests": NaN,
        "Net Income Including Noncontrolling Interests": NaN,
        "Net Income Continuous Operations": NaN,
        "Tax Provision": NaN,
        "Pretax Income": NaN,
        "Other Income Expense": NaN,
        "Other Non Operating Income Expenses": NaN,
        "Special Income Charges": NaN,
        "Gain On Sale Of Ppe": NaN,
        "Other Special Charges": NaN,
        "Net Non Operating Interest Income Expense": NaN,
        "Interest Expense Non Operating": NaN,
        "Interest Income Non Operating": NaN,
        "Operating Income": NaN,
        "Operating Expense": NaN,
        "Research And Development": NaN,
        "Selling General And Administration": NaN,
        "General And Administrative Expense": NaN,
        "Other Gand A": NaN,
        "Salaries And Wages": NaN,
        "Gross Profit": NaN,
        "Cost Of Revenue": NaN,
        "Total Revenue": NaN,
        "Operating Revenue": NaN
    },
    "2022-12-31": {
        "Tax Effect Of Unusual Items": NaN,
        "Tax Rate For Calcs": NaN,
        "Normalized EBITDA": NaN,
        "Total Unusual Items": NaN,
        "Total Unusual Items Excluding Goodwill": NaN,
        "Net Income From Continuing Operation Net Minority Interest": NaN,
        "Reconciled Depreciation": NaN,
        "Reconciled Cost Of Revenue": NaN,
        "EBITDA": NaN,
        "EBIT": NaN,
        "Net Interest Income": NaN,
        "Interest Expense": NaN,
        "Interest Income": NaN,
        "Normalized Income": NaN,
        "Net Income From Continuing And Discontinued Operation": NaN,
        "Total Expenses": NaN,
        "Total Operating Income As Reported": NaN,
        "Diluted Average Shares": 34597000.0,
        "Basic Average Shares": 34597000.0,
        "Diluted EPS": -0.17,
        "Basic EPS": -0.17,
        "Diluted NI Availto Com Stockholders": NaN,
        "Net Income Common Stockholders": NaN,
        "Net Income": NaN,
        "Minority Interests": NaN,
        "Net Income Including Noncontrolling Interests": NaN,
        "Net Income Continuous Operations": NaN,
        "Tax Provision": NaN,
        "Pretax Income": NaN,
        "Other Income Expense": NaN,
        "Other Non Operating Income Expenses": NaN,
        "Special Income Charges": NaN,
        "Other Special Charges": NaN,
        "Net Non Operating Interest Income Expense": NaN,
        "Interest Expense Non Operating": NaN,
        "Interest Income Non Operating": NaN,
        "Operating Income": NaN,
        "Operating Expense": NaN,
        "Research And Development": NaN,
        "Selling General And Administration": NaN,
        "General And Administrative Expense": NaN,
        "Other Gand A": NaN,
        "Salaries And Wages": NaN,
        "Gross Profit": NaN,
        "Cost Of Revenue": NaN,
        "Total Revenue": NaN,
        "Operating Revenue": NaN
    },
    "2022-09-30": {
        "Tax Effect Of Unusual Items": NaN,
        "Tax Rate For Calcs": NaN,
        "Normalized EBITDA": NaN,
        "Total Unusual Items": 0.0,
        "Total Unusual Items Excluding Goodwill": 0.0,
        "Net Income From Continuing Operation Net Minority Interest": NaN,
        "Reconciled Depreciation": NaN,
        "Reconciled Cost Of Revenue": NaN,
        "EBITDA": NaN,
        "EBIT": NaN,
        "Net Interest Income": NaN,
        "Interest Expense": NaN,
        "Interest Income": NaN,
        "Normalized Income": NaN,
        "Net Income From Continuing And Discontinued Operation": NaN,
        "Total Expenses": NaN,
        "Total Operating Income As Reported": NaN,
        "Diluted Average Shares": NaN,
        "Basic Average Shares": NaN,
        "Diluted EPS": NaN,
        "Basic EPS": NaN,
        "Diluted NI Availto Com Stockholders": NaN,
        "Net Income Common Stockholders": NaN,
        "Net Income": NaN,
        "Minority Interests": NaN,
        "Net Income Including Noncontrolling Interests": NaN,
        "Net Income Continuous Operations": NaN,
        "Tax Provision": NaN,
        "Pretax Income": NaN,
        "Other Income Expense": NaN,
        "Other Non Operating Income Expenses": NaN,
        "Special Income Charges": 0.0,
        "Other Special Charges": NaN,
        "Net Non Operating Interest Income Expense": NaN,
        "Interest Expense Non Operating": NaN,
        "Interest Income Non Operating": NaN,
        "Operating Income": NaN,
        "Operating Expense": NaN,
        "Research And Development": NaN,
        "Selling General And Administration": NaN,
        "General And Administrative Expense": NaN,
        "Other Gand A": NaN,
        "Salaries And Wages": NaN,
        "Gross Profit": NaN,
        "Cost Of Revenue": NaN,
        "Total Revenue": NaN,
        "Operating Revenue": NaN
    },
    "2022-06-30": {
        "Tax Effect Of Unusual Items": 0.0,
        "Tax Rate For Calcs": 0.4,
        "Normalized EBITDA": -5104000.0,
        "Total Unusual Items": NaN,
        "Total Unusual Items Excluding Goodwill": NaN,
        "Net Income From Continuing Operation Net Minority Interest": -5426000.0,
        "Reconciled Depreciation": 247000.0,
        "Reconciled Cost Of Revenue": 3378000.0,
        "EBITDA": -5104000.0,
        "EBIT": -5351000.0,
        "Net Interest Income": 15000.0,
        "Interest Expense": 3000.0,
        "Interest Income": 18000.0,
        "Normalized Income": -5426000.0,
        "Net Income From Continuing And Discontinued Operation": -5426000.0,
        "Total Expenses": 16268000.0,
        "Total Operating Income As Reported": -5976000.0,
        "Diluted Average Shares": 34464000.0,
        "Basic Average Shares": 34464000.0,
        "Diluted EPS": -0.16,
        "Basic EPS": -0.16,
        "Diluted NI Availto Com Stockholders": -5426000.0,
        "Net Income Common Stockholders": -5426000.0,
        "Net Income": -5426000.0,
        "Minority Interests": 24000.0,
        "Net Income Including Noncontrolling Interests": -5450000.0,
        "Net Income Continuous Operations": -5450000.0,
        "Tax Provision": 96000.0,
        "Pretax Income": -5354000.0,
        "Other Income Expense": 607000.0,
        "Other Non Operating Income Expenses": 607000.0,
        "Special Income Charges": NaN,
        "Gain On Sale Of Ppe": NaN,
        "Other Special Charges": NaN,
        "Net Non Operating Interest Income Expense": 15000.0,
        "Interest Expense Non Operating": 3000.0,
        "Interest Income Non Operating": 18000.0,
        "Operating Income": -5976000.0,
        "Operating Expense": 12890000.0,
        "Research And Development": 1070000.0,
        "Selling General And Administration": 11820000.0,
        "General And Administrative Expense": 11820000.0,
        "Other Gand A": 6928000.0,
        "Salaries And Wages": 4892000.0,
        "Gross Profit": 6914000.0,
        "Cost Of Revenue": 3378000.0,
        "Total Revenue": 10292000.0,
        "Operating Revenue": 10292000.0
    },
    "2022-03-31": {
        "Diluted EPS": -0.17,
        "Total Revenue": 12,
        "Gross Profit": 8,
        "Operating Income": -6,
        "EBIT": -6,
        "Net Income": -6
    },
    "2021-12-31": {
        "Diluted EPS": -0.06,
        "Total Revenue": 17,
        "Gross Profit": 12,
        "Operating Income": -2,
        "EBIT": -1,
        "Net Income": -2
    },
    "2021-09-30": {
        "Diluted EPS": -0.12,
        "Total Revenue": 12,
        "Gross Profit": 8,
        "Operating Income": -4,
        "EBIT": -4,
        "Net Income": -4
    },
    "2021-06-30": {
        "Diluted EPS": -0.12,
        "Total Revenue": 11,
        "Gross Profit": 8,
        "Operating Income": -4,
        "EBIT": -4,
        "Net Income": -4
    },
    "2021-03-31": {
        "Diluted EPS": -0.14,
        "Total Revenue": 9,
        "Gross Profit": 6,
        "Operating Income": -5,
        "EBIT": -5,
        "Net Income": -5
    },
    "2020-12-31": {
        "Diluted EPS": -0.04,
        "Total Revenue": 11,
        "Gross Profit": 8,
        "Operating Income": -2,
        "EBIT": -2,
        "Net Income": -2
    },
    "2020-09-30": {
        "Diluted EPS": -0.11,
        "Total Revenue": 7,
        "Gross Profit": 5,
        "Operating Income": -4,
        "EBIT": -4,
        "Net Income": -4
    },
    "2020-06-30": {
        "Diluted EPS": -0.14,
        "Total Revenue": 4,
        "Gross Profit": 2,
        "Operating Income": -6,
        "EBIT": -6,
        "Net Income": -5
    },
    "2020-03-31": {
        "Diluted EPS": -0.06,
        "Total Revenue": 5,
        "Gross Profit": 3,
        "Operating Income": -7,
        "EBIT": -7,
        "Net Income": -2
    },
    "2019-12-31": {
        "Diluted EPS": -0.15,
        "Total Revenue": 8,
        "Gross Profit": 6,
        "Operating Income": -6,
        "EBIT": -6,
        "Net Income": -5
    },
    "2019-09-30": {
        "Diluted EPS": -0.13,
        "Total Revenue": 8,
        "Gross Profit": 5,
        "Operating Income": -5,
        "EBIT": -5,
        "Net Income": -4
    },
    "2019-06-30": {
        "Diluted EPS": -0.13,
        "Total Revenue": 7,
        "Gross Profit": 5,
        "Operating Income": -4,
        "EBIT": -4,
        "Net Income": -4
    },
    "2019-03-31": {
        "Diluted EPS": -0.17,
        "Total Revenue": 6,
        "Gross Profit": 4,
        "Operating Income": -6,
        "EBIT": -6,
        "Net Income": -6
    },
    "2018-12-31": {
        "Diluted EPS": -0.12,
        "Total Revenue": 6,
        "Gross Profit": 4,
        "Operating Income": -5,
        "EBIT": -5,
        "Net Income": -4
    },
    "2018-09-30": {
        "Diluted EPS": 1.98,
        "Total Revenue": 4,
        "Gross Profit": 3,
        "Operating Income": -3,
        "EBIT": -3,
        "Net Income": 69
    },
    "2018-06-30": {
        "Diluted EPS": -0.01,
        "Total Revenue": 4,
        "Gross Profit": 3,
        "Operating Income": -3,
        "EBIT": -3,
        "Net Income": 0
    },
    "2018-03-31": {
        "Diluted EPS": -0.03,
        "Total Revenue": 3,
        "Gross Profit": 2,
        "Operating Income": -3,
        "EBIT": -3,
        "Net Income": -1
    },
    "2017-12-31": {
        "Diluted EPS": -0.03,
        "Total Revenue": 4,
        "Gross Profit": 3,
        "Operating Income": -3,
        "EBIT": -3,
        "Net Income": -1
    },
    "2017-09-30": {
        "Diluted EPS": -0.04,
        "Total Revenue": 3,
        "Gross Profit": 2,
        "Operating Income": -3,
        "EBIT": -3,
        "Net Income": -1
    },
    "2017-06-30": {
        "Diluted EPS": -0.04,
        "Total Revenue": 10,
        "Gross Profit": 5,
        "Operating Income": -1,
        "EBIT": -1,
        "Net Income": -1
    },
    "2017-03-31": {
        "Diluted EPS": -0.06,
        "Total Revenue": 8,
        "Gross Profit": 4,
        "Operating Income": -2,
        "EBIT": -2,
        "Net Income": -2
    },
    "2016-12-31": {
        "Diluted EPS": -0.02,
        "Total Revenue": 9,
        "Gross Profit": 5,
        "Operating Income": -1,
        "EBIT": -1,
        "Net Income": -1
    },
    "2016-09-30": {
        "Diluted EPS": -0.04,
        "Total Revenue": 10,
        "Gross Profit": 5,
        "Operating Income": 0,
        "EBIT": 0,
        "Net Income": -1
    },
    "2016-06-30": {
        "Diluted EPS": -0.02,
        "Total Revenue": 9,
        "Gross Profit": 5,
        "Operating Income": -1,
        "EBIT": 0,
        "Net Income": -1
    },
    "2016-03-31": {
        "Diluted EPS": -0.07,
        "Total Revenue": 8,
        "Gross Profit": 3,
        "Operating Income": -2,
        "EBIT": -2,
        "Net Income": -2
    },
    "2015-12-31": {
        "Diluted EPS": -0.21,
        "Total Revenue": 8,
        "Gross Profit": 4,
        "Operating Income": -1,
        "EBIT": -1,
        "Net Income": -1
    },
    "2015-09-30": {
        "Diluted EPS": -0.06,
        "Total Revenue": 8,
        "Gross Profit": 3,
        "Operating Income": -2,
        "EBIT": -2,
        "Net Income": -2
    },
    "2015-06-30": {
        "Diluted EPS": -0.06,
        "Total Revenue": 7,
        "Gross Profit": 3,
        "Operating Income": -2,
        "EBIT": -1,
        "Net Income": -1
    },
    "2015-03-31": {
        "Diluted EPS": 0.57,
        "Total Revenue": 6,
        "Gross Profit": 3,
        "Operating Income": -2,
        "EBIT": -2,
        "Net Income": 13
    },
    "2014-12-31": {
        "Diluted EPS": -0.24,
        "Total Revenue": 7,
        "Gross Profit": 2,
        "Operating Income": -2,
        "EBIT": -2,
        "Net Income": -5
    },
    "2014-09-30": {
        "Diluted EPS": -0.17,
        "Total Revenue": 7,
        "Gross Profit": 2,
        "Operating Income": -2,
        "EBIT": -2,
        "Net Income": -3
    },
    "2014-06-30": {
        "Diluted EPS": -0.07,
        "Total Revenue": 7,
        "Gross Profit": 2,
        "Operating Income": -2,
        "EBIT": -2,
        "Net Income": 0
    },
    "2014-03-31": {
        "Diluted EPS": -0.55,
        "Total Revenue": 6,
        "Gross Profit": 3,
        "Operating Income": 0,
        "EBIT": 0,
        "Net Income": -10
    },
    "2013-12-31": {
        "Diluted EPS": -0.3,
        "Total Revenue": 6,
        "Gross Profit": 3,
        "Operating Income": -1,
        "EBIT": -1,
        "Net Income": -5
    },
    "2013-09-30": {
        "Diluted EPS": -0.02,
        "Total Revenue": 6,
        "Gross Profit": 2,
        "Operating Income": 0,
        "EBIT": 0,
        "Net Income": 0
    },
    "2013-06-30": {
        "Diluted EPS": -0.06,
        "Total Revenue": 6,
        "Gross Profit": 2,
        "Operating Income": -2,
        "EBIT": -1,
        "Net Income": -1
    },
    "2013-03-31": {
        "Diluted EPS": -0.02,
        "Total Revenue": 6,
        "Gross Profit": 2,
        "Operating Income": -1,
        "EBIT": 0,
        "Net Income": 0
    },
    "2012-12-31": {
        "Diluted EPS": 0.01,
        "Total Revenue": 7,
        "Gross Profit": 3,
        "Operating Income": 0,
        "EBIT": 0,
        "Net Income": 0
    },
    "2012-09-30": {
        "Diluted EPS": 0.0,
        "Total Revenue": 7,
        "Gross Profit": 3,
        "Operating Income": 0,
        "EBIT": 0,
        "Net Income": 0
    },
    "2012-06-30": {
        "Diluted EPS": 0.01,
        "Total Revenue": 7,
        "Gross Profit": 3,
        "Operating Income": 0,
        "EBIT": 0,
        "Net Income": 0
    },
    "2012-03-31": {
        "Diluted EPS": 0.01,
        "Total Revenue": 7,
        "Gross Profit": 3,
        "Operating Income": 0,
        "EBIT": 1,
        "Net Income": 0
    },
    "2011-12-31": {
        "Diluted EPS": -0.04,
        "Total Revenue": 6,
        "Gross Profit": 3,
        "Operating Income": -1,
        "EBIT": -1,
        "Net Income": -1
    },
    "2011-09-30": {
        "Diluted EPS": 0.0,
        "Total Revenue": 6,
        "Gross Profit": 3,
        "Operating Income": 0,
        "EBIT": 0,
        "Net Income": 0
    },
    "2011-06-30": {
        "Diluted EPS": 0.02,
        "Total Revenue": 7,
        "Gross Profit": 3,
        "Operating Income": 1,
        "EBIT": 1,
        "Net Income": 0
    },
    "2011-03-31": {
        "Diluted EPS": 0.03,
        "Total Revenue": 6,
        "Gross Profit": 2,
        "Operating Income": 1,
        "EBIT": 1,
        "Net Income": 0
    },
    "2010-12-31": {
        "Diluted EPS": -0.08,
        "Total Revenue": 6,
        "Gross Profit": 3,
        "Operating Income": -2,
        "EBIT": -1,
        "Net Income": -1
    },
    "2010-09-30": {
        "Diluted EPS": 0.0,
        "Total Revenue": 7,
        "Gross Profit": 3,
        "Operating Income": 0,
        "EBIT": 0,
        "Net Income": 0
    },
    "2010-06-30": {
        "Diluted EPS": 0.0,
        "Total Revenue": 6,
        "Gross Profit": 2,
        "Operating Income": -1,
        "EBIT": -1,
        "Net Income": 0
    },
    "2010-03-31": {
        "Diluted EPS": -0.01,
        "Total Revenue": 6,
        "Gross Profit": 2,
        "Operating Income": 0,
        "EBIT": 0,
        "Net Income": 0
    },
    "2009-12-31": {
        "Diluted EPS": 0.0,
        "Total Revenue": 7,
        "Gross Profit": 3,
        "Operating Income": 0,
        "EBIT": 0,
        "Net Income": 0
    },
    "2009-09-30": {
        "Diluted EPS": -0.0,
        "Total Revenue": 6,
        "Gross Profit": 3,
        "Operating Income": 0,
        "EBIT": 0,
        "Net Income": 0
    },
    "2009-06-30": {
        "Diluted EPS": 0.01,
        "Total Revenue": 7,
        "Gross Profit": 3,
        "Operating Income": 0,
        "EBIT": 1,
        "Net Income": 0
    },
    "2009-03-31": {
        "Diluted EPS": 0.02,
        "Total Revenue": 7,
        "Gross Profit": 3,
        "Operating Income": 1,
        "EBIT": 1,
        "Net Income": 0
    },
    "2023-06-30": {
        "Tax Effect Of Unusual Items": NaN,
        "Tax Rate For Calcs": NaN,
        "Normalized EBITDA": NaN,
        "Total Unusual Items": 2692000.0,
        "Total Unusual Items Excluding Goodwill": 2692000.0,
        "Net Income From Continuing Operation Net Minority Interest": NaN,
        "Reconciled Depreciation": NaN,
        "Reconciled Cost Of Revenue": NaN,
        "EBITDA": NaN,
        "EBIT": NaN,
        "Net Interest Income": NaN,
        "Interest Expense": NaN,
        "Interest Income": NaN,
        "Normalized Income": NaN,
        "Net Income From Continuing And Discontinued Operation": NaN,
        "Total Expenses": NaN,
        "Total Operating Income As Reported": NaN,
        "Diluted Average Shares": 34603000.0,
        "Basic Average Shares": 34603000.0,
        "Diluted EPS": -0.03,
        "Basic EPS": -0.03,
        "Diluted NI Availto Com Stockholders": NaN,
        "Net Income Common Stockholders": NaN,
        "Net Income": NaN,
        "Minority Interests": NaN,
        "Net Income Including Noncontrolling Interests": NaN,
        "Net Income Continuous Operations": NaN,
        "Tax Provision": NaN,
        "Pretax Income": NaN,
        "Other Income Expense": NaN,
        "Other Non Operating Income Expenses": NaN,
        "Special Income Charges": 2692000.0,
        "Gain On Sale Of Ppe": 2692000.0,
        "Other Special Charges": -2692000.0,
        "Net Non Operating Interest Income Expense": NaN,
        "Interest Expense Non Operating": NaN,
        "Interest Income Non Operating": NaN,
        "Operating Income": NaN,
        "Operating Expense": NaN,
        "Research And Development": NaN,
        "Selling General And Administration": NaN,
        "General And Administrative Expense": NaN,
        "Other Gand A": NaN,
        "Salaries And Wages": NaN,
        "Gross Profit": NaN,
        "Cost Of Revenue": NaN,
        "Total Revenue": NaN,
        "Operating Revenue": NaN
    },
    "2023-09-30": {
        "Tax Effect Of Unusual Items": 0.0,
        "Tax Rate For Calcs": 0.064,
        "Normalized EBITDA": -4222000.0,
        "Total Unusual Items": 0.0,
        "Total Unusual Items Excluding Goodwill": 0.0,
        "Net Income From Continuing Operation Net Minority Interest": -4629000.0,
        "Reconciled Depreciation": 186000.0,
        "Reconciled Cost Of Revenue": 3998000.0,
        "EBITDA": -4222000.0,
        "EBIT": -4408000.0,
        "Net Interest Income": -337000.0,
        "Interest Expense": 585000.0,
        "Interest Income": 248000.0,
        "Normalized Income": -4629000.0,
        "Net Income From Continuing And Discontinued Operation": -4629000.0,
        "Total Expenses": 16613000.0,
        "Total Operating Income As Reported": -4637000.0,
        "Diluted Average Shares": 34642000.0,
        "Basic Average Shares": 34642000.0,
        "Diluted EPS": -0.13,
        "Basic EPS": -0.13,
        "Diluted NI Availto Com Stockholders": -4629000.0,
        "Net Income Common Stockholders": -4629000.0,
        "Net Income": -4629000.0,
        "Minority Interests": 46000.0,
        "Net Income Including Noncontrolling Interests": -4675000.0,
        "Net Income Continuous Operations": -4675000.0,
        "Tax Provision": -318000.0,
        "Pretax Income": -4993000.0,
        "Other Income Expense": -19000.0,
        "Other Non Operating Income Expenses": -19000.0,
        "Special Income Charges": 0.0,
        "Gain On Sale Of Ppe": NaN,
        "Other Special Charges": NaN,
        "Net Non Operating Interest Income Expense": -337000.0,
        "Interest Expense Non Operating": 585000.0,
        "Interest Income Non Operating": 248000.0,
        "Operating Income": -4637000.0,
        "Operating Expense": 12615000.0,
        "Research And Development": 1409000.0,
        "Selling General And Administration": 11206000.0,
        "General And Administrative Expense": 11206000.0,
        "Other Gand A": 6672000.0,
        "Salaries And Wages": 4534000.0,
        "Gross Profit": 7978000.0,
        "Cost Of Revenue": 3998000.0,
        "Total Revenue": 11976000.0,
        "Operating Revenue": 11976000.0
    },
    "2023-12-31": {
        "Tax Effect Of Unusual Items": -648480.0,
        "Tax Rate For Calcs": 0.21,
        "Normalized EBITDA": -5181000.0,
        "Total Unusual Items": -3088000.0,
        "Total Unusual Items Excluding Goodwill": -3088000.0,
        "Net Income From Continuing Operation Net Minority Interest": -9607000.0,
        "Reconciled Depreciation": 152000.0,
        "Reconciled Cost Of Revenue": 5733000.0,
        "EBITDA": -8269000.0,
        "EBIT": -8421000.0,
        "Net Interest Income": -673000.0,
        "Interest Expense": 1116000.0,
        "Interest Income": 443000.0,
        "Normalized Income": -7167480.0,
        "Net Income From Continuing And Discontinued Operation": -9607000.0,
        "Total Expenses": 20438000.0,
        "Total Operating Income As Reported": -5776000.0,
        "Diluted Average Shares": NaN,
        "Basic Average Shares": NaN,
        "Diluted EPS": NaN,
        "Basic EPS": NaN,
        "Diluted NI Availto Com Stockholders": -9607000.0,
        "Net Income Common Stockholders": -9607000.0,
        "Net Income": -9607000.0,
        "Minority Interests": 17000.0,
        "Net Income Including Noncontrolling Interests": -9624000.0,
        "Net Income Continuous Operations": -9624000.0,
        "Tax Provision": 87000.0,
        "Pretax Income": -9537000.0,
        "Other Income Expense": -3088000.0,
        "Other Non Operating Income Expenses": 0.0,
        "Special Income Charges": -3088000.0,
        "Gain On Sale Of Ppe": NaN,
        "Other Special Charges": 3088000.0,
        "Net Non Operating Interest Income Expense": -673000.0,
        "Interest Expense Non Operating": 1116000.0,
        "Interest Income Non Operating": 443000.0,
        "Operating Income": -5776000.0,
        "Operating Expense": 14705000.0,
        "Research And Development": 1248000.0,
        "Selling General And Administration": 13457000.0,
        "General And Administrative Expense": 13457000.0,
        "Other Gand A": 8590000.0,
        "Salaries And Wages": 4867000.0,
        "Gross Profit": 8929000.0,
        "Cost Of Revenue": 5733000.0,
        "Total Revenue": 14662000.0,
        "Operating Revenue": 14662000.0
    },
    "2024-03-31": {
        "Tax Effect Of Unusual Items": 0.0,
        "Tax Rate For Calcs": 0.21,
        "Normalized EBITDA": -5984000.0,
        "Total Unusual Items": NaN,
        "Total Unusual Items Excluding Goodwill": NaN,
        "Net Income From Continuing Operation Net Minority Interest": -7576000.0,
        "Reconciled Depreciation": 157000.0,
        "Reconciled Cost Of Revenue": 4295000.0,
        "EBITDA": -5984000.0,
        "EBIT": -6141000.0,
        "Net Interest Income": -901000.0,
        "Interest Expense": 1396000.0,
        "Interest Income": 495000.0,
        "Normalized Income": -7576000.0,
        "Net Income From Continuing And Discontinued Operation": -7576000.0,
        "Total Expenses": 16859000.0,
        "Total Operating Income As Reported": -6615000.0,
        "Diluted Average Shares": 34644000.0,
        "Basic Average Shares": 34644000.0,
        "Diluted EPS": -0.22,
        "Basic EPS": -0.22,
        "Diluted NI Availto Com Stockholders": -7576000.0,
        "Net Income Common Stockholders": -7576000.0,
        "Net Income": -7576000.0,
        "Minority Interests": 14000.0,
        "Net Income Including Noncontrolling Interests": -7590000.0,
        "Net Income Continuous Operations": -7590000.0,
        "Tax Provision": 53000.0,
        "Pretax Income": -7537000.0,
        "Other Income Expense": -21000.0,
        "Other Non Operating Income Expenses": -21000.0,
        "Special Income Charges": NaN,
        "Gain On Sale Of Ppe": NaN,
        "Other Special Charges": NaN,
        "Net Non Operating Interest Income Expense": -901000.0,
        "Interest Expense Non Operating": 1396000.0,
        "Interest Income Non Operating": 495000.0,
        "Operating Income": -6615000.0,
        "Operating Expense": 12564000.0,
        "Research And Development": 1397000.0,
        "Selling General And Administration": 11167000.0,
        "General And Administrative Expense": 11167000.0,
        "Other Gand A": 6471000.0,
        "Salaries And Wages": 4696000.0,
        "Gross Profit": 5949000.0,
        "Cost Of Revenue": 4295000.0,
        "Total Revenue": 10244000.0,
        "Operating Revenue": 10244000.0
    },
    "2024-06-30": {
        "Tax Effect Of Unusual Items": 0.0,
        "Tax Rate For Calcs": 0.21,
        "Normalized EBITDA": -4953000.0,
        "Total Unusual Items": 0.0,
        "Total Unusual Items Excluding Goodwill": 0.0,
        "Net Income From Continuing Operation Net Minority Interest": -6556000.0,
        "Reconciled Depreciation": 156000.0,
        "Reconciled Cost Of Revenue": 4656000.0,
        "EBITDA": -4953000.0,
        "EBIT": -5109000.0,
        "Net Interest Income": -988000.0,
        "Interest Expense": 1427000.0,
        "Interest Income": 439000.0,
        "Normalized Income": -6556000.0,
        "Net Income From Continuing And Discontinued Operation": -6556000.0,
        "Total Expenses": 17696000.0,
        "Total Operating Income As Reported": -5547000.0,
        "Diluted Average Shares": 34644000.0,
        "Basic Average Shares": 34644000.0,
        "Diluted EPS": -0.19,
        "Basic EPS": -0.19,
        "Diluted NI Availto Com Stockholders": -6556000.0,
        "Net Income Common Stockholders": -6556000.0,
        "Net Income": -6556000.0,
        "Minority Interests": 30000.0,
        "Net Income Including Noncontrolling Interests": -6586000.0,
        "Net Income Continuous Operations": -6586000.0,
        "Tax Provision": 50000.0,
        "Pretax Income": -6536000.0,
        "Other Income Expense": -1000.0,
        "Other Non Operating Income Expenses": -1000.0,
        "Special Income Charges": 0.0,
        "Gain On Sale Of Ppe": 0.0,
        "Other Special Charges": NaN,
        "Net Non Operating Interest Income Expense": -988000.0,
        "Interest Expense Non Operating": 1427000.0,
        "Interest Income Non Operating": 439000.0,
        "Operating Income": -5547000.0,
        "Operating Expense": 13040000.0,
        "Research And Development": 1424000.0,
        "Selling General And Administration": 11616000.0,
        "General And Administrative Expense": 11616000.0,
        "Other Gand A": 6934000.0,
        "Salaries And Wages": 4682000.0,
        "Gross Profit": 7493000.0,
        "Cost Of Revenue": 4656000.0,
        "Total Revenue": 12149000.0,
        "Operating Revenue": 12149000.0
    },
    "2024-09-30": {
        "Tax Effect Of Unusual Items": 0.0,
        "Tax Rate For Calcs": 0.21,
        "Normalized EBITDA": -3089000.0,
        "Total Unusual Items": 0.0,
        "Total Unusual Items Excluding Goodwill": 0.0,
        "Net Income From Continuing Operation Net Minority Interest": -4703000.0,
        "Reconciled Depreciation": 144000.0,
        "Reconciled Cost Of Revenue": 4533000.0,
        "EBITDA": -3089000.0,
        "EBIT": -3233000.0,
        "Net Interest Income": -1053000.0,
        "Interest Expense": 1431000.0,
        "Interest Income": 378000.0,
        "Normalized Income": -4703000.0,
        "Net Income From Continuing And Discontinued Operation": -4703000.0,
        "Total Expenses": 15122000.0,
        "Total Operating Income As Reported": -3635000.0,
        "Diluted Average Shares": 34644000.0,
        "Basic Average Shares": 34644000.0,
        "Diluted EPS": -0.14,
        "Basic EPS": -0.14,
        "Diluted NI Availto Com Stockholders": -4703000.0,
        "Net Income Common Stockholders": -4703000.0,
        "Net Income": -4703000.0,
        "Minority Interests": 21000.0,
        "Net Income Including Noncontrolling Interests": -4724000.0,
        "Net Income Continuous Operations": -4724000.0,
        "Tax Provision": 60000.0,
        "Pretax Income": -4664000.0,
        "Other Income Expense": 24000.0,
        "Other Non Operating Income Expenses": 24000.0,
        "Special Income Charges": 0.0,
        "Gain On Sale Of Ppe": NaN,
        "Other Special Charges": NaN,
        "Net Non Operating Interest Income Expense": -1053000.0,
        "Interest Expense Non Operating": 1431000.0,
        "Interest Income Non Operating": 378000.0,
        "Operating Income": -3635000.0,
        "Operating Expense": 10589000.0,
        "Research And Development": 1142000.0,
        "Selling General And Administration": 9447000.0,
        "General And Administrative Expense": 9447000.0,
        "Other Gand A": 5939000.0,
        "Salaries And Wages": 3508000.0,
        "Gross Profit": 6954000.0,
        "Cost Of Revenue": 4533000.0,
        "Total Revenue": 11487000.0,
        "Operating Revenue": 11487000.0
    }
}