{
    "2023-03-31": {
        "Tax Effect Of Unusual Items": 0.0,
        "Tax Rate For Calcs": 0.0,
        "Normalized EBITDA": -5888068.0,
        "Total Unusual Items": 0.0,
        "Total Unusual Items Excluding Goodwill": 0.0,
        "Net Income From Continuing Operation Net Minority Interest": -6486068.0,
        "Reconciled Depreciation": 531726.0,
        "Reconciled Cost Of Revenue": 3559240.0,
        "EBITDA": -5888068.0,
        "EBIT": -6419794.0,
        "Net Interest Income": -66274.0,
        "Interest Expense": 66274.0,
        "Normalized Income": -6486068.0,
        "Net Income From Continuing And Discontinued Operation": -6486068.0,
        "Total Expenses": 6880924.0,
        "Total Operating Income As Reported": -6483078.0,
        "Diluted Average Shares": 3837272.0,
        "Basic Average Shares": 3837272.0,
        "Diluted EPS": -1.69,
        "Basic EPS": -1.69,
        "Diluted NI Availto Com Stockholders": -6486068.0,
        "Net Income Common Stockholders": -6486068.0,
        "Net Income": -6486068.0,
        "Net Income Including Noncontrolling Interests": -6486068.0,
        "Net Income Continuous Operations": -6486068.0,
        "Pretax Income": -6486068.0,
        "Other Income Expense": 63284.0,
        "Other Non Operating Income Expenses": 63284.0,
        "Special Income Charges": 0.0,
        "Impairment Of Capital Assets": 0.0,
        "Net Non Operating Interest Income Expense": -66274.0,
        "Interest Expense Non Operating": 66274.0,
        "Operating Income": -6483078.0,
        "Operating Expense": 3321684.0,
        "Research And Development": 122917.0,
        "Selling General And Administration": 3198767.0,
        "Selling And Marketing Expense": 198285.0,
        "General And Administrative Expense": 3000482.0,
        "Other Gand A": 3000482.0,
        "Gross Profit": -3161394.0,
        "Cost Of Revenue": 3559240.0,
        "Total Revenue": 397846.0,
        "Operating Revenue": 397846.0
    },
    "2022-12-31": {
        "Tax Effect Of Unusual Items": 0.0,
        "Tax Rate For Calcs": 0.0,
        "Normalized EBITDA": -5477016.0,
        "Total Unusual Items": NaN,
        "Total Unusual Items Excluding Goodwill": NaN,
        "Net Income From Continuing Operation Net Minority Interest": -6069300.0,
        "Reconciled Depreciation": 523402.0,
        "Reconciled Cost Of Revenue": 3586819.0,
        "EBITDA": -5477016.0,
        "EBIT": -6000418.0,
        "Net Interest Income": -68882.0,
        "Interest Expense": 68882.0,
        "Normalized Income": -6069300.0,
        "Net Income From Continuing And Discontinued Operation": -6069300.0,
        "Total Expenses": 6563518.0,
        "Total Operating Income As Reported": -6112583.0,
        "Diluted Average Shares": NaN,
        "Basic Average Shares": NaN,
        "Diluted EPS": NaN,
        "Basic EPS": NaN,
        "Diluted NI Availto Com Stockholders": -6069300.0,
        "Net Income Common Stockholders": -6069300.0,
        "Net Income": -6069300.0,
        "Net Income Including Noncontrolling Interests": -6069300.0,
        "Net Income Continuous Operations": -6069300.0,
        "Pretax Income": -6069300.0,
        "Other Income Expense": 112165.0,
        "Other Non Operating Income Expenses": 112165.0,
        "Special Income Charges": NaN,
        "Impairment Of Capital Assets": NaN,
        "Net Non Operating Interest Income Expense": -68882.0,
        "Interest Expense Non Operating": 68882.0,
        "Operating Income": -6112583.0,
        "Operating Expense": 2976699.0,
        "Research And Development": 307902.0,
        "Selling General And Administration": 2668797.0,
        "Selling And Marketing Expense": 354899.0,
        "General And Administrative Expense": 2313898.0,
        "Other Gand A": 2313898.0,
        "Gross Profit": -3135884.0,
        "Cost Of Revenue": 3586819.0,
        "Total Revenue": 450935.0,
        "Operating Revenue": 450935.0
    },
    "2022-09-30": {
        "Tax Effect Of Unusual Items": NaN,
        "Tax Rate For Calcs": NaN,
        "Normalized EBITDA": NaN,
        "Total Unusual Items": NaN,
        "Total Unusual Items Excluding Goodwill": NaN,
        "Net Income From Continuing Operation Net Minority Interest": NaN,
        "Reconciled Depreciation": NaN,
        "Reconciled Cost Of Revenue": NaN,
        "EBITDA": NaN,
        "EBIT": NaN,
        "Net Interest Income": NaN,
        "Interest Expense": NaN,
        "Normalized Income": NaN,
        "Net Income From Continuing And Discontinued Operation": NaN,
        "Total Expenses": NaN,
        "Total Operating Income As Reported": NaN,
        "Diluted Average Shares": 3833430.0,
        "Basic Average Shares": 3833430.0,
        "Diluted EPS": -1.42,
        "Basic EPS": -1.42,
        "Diluted NI Availto Com Stockholders": NaN,
        "Net Income Common Stockholders": NaN,
        "Net Income": NaN,
        "Net Income Including Noncontrolling Interests": NaN,
        "Net Income Continuous Operations": NaN,
        "Pretax Income": NaN,
        "Other Income Expense": NaN,
        "Other Non Operating Income Expenses": NaN,
        "Special Income Charges": NaN,
        "Impairment Of Capital Assets": NaN,
        "Net Non Operating Interest Income Expense": NaN,
        "Interest Expense Non Operating": NaN,
        "Operating Income": NaN,
        "Operating Expense": NaN,
        "Research And Development": NaN,
        "Selling General And Administration": NaN,
        "Selling And Marketing Expense": NaN,
        "General And Administrative Expense": NaN,
        "Other Gand A": NaN,
        "Gross Profit": NaN,
        "Cost Of Revenue": NaN,
        "Total Revenue": NaN,
        "Operating Revenue": NaN
    },
    "2022-06-30": {
        "Tax Effect Of Unusual Items": 0.0,
        "Tax Rate For Calcs": 0.0,
        "Normalized EBITDA": -4963619.0,
        "Net Income From Continuing Operation Net Minority Interest": -5536042.0,
        "Reconciled Depreciation": 497729.0,
        "Reconciled Cost Of Revenue": 3250106.0,
        "EBITDA": -4963619.0,
        "EBIT": -5461348.0,
        "Net Interest Income": -74694.0,
        "Interest Expense": 74694.0,
        "Normalized Income": -5536042.0,
        "Net Income From Continuing And Discontinued Operation": -5536042.0,
        "Total Expenses": 6640245.0,
        "Total Operating Income As Reported": -5570539.0,
        "Diluted Average Shares": 71068671.0,
        "Basic Average Shares": 71068671.0,
        "Diluted EPS": -0.08,
        "Basic EPS": -0.08,
        "Diluted NI Availto Com Stockholders": -5536042.0,
        "Net Income Common Stockholders": -5536042.0,
        "Net Income": -5536042.0,
        "Net Income Including Noncontrolling Interests": -5536042.0,
        "Net Income Continuous Operations": -5536042.0,
        "Pretax Income": -5536042.0,
        "Other Income Expense": 109191.0,
        "Other Non Operating Income Expenses": 109191.0,
        "Net Non Operating Interest Income Expense": -74694.0,
        "Interest Expense Non Operating": 74694.0,
        "Operating Income": -5570539.0,
        "Operating Expense": 3390139.0,
        "Research And Development": 208292.0,
        "Selling General And Administration": 3181847.0,
        "Selling And Marketing Expense": 349917.0,
        "General And Administrative Expense": 2831930.0,
        "Other Gand A": 2831930.0,
        "Gross Profit": -2180400.0,
        "Cost Of Revenue": 3250106.0,
        "Total Revenue": 1069706.0,
        "Operating Revenue": 1069706.0
    },
    "2023-06-30": {
        "Tax Effect Of Unusual Items": 0.0,
        "Tax Rate For Calcs": 0.0,
        "Normalized EBITDA": -5908207.0,
        "Total Unusual Items": NaN,
        "Total Unusual Items Excluding Goodwill": NaN,
        "Net Income From Continuing Operation Net Minority Interest": -6508746.0,
        "Reconciled Depreciation": 534750.0,
        "Reconciled Cost Of Revenue": 3790878.0,
        "EBITDA": -5908207.0,
        "EBIT": -6442957.0,
        "Net Interest Income": -65789.0,
        "Interest Expense": 65789.0,
        "Normalized Income": -6508746.0,
        "Net Income From Continuing And Discontinued Operation": -6508746.0,
        "Total Expenses": 7231059.0,
        "Total Operating Income As Reported": -6442629.0,
        "Diluted Average Shares": 3567201.0,
        "Basic Average Shares": 3567201.0,
        "Diluted EPS": -1.8,
        "Basic EPS": -1.8,
        "Diluted NI Availto Com Stockholders": -6508746.0,
        "Net Income Common Stockholders": -6508746.0,
        "Net Income": -6508746.0,
        "Net Income Including Noncontrolling Interests": -6508746.0,
        "Net Income Continuous Operations": -6508746.0,
        "Pretax Income": -6508746.0,
        "Other Income Expense": -328.0,
        "Other Non Operating Income Expenses": -328.0,
        "Special Income Charges": NaN,
        "Impairment Of Capital Assets": NaN,
        "Net Non Operating Interest Income Expense": -65789.0,
        "Interest Expense Non Operating": 65789.0,
        "Operating Income": -6442629.0,
        "Operating Expense": 3440181.0,
        "Research And Development": 178394.0,
        "Selling General And Administration": 3261787.0,
        "Selling And Marketing Expense": 194254.0,
        "General And Administrative Expense": 3067533.0,
        "Other Gand A": 3067533.0,
        "Gross Profit": -3002448.0,
        "Cost Of Revenue": 3790878.0,
        "Total Revenue": 788430.0,
        "Operating Revenue": 788430.0
    },
    "2022-03-31": {
        "Diluted EPS": -0.07,
        "Total Revenue": 1,
        "Gross Profit": -2,
        "Operating Income": -5,
        "EBIT": -5,
        "Net Income": -5
    },
    "2021-12-31": {
        "Diluted EPS": -0.09,
        "Total Revenue": 0,
        "Gross Profit": -3,
        "Operating Income": -6,
        "EBIT": -6,
        "Net Income": -6
    },
    "2021-09-30": {
        "Diluted EPS": -0.1,
        "Total Revenue": 0,
        "Gross Profit": -4,
        "Operating Income": -7,
        "EBIT": -6,
        "Net Income": -7
    },
    "2021-06-30": {
        "Diluted EPS": -0.07,
        "Total Revenue": 0,
        "Gross Profit": -2,
        "Operating Income": -5,
        "EBIT": -5,
        "Net Income": -5
    },
    "2021-03-31": {
        "Diluted EPS": -0.06,
        "Total Revenue": 0,
        "Gross Profit": -1,
        "Operating Income": -4,
        "EBIT": -4,
        "Net Income": -4
    },
    "2020-12-31": {
        "Diluted EPS": -0.14,
        "Total Revenue": 0,
        "Gross Profit": -3,
        "Operating Income": -6,
        "EBIT": -6,
        "Net Income": -6
    },
    "2020-09-30": {
        "Diluted EPS": -0.09,
        "Total Revenue": 0,
        "Gross Profit": -1,
        "Operating Income": -4,
        "EBIT": -3,
        "Net Income": -4
    },
    "2020-06-30": {
        "Diluted EPS": -0.11,
        "Total Revenue": 0,
        "Gross Profit": -1,
        "Operating Income": -4,
        "EBIT": -3,
        "Net Income": -4
    },
    "2020-03-31": {
        "Diluted EPS": -0.11,
        "Total Revenue": 0,
        "Gross Profit": -1,
        "Operating Income": -3,
        "EBIT": -3,
        "Net Income": -3
    },
    "2019-12-31": {
        "Diluted EPS": -0.15,
        "Total Revenue": 0,
        "Gross Profit": -1,
        "Operating Income": -3,
        "EBIT": -3,
        "Net Income": -3
    },
    "2019-09-30": {
        "Diluted EPS": -0.14,
        "Total Revenue": NaN,
        "Gross Profit": -1,
        "Operating Income": -3,
        "EBIT": -3,
        "Net Income": -3
    },
    "2019-06-30": {
        "Diluted EPS": -0.19,
        "Total Revenue": 0,
        "Gross Profit": -1,
        "Operating Income": -4,
        "EBIT": -4,
        "Net Income": -4
    },
    "2019-03-31": {
        "Diluted EPS": -0.18,
        "Total Revenue": 0,
        "Gross Profit": -1,
        "Operating Income": -3,
        "EBIT": -2,
        "Net Income": -3
    },
    "2018-12-31": {
        "Diluted EPS": -0.3,
        "Total Revenue": 0,
        "Gross Profit": -3,
        "Operating Income": -2,
        "EBIT": -2,
        "Net Income": -4
    },
    "2018-09-30": {
        "Diluted EPS": -0.21,
        "Total Revenue": 0,
        "Gross Profit": 0,
        "Operating Income": -3,
        "EBIT": -2,
        "Net Income": -3
    },
    "2018-06-30": {
        "Diluted EPS": -0.22,
        "Total Revenue": 0,
        "Gross Profit": 0,
        "Operating Income": -3,
        "EBIT": -3,
        "Net Income": -3
    },
    "2018-03-31": {
        "Diluted EPS": -0.21,
        "Total Revenue": 0,
        "Gross Profit": 0,
        "Operating Income": -2,
        "EBIT": -2,
        "Net Income": -2
    },
    "2017-12-31": {
        "Diluted EPS": -0.3,
        "Total Revenue": NaN,
        "Gross Profit": -1,
        "Operating Income": -3,
        "EBIT": -3,
        "Net Income": -3
    },
    "2017-09-30": {
        "Diluted EPS": -0.28,
        "Total Revenue": NaN,
        "Gross Profit": NaN,
        "Operating Income": -2,
        "EBIT": -2,
        "Net Income": -2
    },
    "2017-06-30": {
        "Diluted EPS": -0.24,
        "Total Revenue": 0,
        "Gross Profit": 0,
        "Operating Income": -2,
        "EBIT": -2,
        "Net Income": -2
    },
    "2017-03-31": {
        "Diluted EPS": -0.24,
        "Total Revenue": NaN,
        "Gross Profit": NaN,
        "Operating Income": -2,
        "EBIT": -2,
        "Net Income": -2
    },
    "2016-12-31": {
        "Diluted EPS": -0.45,
        "Total Revenue": NaN,
        "Gross Profit": NaN,
        "Operating Income": -2,
        "EBIT": -2,
        "Net Income": -2
    },
    "2016-09-30": {
        "Diluted EPS": -0.41,
        "Total Revenue": NaN,
        "Gross Profit": NaN,
        "Operating Income": -2,
        "EBIT": -2,
        "Net Income": -2
    },
    "2016-06-30": {
        "Diluted EPS": -0.39,
        "Total Revenue": NaN,
        "Gross Profit": NaN,
        "Operating Income": -2,
        "EBIT": -2,
        "Net Income": -2
    },
    "2016-03-31": {
        "Diluted EPS": -0.35,
        "Total Revenue": NaN,
        "Gross Profit": NaN,
        "Operating Income": -2,
        "EBIT": -2,
        "Net Income": -2
    },
    "2015-12-31": {
        "Diluted EPS": 0.0,
        "Total Revenue": NaN,
        "Gross Profit": NaN,
        "Operating Income": NaN,
        "EBIT": NaN,
        "Net Income": NaN
    },
    "2015-09-30": {
        "Diluted EPS": -0.01,
        "Total Revenue": NaN,
        "Gross Profit": NaN,
        "Operating Income": -2,
        "EBIT": -2,
        "Net Income": -2
    },
    "2014-12-31": {
        "Diluted EPS": 0.0,
        "Total Revenue": NaN,
        "Gross Profit": NaN,
        "Operating Income": NaN,
        "EBIT": NaN,
        "Net Income": NaN
    },
    "2013-12-31": {
        "Diluted EPS": 0.0,
        "Total Revenue": NaN,
        "Gross Profit": NaN,
        "Operating Income": NaN,
        "EBIT": NaN,
        "Net Income": NaN
    },
    "2023-09-30": {
        "Tax Effect Of Unusual Items": 0.0,
        "Tax Rate For Calcs": 0.0,
        "Normalized EBITDA": -5533583.0,
        "Total Unusual Items": NaN,
        "Total Unusual Items Excluding Goodwill": NaN,
        "Net Income From Continuing Operation Net Minority Interest": -6138113.0,
        "Reconciled Depreciation": 540784.0,
        "Reconciled Cost Of Revenue": 4096040.0,
        "EBITDA": -5533583.0,
        "EBIT": -6074367.0,
        "Net Interest Income": -63746.0,
        "Interest Expense": 63746.0,
        "Normalized Income": -6138113.0,
        "Net Income From Continuing And Discontinued Operation": -6138113.0,
        "Total Expenses": 6806984.0,
        "Total Operating Income As Reported": -6073851.0,
        "Diluted Average Shares": 3846622.0,
        "Basic Average Shares": 3846622.0,
        "Diluted EPS": -1.6,
        "Basic EPS": -1.6,
        "Diluted NI Availto Com Stockholders": -6138113.0,
        "Net Income Common Stockholders": -6138113.0,
        "Net Income": -6138113.0,
        "Net Income Including Noncontrolling Interests": -6138113.0,
        "Net Income Continuous Operations": -6138113.0,
        "Pretax Income": -6138113.0,
        "Other Income Expense": -516.0,
        "Other Non Operating Income Expenses": -516.0,
        "Special Income Charges": NaN,
        "Impairment Of Capital Assets": NaN,
        "Net Non Operating Interest Income Expense": -63746.0,
        "Interest Expense Non Operating": 63746.0,
        "Operating Income": -6073851.0,
        "Operating Expense": 2710944.0,
        "Research And Development": 184221.0,
        "Selling General And Administration": 2526723.0,
        "Selling And Marketing Expense": 191862.0,
        "General And Administrative Expense": 2334861.0,
        "Other Gand A": 2334861.0,
        "Gross Profit": -3362907.0,
        "Cost Of Revenue": 4096040.0,
        "Total Revenue": 733133.0,
        "Operating Revenue": 733133.0
    },
    "2024-03-31": {
        "Tax Effect Of Unusual Items": 0.0,
        "Tax Rate For Calcs": 0.0,
        "Normalized EBITDA": -6109141.0,
        "Total Unusual Items": -4265000.0,
        "Total Unusual Items Excluding Goodwill": -4265000.0,
        "Net Income From Continuing Operation Net Minority Interest": -11158248.0,
        "Reconciled Depreciation": 575544.0,
        "Reconciled Cost Of Revenue": 4476297.0,
        "EBITDA": -10374141.0,
        "EBIT": -10949685.0,
        "Net Interest Income": -208563.0,
        "Interest Expense": 208563.0,
        "Normalized Income": -6893248.0,
        "Net Income From Continuing And Discontinued Operation": -11158248.0,
        "Total Expenses": 7160606.0,
        "Total Operating Income As Reported": -10948338.0,
        "Diluted Average Shares": 3849248.0,
        "Basic Average Shares": 3849248.0,
        "Diluted EPS": -2.9,
        "Basic EPS": -2.9,
        "Diluted NI Availto Com Stockholders": -11158248.0,
        "Net Income Common Stockholders": -11158248.0,
        "Net Income": -11158248.0,
        "Net Income Including Noncontrolling Interests": -11158248.0,
        "Net Income Continuous Operations": -11158248.0,
        "Pretax Income": -11158248.0,
        "Other Income Expense": -4266347.0,
        "Other Non Operating Income Expenses": -1347.0,
        "Special Income Charges": -4265000.0,
        "Impairment Of Capital Assets": 4265000.0,
        "Net Non Operating Interest Income Expense": -208563.0,
        "Interest Expense Non Operating": 208563.0,
        "Operating Income": -6683338.0,
        "Operating Expense": 2684309.0,
        "Research And Development": 119789.0,
        "Selling General And Administration": 2564520.0,
        "Selling And Marketing Expense": 63963.0,
        "General And Administrative Expense": 2500557.0,
        "Other Gand A": 2500557.0,
        "Gross Profit": -3999029.0,
        "Cost Of Revenue": 4476297.0,
        "Total Revenue": 477268.0,
        "Operating Revenue": 477268.0
    }
}