{
    "2023-03-31": {
        "Tax Effect Of Unusual Items": NaN,
        "Tax Rate For Calcs": NaN,
        "Normalized EBITDA": NaN,
        "Total Unusual Items": NaN,
        "Total Unusual Items Excluding Goodwill": NaN,
        "Net Income From Continuing Operation Net Minority Interest": NaN,
        "Reconciled Depreciation": NaN,
        "Reconciled Cost Of Revenue": NaN,
        "EBITDA": NaN,
        "EBIT": NaN,
        "Net Interest Income": NaN,
        "Interest Expense": NaN,
        "Interest Income": NaN,
        "Normalized Income": NaN,
        "Net Income From Continuing And Discontinued Operation": NaN,
        "Total Expenses": NaN,
        "Total Operating Income As Reported": NaN,
        "Diluted Average Shares": 81285740.0,
        "Basic Average Shares": 81285740.0,
        "Diluted EPS": -0.06,
        "Basic EPS": -0.06,
        "Diluted NI Availto Com Stockholders": NaN,
        "Net Income Common Stockholders": NaN,
        "Net Income": NaN,
        "Net Income Including Noncontrolling Interests": NaN,
        "Net Income Continuous Operations": NaN,
        "Tax Provision": 0.0,
        "Pretax Income": NaN,
        "Other Income Expense": 20000.0,
        "Special Income Charges": NaN,
        "Gain On Sale Of Ppe": NaN,
        "Net Non Operating Interest Income Expense": NaN,
        "Interest Expense Non Operating": NaN,
        "Interest Income Non Operating": NaN,
        "Operating Income": NaN,
        "Operating Expense": NaN,
        "Research And Development": NaN,
        "Selling General And Administration": NaN,
        "General And Administrative Expense": NaN,
        "Other Gand A": NaN,
        "Gross Profit": NaN,
        "Cost Of Revenue": NaN,
        "Total Revenue": NaN,
        "Operating Revenue": NaN
    },
    "2022-12-31": {
        "Tax Effect Of Unusual Items": NaN,
        "Tax Rate For Calcs": NaN,
        "Normalized EBITDA": NaN,
        "Total Unusual Items": NaN,
        "Total Unusual Items Excluding Goodwill": NaN,
        "Net Income From Continuing Operation Net Minority Interest": NaN,
        "Reconciled Depreciation": NaN,
        "Reconciled Cost Of Revenue": NaN,
        "EBITDA": NaN,
        "EBIT": NaN,
        "Net Interest Income": NaN,
        "Interest Expense": NaN,
        "Interest Income": NaN,
        "Normalized Income": NaN,
        "Net Income From Continuing And Discontinued Operation": NaN,
        "Total Expenses": NaN,
        "Total Operating Income As Reported": NaN,
        "Diluted Average Shares": NaN,
        "Basic Average Shares": NaN,
        "Diluted EPS": NaN,
        "Basic EPS": NaN,
        "Diluted NI Availto Com Stockholders": NaN,
        "Net Income Common Stockholders": NaN,
        "Net Income": NaN,
        "Net Income Including Noncontrolling Interests": NaN,
        "Net Income Continuous Operations": NaN,
        "Tax Provision": NaN,
        "Pretax Income": NaN,
        "Other Income Expense": -578000.0,
        "Special Income Charges": NaN,
        "Gain On Sale Of Ppe": NaN,
        "Net Non Operating Interest Income Expense": NaN,
        "Interest Expense Non Operating": NaN,
        "Interest Income Non Operating": NaN,
        "Operating Income": NaN,
        "Operating Expense": NaN,
        "Research And Development": NaN,
        "Selling General And Administration": NaN,
        "General And Administrative Expense": NaN,
        "Other Gand A": NaN,
        "Gross Profit": NaN,
        "Cost Of Revenue": NaN,
        "Total Revenue": NaN,
        "Operating Revenue": NaN
    },
    "2022-09-30": {
        "Tax Effect Of Unusual Items": NaN,
        "Tax Rate For Calcs": NaN,
        "Normalized EBITDA": NaN,
        "Total Unusual Items": NaN,
        "Total Unusual Items Excluding Goodwill": NaN,
        "Net Income From Continuing Operation Net Minority Interest": NaN,
        "Reconciled Depreciation": NaN,
        "Reconciled Cost Of Revenue": NaN,
        "EBITDA": NaN,
        "EBIT": NaN,
        "Net Interest Income": NaN,
        "Interest Expense": NaN,
        "Interest Income": NaN,
        "Normalized Income": NaN,
        "Net Income From Continuing And Discontinued Operation": NaN,
        "Total Expenses": NaN,
        "Total Operating Income As Reported": NaN,
        "Diluted Average Shares": 77402763.0,
        "Basic Average Shares": 77402763.0,
        "Diluted EPS": -0.05,
        "Basic EPS": -0.05,
        "Diluted NI Availto Com Stockholders": NaN,
        "Net Income Common Stockholders": NaN,
        "Net Income": NaN,
        "Net Income Including Noncontrolling Interests": NaN,
        "Net Income Continuous Operations": NaN,
        "Tax Provision": NaN,
        "Pretax Income": NaN,
        "Other Income Expense": 5000.0,
        "Special Income Charges": NaN,
        "Gain On Sale Of Ppe": NaN,
        "Net Non Operating Interest Income Expense": NaN,
        "Interest Expense Non Operating": NaN,
        "Interest Income Non Operating": NaN,
        "Operating Income": NaN,
        "Operating Expense": NaN,
        "Research And Development": NaN,
        "Selling General And Administration": NaN,
        "General And Administrative Expense": NaN,
        "Other Gand A": NaN,
        "Gross Profit": NaN,
        "Cost Of Revenue": NaN,
        "Total Revenue": NaN,
        "Operating Revenue": NaN
    },
    "2022-06-30": {
        "Tax Effect Of Unusual Items": 0.0,
        "Tax Rate For Calcs": 0.0,
        "Normalized EBITDA": -3665000.0,
        "Total Unusual Items": 739000.0,
        "Total Unusual Items Excluding Goodwill": 739000.0,
        "Net Income From Continuing Operation Net Minority Interest": -3166000.0,
        "Reconciled Depreciation": 228000.0,
        "Reconciled Cost Of Revenue": 1048000.0,
        "EBITDA": -2926000.0,
        "EBIT": -3154000.0,
        "Net Interest Income": 50000.0,
        "Interest Expense": 12000.0,
        "Interest Income": 62000.0,
        "Normalized Income": -3905000.0,
        "Net Income From Continuing And Discontinued Operation": -3166000.0,
        "Total Expenses": 3959000.0,
        "Total Operating Income As Reported": -3955000.0,
        "Diluted Average Shares": 75215009.0,
        "Basic Average Shares": 75215009.0,
        "Diluted EPS": -0.04,
        "Basic EPS": -0.04,
        "Diluted NI Availto Com Stockholders": -3166000.0,
        "Net Income Common Stockholders": -3166000.0,
        "Net Income": -3166000.0,
        "Net Income Including Noncontrolling Interests": -3166000.0,
        "Net Income Continuous Operations": -3166000.0,
        "Tax Provision": 0.0,
        "Pretax Income": -3166000.0,
        "Other Income Expense": 739000.0,
        "Special Income Charges": 739000.0,
        "Gain On Sale Of Ppe": 739000.0,
        "Net Non Operating Interest Income Expense": 50000.0,
        "Interest Expense Non Operating": 12000.0,
        "Interest Income Non Operating": 62000.0,
        "Operating Income": -3955000.0,
        "Operating Expense": 2911000.0,
        "Research And Development": 521000.0,
        "Selling General And Administration": 2390000.0,
        "General And Administrative Expense": 2390000.0,
        "Other Gand A": 2390000.0,
        "Gross Profit": -1044000.0,
        "Cost Of Revenue": 1048000.0,
        "Total Revenue": 4000.0,
        "Operating Revenue": 4000.0
    },
    "2022-03-31": {
        "Diluted EPS": -0.06,
        "Total Revenue": NaN,
        "Gross Profit": -1,
        "Operating Income": -4,
        "EBIT": -4,
        "Net Income": -4
    },
    "2021-12-31": {
        "Diluted EPS": -0.06,
        "Total Revenue": NaN,
        "Gross Profit": -2,
        "Operating Income": -4,
        "EBIT": -4,
        "Net Income": -5
    },
    "2021-09-30": {
        "Diluted EPS": -0.02,
        "Total Revenue": NaN,
        "Gross Profit": -2,
        "Operating Income": -5,
        "EBIT": -4,
        "Net Income": -1
    },
    "2021-06-30": {
        "Diluted EPS": -0.12,
        "Total Revenue": NaN,
        "Gross Profit": -2,
        "Operating Income": -4,
        "EBIT": -4,
        "Net Income": -8
    },
    "2021-03-31": {
        "Diluted EPS": -0.06,
        "Total Revenue": NaN,
        "Gross Profit": -2,
        "Operating Income": -4,
        "EBIT": -4,
        "Net Income": -4
    },
    "2020-12-31": {
        "Diluted EPS": -0.25,
        "Total Revenue": NaN,
        "Gross Profit": -1,
        "Operating Income": -4,
        "EBIT": -3,
        "Net Income": -16
    },
    "2020-09-30": {
        "Diluted EPS": -0.03,
        "Total Revenue": 0,
        "Gross Profit": -2,
        "Operating Income": -3,
        "EBIT": -3,
        "Net Income": -2
    },
    "2020-06-30": {
        "Diluted EPS": -0.07,
        "Total Revenue": NaN,
        "Gross Profit": -1,
        "Operating Income": -4,
        "EBIT": -3,
        "Net Income": -4
    },
    "2020-03-31": {
        "Diluted EPS": -0.07,
        "Total Revenue": 0,
        "Gross Profit": -1,
        "Operating Income": -4,
        "EBIT": -3,
        "Net Income": -4
    },
    "2019-12-31": {
        "Diluted EPS": -0.18,
        "Total Revenue": 1,
        "Gross Profit": -4,
        "Operating Income": -10,
        "EBIT": -9,
        "Net Income": -11
    },
    "2019-09-30": {
        "Diluted EPS": -0.2,
        "Total Revenue": 2,
        "Gross Profit": -6,
        "Operating Income": -11,
        "EBIT": -10,
        "Net Income": -11
    },
    "2019-06-30": {
        "Diluted EPS": -0.21,
        "Total Revenue": 1,
        "Gross Profit": -6,
        "Operating Income": -10,
        "EBIT": -9,
        "Net Income": -11
    },
    "2019-03-31": {
        "Diluted EPS": -0.27,
        "Total Revenue": 0,
        "Gross Profit": -4,
        "Operating Income": -9,
        "EBIT": -8,
        "Net Income": -12
    },
    "2018-12-31": {
        "Diluted EPS": -0.34,
        "Total Revenue": 1,
        "Gross Profit": -5,
        "Operating Income": -12,
        "EBIT": -11,
        "Net Income": -14
    },
    "2018-09-30": {
        "Diluted EPS": -0.24,
        "Total Revenue": 1,
        "Gross Profit": -5,
        "Operating Income": -8,
        "EBIT": -7,
        "Net Income": -9
    },
    "2018-06-30": {
        "Diluted EPS": -0.33,
        "Total Revenue": 0,
        "Gross Profit": -4,
        "Operating Income": -9,
        "EBIT": -8,
        "Net Income": -10
    },
    "2018-03-31": {
        "Diluted EPS": -0.27,
        "Total Revenue": 2,
        "Gross Profit": -4,
        "Operating Income": -7,
        "EBIT": -6,
        "Net Income": -8
    },
    "2017-12-31": {
        "Diluted EPS": -0.32,
        "Total Revenue": 1,
        "Gross Profit": -3,
        "Operating Income": -7,
        "EBIT": -6,
        "Net Income": -7
    },
    "2017-09-30": {
        "Diluted EPS": -0.31,
        "Total Revenue": 1,
        "Gross Profit": -3,
        "Operating Income": -6,
        "EBIT": -5,
        "Net Income": -6
    },
    "2017-06-30": {
        "Diluted EPS": -0.42,
        "Total Revenue": 1,
        "Gross Profit": -2,
        "Operating Income": -8,
        "EBIT": -7,
        "Net Income": -8
    },
    "2017-03-31": {
        "Diluted EPS": -0.26,
        "Total Revenue": NaN,
        "Gross Profit": NaN,
        "Operating Income": -5,
        "EBIT": -4,
        "Net Income": -5
    },
    "2016-12-31": {
        "Diluted EPS": -0.31,
        "Total Revenue": NaN,
        "Gross Profit": NaN,
        "Operating Income": -5,
        "EBIT": -4,
        "Net Income": -5
    },
    "2016-09-30": {
        "Diluted EPS": -0.23,
        "Total Revenue": NaN,
        "Gross Profit": NaN,
        "Operating Income": -3,
        "EBIT": -3,
        "Net Income": -4
    },
    "2016-06-30": {
        "Diluted EPS": -0.2,
        "Total Revenue": NaN,
        "Gross Profit": NaN,
        "Operating Income": -3,
        "EBIT": -3,
        "Net Income": -3
    },
    "2016-03-31": {
        "Diluted EPS": -0.15,
        "Total Revenue": NaN,
        "Gross Profit": NaN,
        "Operating Income": -2,
        "EBIT": -2,
        "Net Income": -2
    },
    "2015-12-31": {
        "Diluted EPS": 0.52,
        "Total Revenue": NaN,
        "Gross Profit": NaN,
        "Operating Income": -2,
        "EBIT": -2,
        "Net Income": -2
    },
    "2015-09-30": {
        "Diluted EPS": -0.19,
        "Total Revenue": NaN,
        "Gross Profit": NaN,
        "Operating Income": -1,
        "EBIT": -1,
        "Net Income": -2
    },
    "2015-06-30": {
        "Diluted EPS": -0.68,
        "Total Revenue": NaN,
        "Gross Profit": NaN,
        "Operating Income": -1,
        "EBIT": -1,
        "Net Income": -3
    },
    "2015-03-31": {
        "Diluted EPS": -1.12,
        "Total Revenue": NaN,
        "Gross Profit": NaN,
        "Operating Income": -1,
        "EBIT": 0,
        "Net Income": -5
    },
    "2014-12-31": {
        "Diluted EPS": 0.0,
        "Total Revenue": NaN,
        "Gross Profit": NaN,
        "Operating Income": NaN,
        "EBIT": NaN,
        "Net Income": NaN
    },
    "2014-09-30": {
        "Diluted EPS": -0.05,
        "Total Revenue": NaN,
        "Gross Profit": NaN,
        "Operating Income": 0,
        "EBIT": 0,
        "Net Income": 0
    },
    "2014-06-30": {
        "Diluted EPS": -0.01,
        "Total Revenue": NaN,
        "Gross Profit": NaN,
        "Operating Income": 0,
        "EBIT": 0,
        "Net Income": 0
    },
    "2023-06-30": {
        "Tax Effect Of Unusual Items": 0.0,
        "Tax Rate For Calcs": 0.0,
        "Normalized EBITDA": -4148000.0,
        "Total Unusual Items": 3000.0,
        "Total Unusual Items Excluding Goodwill": 3000.0,
        "Net Income From Continuing Operation Net Minority Interest": -4759000.0,
        "Reconciled Depreciation": 359000.0,
        "Reconciled Cost Of Revenue": 1481000.0,
        "EBITDA": -4145000.0,
        "EBIT": -4504000.0,
        "Net Interest Income": 93000.0,
        "Interest Expense": 255000.0,
        "Interest Income": 348000.0,
        "Normalized Income": -4762000.0,
        "Net Income From Continuing And Discontinued Operation": -4759000.0,
        "Total Expenses": 4855000.0,
        "Total Operating Income As Reported": -4852000.0,
        "Diluted Average Shares": 84184884.0,
        "Basic Average Shares": 84184884.0,
        "Diluted EPS": -0.06,
        "Basic EPS": -0.06,
        "Diluted NI Availto Com Stockholders": -4759000.0,
        "Net Income Common Stockholders": -4759000.0,
        "Net Income": -4759000.0,
        "Net Income Including Noncontrolling Interests": -4759000.0,
        "Net Income Continuous Operations": -4759000.0,
        "Tax Provision": 0.0,
        "Pretax Income": -4759000.0,
        "Other Income Expense": 3000.0,
        "Special Income Charges": 3000.0,
        "Gain On Sale Of Ppe": 3000.0,
        "Net Non Operating Interest Income Expense": 93000.0,
        "Interest Expense Non Operating": 255000.0,
        "Interest Income Non Operating": 348000.0,
        "Operating Income": -4855000.0,
        "Operating Expense": 3374000.0,
        "Research And Development": 525000.0,
        "Selling General And Administration": 2849000.0,
        "General And Administrative Expense": 2849000.0,
        "Other Gand A": 2849000.0,
        "Gross Profit": -1481000.0,
        "Cost Of Revenue": 1481000.0,
        "Total Revenue": 0.0,
        "Operating Revenue": 0.0
    },
    "2023-09-30": {
        "Tax Effect Of Unusual Items": 0.0,
        "Tax Rate For Calcs": 0.0,
        "Normalized EBITDA": -4100000.0,
        "Total Unusual Items": 0.0,
        "Total Unusual Items Excluding Goodwill": 0.0,
        "Net Income From Continuing Operation Net Minority Interest": -4547000.0,
        "Reconciled Depreciation": 360000.0,
        "Reconciled Cost Of Revenue": 1770000.0,
        "EBITDA": -4100000.0,
        "EBIT": -4460000.0,
        "Net Interest Income": 402000.0,
        "Interest Expense": 87000.0,
        "Interest Income": 489000.0,
        "Normalized Income": -4547000.0,
        "Net Income From Continuing And Discontinued Operation": -4547000.0,
        "Total Expenses": 4974000.0,
        "Total Operating Income As Reported": -4949000.0,
        "Diluted Average Shares": 101617856.0,
        "Basic Average Shares": 101617856.0,
        "Diluted EPS": -0.04,
        "Basic EPS": -0.04,
        "Diluted NI Availto Com Stockholders": -4547000.0,
        "Net Income Common Stockholders": -4547000.0,
        "Net Income": -4547000.0,
        "Net Income Including Noncontrolling Interests": -4547000.0,
        "Net Income Continuous Operations": -4547000.0,
        "Tax Provision": 0.0,
        "Pretax Income": -4547000.0,
        "Other Income Expense": NaN,
        "Special Income Charges": 0.0,
        "Gain On Sale Of Ppe": 0.0,
        "Net Non Operating Interest Income Expense": 402000.0,
        "Interest Expense Non Operating": 87000.0,
        "Interest Income Non Operating": 489000.0,
        "Operating Income": -4949000.0,
        "Operating Expense": 3204000.0,
        "Research And Development": 389000.0,
        "Selling General And Administration": 2815000.0,
        "General And Administrative Expense": 2815000.0,
        "Other Gand A": 2815000.0,
        "Gross Profit": -1745000.0,
        "Cost Of Revenue": 1770000.0,
        "Total Revenue": 25000.0,
        "Operating Revenue": 25000.0
    },
    "2023-12-31": {
        "Tax Effect Of Unusual Items": 0.0,
        "Tax Rate For Calcs": 0.0,
        "Normalized EBITDA": -4706000.0,
        "Total Unusual Items": -4851000.0,
        "Total Unusual Items Excluding Goodwill": -4851000.0,
        "Net Income From Continuing Operation Net Minority Interest": -10026000.0,
        "Reconciled Depreciation": 366000.0,
        "Reconciled Cost Of Revenue": 1966000.0,
        "EBITDA": -9557000.0,
        "EBIT": -9923000.0,
        "Net Interest Income": 141000.0,
        "Interest Expense": 103000.0,
        "Interest Income": 244000.0,
        "Normalized Income": -5175000.0,
        "Net Income From Continuing And Discontinued Operation": -10026000.0,
        "Total Expenses": 5316000.0,
        "Total Operating Income As Reported": -10144000.0,
        "Diluted Average Shares": NaN,
        "Basic Average Shares": NaN,
        "Diluted EPS": NaN,
        "Basic EPS": NaN,
        "Diluted NI Availto Com Stockholders": -10026000.0,
        "Net Income Common Stockholders": -10026000.0,
        "Net Income": -10026000.0,
        "Net Income Including Noncontrolling Interests": -10026000.0,
        "Net Income Continuous Operations": -10026000.0,
        "Tax Provision": 0.0,
        "Pretax Income": -10026000.0,
        "Other Income Expense": -4851000.0,
        "Special Income Charges": -4851000.0,
        "Gain On Sale Of Ppe": 0.0,
        "Net Non Operating Interest Income Expense": 141000.0,
        "Interest Expense Non Operating": 103000.0,
        "Interest Income Non Operating": 244000.0,
        "Operating Income": -5316000.0,
        "Operating Expense": 3350000.0,
        "Research And Development": 382000.0,
        "Selling General And Administration": 2968000.0,
        "General And Administrative Expense": 2968000.0,
        "Other Gand A": 2968000.0,
        "Gross Profit": -1966000.0,
        "Cost Of Revenue": 1966000.0,
        "Total Revenue": 0.0,
        "Operating Revenue": 0.0
    },
    "2024-03-31": {
        "Tax Effect Of Unusual Items": 0.0,
        "Tax Rate For Calcs": 0.0,
        "Normalized EBITDA": -5321000.0,
        "Total Unusual Items": 0.0,
        "Total Unusual Items Excluding Goodwill": 0.0,
        "Net Income From Continuing Operation Net Minority Interest": -5752000.0,
        "Reconciled Depreciation": 325000.0,
        "Reconciled Cost Of Revenue": 2209000.0,
        "EBITDA": -5321000.0,
        "EBIT": -5646000.0,
        "Net Interest Income": 40000.0,
        "Interest Expense": 106000.0,
        "Interest Income": 146000.0,
        "Normalized Income": -5752000.0,
        "Net Income From Continuing And Discontinued Operation": -5752000.0,
        "Total Expenses": 5792000.0,
        "Total Operating Income As Reported": -5792000.0,
        "Diluted Average Shares": 110054605.0,
        "Basic Average Shares": 110054605.0,
        "Diluted EPS": -0.05,
        "Basic EPS": -0.05,
        "Diluted NI Availto Com Stockholders": -5752000.0,
        "Net Income Common Stockholders": -5752000.0,
        "Net Income": -5752000.0,
        "Net Income Including Noncontrolling Interests": -5752000.0,
        "Net Income Continuous Operations": -5752000.0,
        "Tax Provision": NaN,
        "Pretax Income": -5752000.0,
        "Other Income Expense": NaN,
        "Special Income Charges": 0.0,
        "Gain On Sale Of Ppe": 0.0,
        "Net Non Operating Interest Income Expense": 40000.0,
        "Interest Expense Non Operating": 106000.0,
        "Interest Income Non Operating": 146000.0,
        "Operating Income": -5792000.0,
        "Operating Expense": 3583000.0,
        "Research And Development": 588000.0,
        "Selling General And Administration": 2995000.0,
        "General And Administrative Expense": 2995000.0,
        "Other Gand A": 2995000.0,
        "Gross Profit": -2209000.0,
        "Cost Of Revenue": 2209000.0,
        "Total Revenue": 0.0,
        "Operating Revenue": 0.0
    },
    "2024-06-30": {
        "Tax Effect Of Unusual Items": 0.0,
        "Tax Rate For Calcs": 0.21,
        "Normalized EBITDA": -5723000.0,
        "Total Unusual Items": 0.0,
        "Total Unusual Items Excluding Goodwill": 0.0,
        "Net Income From Continuing Operation Net Minority Interest": -6150000.0,
        "Reconciled Depreciation": 340000.0,
        "Reconciled Cost Of Revenue": 2373000.0,
        "EBITDA": -5723000.0,
        "EBIT": -6063000.0,
        "Net Interest Income": 15000.0,
        "Interest Expense": 84000.0,
        "Interest Income": 99000.0,
        "Normalized Income": -6150000.0,
        "Net Income From Continuing And Discontinued Operation": -6150000.0,
        "Total Expenses": 6162000.0,
        "Total Operating Income As Reported": -6162000.0,
        "Diluted Average Shares": 123793140.0,
        "Basic Average Shares": 123793140.0,
        "Diluted EPS": -0.05,
        "Basic EPS": -0.05,
        "Diluted NI Availto Com Stockholders": -6150000.0,
        "Net Income Common Stockholders": -6150000.0,
        "Net Income": -6150000.0,
        "Net Income Including Noncontrolling Interests": -6150000.0,
        "Net Income Continuous Operations": -6150000.0,
        "Tax Provision": 3000.0,
        "Pretax Income": -6147000.0,
        "Other Income Expense": NaN,
        "Special Income Charges": 0.0,
        "Gain On Sale Of Ppe": 0.0,
        "Net Non Operating Interest Income Expense": 15000.0,
        "Interest Expense Non Operating": 84000.0,
        "Interest Income Non Operating": 99000.0,
        "Operating Income": -6162000.0,
        "Operating Expense": 3789000.0,
        "Research And Development": 363000.0,
        "Selling General And Administration": 3426000.0,
        "General And Administrative Expense": 3426000.0,
        "Other Gand A": 3426000.0,
        "Gross Profit": -2373000.0,
        "Cost Of Revenue": 2373000.0,
        "Total Revenue": 0.0,
        "Operating Revenue": 0.0
    }
}