{
    "2023-06-30": {
        "Tax Effect Of Unusual Items": NaN,
        "Tax Rate For Calcs": NaN,
        "Normalized EBITDA": NaN,
        "Total Unusual Items": NaN,
        "Total Unusual Items Excluding Goodwill": NaN,
        "Net Income From Continuing Operation Net Minority Interest": NaN,
        "Reconciled Depreciation": NaN,
        "Reconciled Cost Of Revenue": NaN,
        "EBITDA": NaN,
        "EBIT": NaN,
        "Net Interest Income": NaN,
        "Interest Expense": NaN,
        "Normalized Income": NaN,
        "Net Income From Continuing And Discontinued Operation": NaN,
        "Total Expenses": NaN,
        "Total Operating Income As Reported": NaN,
        "Diluted Average Shares": 300141000.0,
        "Basic Average Shares": 300141000.0,
        "Diluted EPS": -0.28,
        "Basic EPS": -0.28,
        "Diluted NI Availto Com Stockholders": NaN,
        "Net Income Common Stockholders": NaN,
        "Net Income": NaN,
        "Minority Interests": NaN,
        "Net Income Including Noncontrolling Interests": NaN,
        "Net Income Continuous Operations": NaN,
        "Tax Provision": NaN,
        "Pretax Income": NaN,
        "Other Income Expense": NaN,
        "Other Non Operating Income Expenses": NaN,
        "Special Income Charges": NaN,
        "Gain On Sale Of Ppe": NaN,
        "Other Special Charges": NaN,
        "Impairment Of Capital Assets": NaN,
        "Earnings From Equity Interest": NaN,
        "Gain On Sale Of Security": NaN,
        "Net Non Operating Interest Income Expense": NaN,
        "Interest Expense Non Operating": NaN,
        "Operating Income": NaN,
        "Operating Expense": NaN,
        "Other Operating Expenses": NaN,
        "Selling General And Administration": NaN,
        "Selling And Marketing Expense": NaN,
        "General And Administrative Expense": NaN,
        "Other Gand A": NaN,
        "Gross Profit": NaN,
        "Cost Of Revenue": NaN,
        "Total Revenue": NaN,
        "Operating Revenue": NaN
    },
    "2023-03-31": {
        "Tax Effect Of Unusual Items": NaN,
        "Tax Rate For Calcs": NaN,
        "Normalized EBITDA": NaN,
        "Total Unusual Items": NaN,
        "Total Unusual Items Excluding Goodwill": NaN,
        "Net Income From Continuing Operation Net Minority Interest": NaN,
        "Reconciled Depreciation": NaN,
        "Reconciled Cost Of Revenue": NaN,
        "EBITDA": NaN,
        "EBIT": NaN,
        "Net Interest Income": NaN,
        "Interest Expense": NaN,
        "Normalized Income": NaN,
        "Net Income From Continuing And Discontinued Operation": NaN,
        "Total Expenses": NaN,
        "Total Operating Income As Reported": NaN,
        "Diluted Average Shares": NaN,
        "Basic Average Shares": NaN,
        "Diluted EPS": NaN,
        "Basic EPS": NaN,
        "Diluted NI Availto Com Stockholders": NaN,
        "Net Income Common Stockholders": NaN,
        "Net Income": NaN,
        "Minority Interests": NaN,
        "Net Income Including Noncontrolling Interests": NaN,
        "Net Income Continuous Operations": NaN,
        "Tax Provision": NaN,
        "Pretax Income": NaN,
        "Other Income Expense": NaN,
        "Other Non Operating Income Expenses": -86000.0,
        "Special Income Charges": NaN,
        "Gain On Sale Of Ppe": NaN,
        "Other Special Charges": NaN,
        "Impairment Of Capital Assets": NaN,
        "Earnings From Equity Interest": NaN,
        "Gain On Sale Of Security": NaN,
        "Net Non Operating Interest Income Expense": NaN,
        "Interest Expense Non Operating": NaN,
        "Operating Income": NaN,
        "Operating Expense": NaN,
        "Other Operating Expenses": NaN,
        "Selling General And Administration": NaN,
        "Selling And Marketing Expense": NaN,
        "General And Administrative Expense": NaN,
        "Other Gand A": NaN,
        "Gross Profit": NaN,
        "Cost Of Revenue": NaN,
        "Total Revenue": NaN,
        "Operating Revenue": NaN
    },
    "2022-12-31": {
        "Tax Effect Of Unusual Items": NaN,
        "Tax Rate For Calcs": NaN,
        "Normalized EBITDA": NaN,
        "Total Unusual Items": NaN,
        "Total Unusual Items Excluding Goodwill": NaN,
        "Net Income From Continuing Operation Net Minority Interest": NaN,
        "Reconciled Depreciation": NaN,
        "Reconciled Cost Of Revenue": NaN,
        "EBITDA": NaN,
        "EBIT": NaN,
        "Net Interest Income": NaN,
        "Interest Expense": NaN,
        "Normalized Income": NaN,
        "Net Income From Continuing And Discontinued Operation": NaN,
        "Total Expenses": NaN,
        "Total Operating Income As Reported": NaN,
        "Diluted Average Shares": NaN,
        "Basic Average Shares": NaN,
        "Diluted EPS": NaN,
        "Basic EPS": NaN,
        "Diluted NI Availto Com Stockholders": NaN,
        "Net Income Common Stockholders": NaN,
        "Net Income": NaN,
        "Minority Interests": NaN,
        "Net Income Including Noncontrolling Interests": NaN,
        "Net Income Continuous Operations": NaN,
        "Tax Provision": NaN,
        "Pretax Income": NaN,
        "Other Income Expense": NaN,
        "Other Non Operating Income Expenses": 0.0,
        "Special Income Charges": NaN,
        "Gain On Sale Of Ppe": NaN,
        "Other Special Charges": NaN,
        "Impairment Of Capital Assets": NaN,
        "Earnings From Equity Interest": NaN,
        "Gain On Sale Of Security": NaN,
        "Net Non Operating Interest Income Expense": NaN,
        "Interest Expense Non Operating": NaN,
        "Operating Income": NaN,
        "Operating Expense": NaN,
        "Other Operating Expenses": NaN,
        "Selling General And Administration": NaN,
        "Selling And Marketing Expense": NaN,
        "General And Administrative Expense": NaN,
        "Other Gand A": NaN,
        "Gross Profit": NaN,
        "Cost Of Revenue": NaN,
        "Total Revenue": NaN,
        "Operating Revenue": NaN
    },
    "2022-09-30": {
        "Tax Effect Of Unusual Items": NaN,
        "Tax Rate For Calcs": NaN,
        "Normalized EBITDA": NaN,
        "Total Unusual Items": NaN,
        "Total Unusual Items Excluding Goodwill": NaN,
        "Net Income From Continuing Operation Net Minority Interest": NaN,
        "Reconciled Depreciation": NaN,
        "Reconciled Cost Of Revenue": NaN,
        "EBITDA": NaN,
        "EBIT": NaN,
        "Net Interest Income": NaN,
        "Interest Expense": NaN,
        "Normalized Income": NaN,
        "Net Income From Continuing And Discontinued Operation": NaN,
        "Total Expenses": NaN,
        "Total Operating Income As Reported": NaN,
        "Diluted Average Shares": NaN,
        "Basic Average Shares": NaN,
        "Diluted EPS": NaN,
        "Basic EPS": NaN,
        "Diluted NI Availto Com Stockholders": NaN,
        "Net Income Common Stockholders": NaN,
        "Net Income": NaN,
        "Minority Interests": NaN,
        "Net Income Including Noncontrolling Interests": NaN,
        "Net Income Continuous Operations": NaN,
        "Tax Provision": NaN,
        "Pretax Income": NaN,
        "Other Income Expense": NaN,
        "Other Non Operating Income Expenses": -169000.0,
        "Special Income Charges": NaN,
        "Gain On Sale Of Ppe": NaN,
        "Other Special Charges": NaN,
        "Impairment Of Capital Assets": NaN,
        "Earnings From Equity Interest": NaN,
        "Gain On Sale Of Security": NaN,
        "Net Non Operating Interest Income Expense": NaN,
        "Interest Expense Non Operating": NaN,
        "Operating Income": NaN,
        "Operating Expense": NaN,
        "Other Operating Expenses": NaN,
        "Selling General And Administration": NaN,
        "Selling And Marketing Expense": NaN,
        "General And Administrative Expense": NaN,
        "Other Gand A": NaN,
        "Gross Profit": NaN,
        "Cost Of Revenue": NaN,
        "Total Revenue": NaN,
        "Operating Revenue": NaN
    },
    "2022-06-30": {
        "Tax Effect Of Unusual Items": -65033320.0,
        "Tax Rate For Calcs": 0.22,
        "Normalized EBITDA": 1541622000.0,
        "Total Unusual Items": -295606000.0,
        "Total Unusual Items Excluding Goodwill": -295606000.0,
        "Net Income From Continuing Operation Net Minority Interest": 765135000.0,
        "Reconciled Depreciation": 174199000.0,
        "Reconciled Cost Of Revenue": 936702000.0,
        "EBITDA": 1246016000.0,
        "EBIT": 1071817000.0,
        "Net Interest Income": -34213000.0,
        "Interest Expense": 34213000.0,
        "Normalized Income": 995707680.0,
        "Net Income From Continuing And Discontinued Operation": 765135000.0,
        "Total Expenses": 997857000.0,
        "Total Operating Income As Reported": 1061518000.0,
        "Diluted Average Shares": 334561000.0,
        "Basic Average Shares": 310535000.0,
        "Diluted EPS": 2.29,
        "Basic EPS": 2.46,
        "Diluted NI Availto Com Stockholders": 765135000.0,
        "Net Income Common Stockholders": 765135000.0,
        "Net Income": 765135000.0,
        "Minority Interests": -46898000.0,
        "Net Income Including Noncontrolling Interests": 812033000.0,
        "Net Income Continuous Operations": 812033000.0,
        "Tax Provision": 225571000.0,
        "Pretax Income": 1037604000.0,
        "Other Income Expense": -280893000.0,
        "Other Non Operating Income Expenses": NaN,
        "Special Income Charges": -29944000.0,
        "Gain On Sale Of Ppe": -71000.0,
        "Other Special Charges": 6510000.0,
        "Impairment Of Capital Assets": 23363000.0,
        "Restructuring And Mergern Acquisition": NaN,
        "Earnings From Equity Interest": 14713000.0,
        "Gain On Sale Of Security": -265662000.0,
        "Net Non Operating Interest Income Expense": -34213000.0,
        "Interest Expense Non Operating": 34213000.0,
        "Operating Income": 1352710000.0,
        "Operating Expense": 61155000.0,
        "Other Operating Expenses": -114582000.0,
        "Selling General And Administration": 175737000.0,
        "Selling And Marketing Expense": 131298000.0,
        "General And Administrative Expense": 44439000.0,
        "Other Gand A": 44439000.0,
        "Gross Profit": 1413865000.0,
        "Cost Of Revenue": 936702000.0,
        "Total Revenue": 2350567000.0,
        "Operating Revenue": 2350567000.0
    },
    "2023-09-30": {
        "Tax Effect Of Unusual Items": -7065300.0,
        "Tax Rate For Calcs": 0.3,
        "Normalized EBITDA": 278638000.0,
        "Total Unusual Items": -23551000.0,
        "Total Unusual Items Excluding Goodwill": -23551000.0,
        "Net Income From Continuing Operation Net Minority Interest": 17808000.0,
        "Reconciled Depreciation": 177148000.0,
        "Reconciled Cost Of Revenue": 913887000.0,
        "EBITDA": 255087000.0,
        "EBIT": 77939000.0,
        "Net Interest Income": -31634000.0,
        "Interest Expense": 31634000.0,
        "Normalized Income": 34293700.0,
        "Net Income From Continuing And Discontinued Operation": 17808000.0,
        "Total Expenses": 982676000.0,
        "Total Operating Income As Reported": 55732000.0,
        "Diluted Average Shares": 311534000.0,
        "Basic Average Shares": 300141000.0,
        "Diluted EPS": 0.06,
        "Basic EPS": 0.06,
        "Diluted NI Availto Com Stockholders": 17808000.0,
        "Net Income Common Stockholders": 17808000.0,
        "Net Income": 17808000.0,
        "Minority Interests": -14834000.0,
        "Net Income Including Noncontrolling Interests": 32642000.0,
        "Net Income Continuous Operations": 32642000.0,
        "Tax Provision": 13663000.0,
        "Pretax Income": 46305000.0,
        "Other Income Expense": -1344000.0,
        "Other Non Operating Income Expenses": NaN,
        "Special Income Charges": -26999000.0,
        "Gain On Sale Of Ppe": 136000.0,
        "Other Special Charges": 13659000.0,
        "Impairment Of Capital Assets": 13476000.0,
        "Earnings From Equity Interest": 22207000.0,
        "Gain On Sale Of Security": 3448000.0,
        "Net Non Operating Interest Income Expense": -31634000.0,
        "Interest Expense Non Operating": 31634000.0,
        "Operating Income": 79283000.0,
        "Operating Expense": 68789000.0,
        "Other Operating Expenses": -59178000.0,
        "Selling General And Administration": 127967000.0,
        "Selling And Marketing Expense": 69542000.0,
        "General And Administrative Expense": 58425000.0,
        "Other Gand A": 58425000.0,
        "Gross Profit": 148072000.0,
        "Cost Of Revenue": 913887000.0,
        "Total Revenue": 1061959000.0,
        "Operating Revenue": 1061413000.0
    },
    "2023-12-31": {
        "Tax Effect Of Unusual Items": 3469983.195581,
        "Tax Rate For Calcs": 0.20547,
        "Normalized EBITDA": 336626000.0,
        "Total Unusual Items": 16888000.0,
        "Total Unusual Items Excluding Goodwill": 16888000.0,
        "Net Income From Continuing Operation Net Minority Interest": 94764000.0,
        "Reconciled Depreciation": 174992000.0,
        "Reconciled Cost Of Revenue": 904095000.0,
        "EBITDA": 353514000.0,
        "EBIT": 178522000.0,
        "Net Interest Income": -32608000.0,
        "Interest Expense": 32608000.0,
        "Normalized Income": 81345983.195581,
        "Net Income From Continuing And Discontinued Operation": 94764000.0,
        "Total Expenses": 969355000.0,
        "Total Operating Income As Reported": 154844000.0,
        "Diluted Average Shares": NaN,
        "Basic Average Shares": NaN,
        "Diluted EPS": NaN,
        "Basic EPS": NaN,
        "Diluted NI Availto Com Stockholders": 94764000.0,
        "Net Income Common Stockholders": 94764000.0,
        "Net Income": 94764000.0,
        "Minority Interests": -21169000.0,
        "Net Income Including Noncontrolling Interests": 115933000.0,
        "Net Income Continuous Operations": 115933000.0,
        "Tax Provision": 29981000.0,
        "Pretax Income": 145914000.0,
        "Other Income Expense": 40566000.0,
        "Other Non Operating Income Expenses": -288000.0,
        "Special Income Charges": -11512000.0,
        "Gain On Sale Of Ppe": 0.0,
        "Other Special Charges": 4956000.0,
        "Impairment Of Capital Assets": 6556000.0,
        "Earnings From Equity Interest": 23966000.0,
        "Gain On Sale Of Security": 28400000.0,
        "Net Non Operating Interest Income Expense": -32608000.0,
        "Interest Expense Non Operating": 32608000.0,
        "Operating Income": 137956000.0,
        "Operating Expense": 65260000.0,
        "Other Operating Expenses": -57556000.0,
        "Selling General And Administration": 122816000.0,
        "Selling And Marketing Expense": 67887000.0,
        "General And Administrative Expense": 54929000.0,
        "Other Gand A": 54929000.0,
        "Gross Profit": 203216000.0,
        "Cost Of Revenue": 904095000.0,
        "Total Revenue": 1107311000.0,
        "Operating Revenue": 1106646000.0
    },
    "2024-03-31": {
        "Tax Effect Of Unusual Items": 344930.0,
        "Tax Rate For Calcs": 0.17,
        "Normalized EBITDA": 260308000.0,
        "Total Unusual Items": 2029000.0,
        "Total Unusual Items Excluding Goodwill": 2029000.0,
        "Net Income From Continuing Operation Net Minority Interest": 36345000.0,
        "Reconciled Depreciation": 173830000.0,
        "Reconciled Cost Of Revenue": 932624000.0,
        "EBITDA": 262337000.0,
        "EBIT": 88507000.0,
        "Net Interest Income": -30187000.0,
        "Interest Expense": 30187000.0,
        "Normalized Income": 34660930.0,
        "Net Income From Continuing And Discontinued Operation": 36345000.0,
        "Total Expenses": 994436000.0,
        "Total Operating Income As Reported": 65160000.0,
        "Diluted Average Shares": 312503000.0,
        "Basic Average Shares": 304943000.0,
        "Diluted EPS": 0.12,
        "Basic EPS": 0.12,
        "Diluted NI Availto Com Stockholders": 36345000.0,
        "Net Income Common Stockholders": 36345000.0,
        "Net Income": 36345000.0,
        "Minority Interests": -11942000.0,
        "Net Income Including Noncontrolling Interests": 48287000.0,
        "Net Income Continuous Operations": 48287000.0,
        "Tax Provision": 10033000.0,
        "Pretax Income": 58320000.0,
        "Other Income Expense": 25376000.0,
        "Other Non Operating Income Expenses": NaN,
        "Special Income Charges": -7417000.0,
        "Gain On Sale Of Ppe": -188000.0,
        "Other Special Charges": 2039000.0,
        "Impairment Of Capital Assets": 5190000.0,
        "Earnings From Equity Interest": 23347000.0,
        "Gain On Sale Of Security": 9446000.0,
        "Net Non Operating Interest Income Expense": -30187000.0,
        "Interest Expense Non Operating": 30187000.0,
        "Operating Income": 63131000.0,
        "Operating Expense": 61812000.0,
        "Other Operating Expenses": -53863000.0,
        "Selling General And Administration": 115675000.0,
        "Selling And Marketing Expense": 59813000.0,
        "General And Administrative Expense": 55862000.0,
        "Other Gand A": 55862000.0,
        "Gross Profit": 124943000.0,
        "Cost Of Revenue": 932624000.0,
        "Total Revenue": 1057567000.0,
        "Operating Revenue": 1056712000.0
    },
    "2024-06-30": {
        "Tax Effect Of Unusual Items": -1600020.0,
        "Tax Rate For Calcs": 0.18,
        "Normalized EBITDA": 139097000.0,
        "Total Unusual Items": -8889000.0,
        "Total Unusual Items Excluding Goodwill": -8889000.0,
        "Net Income From Continuing Operation Net Minority Interest": -65663000.0,
        "Reconciled Depreciation": 171316000.0,
        "Reconciled Cost Of Revenue": 905670000.0,
        "EBITDA": 130208000.0,
        "EBIT": -41108000.0,
        "Net Interest Income": -32681000.0,
        "Interest Expense": 32681000.0,
        "Normalized Income": -58374020.0,
        "Net Income From Continuing And Discontinued Operation": -65663000.0,
        "Total Expenses": 981182000.0,
        "Total Operating Income As Reported": -61989000.0,
        "Diluted Average Shares": 310806000.0,
        "Basic Average Shares": 310806000.0,
        "Diluted EPS": -0.21,
        "Basic EPS": -0.21,
        "Diluted NI Availto Com Stockholders": -65663000.0,
        "Net Income Common Stockholders": -65663000.0,
        "Net Income": -65663000.0,
        "Minority Interests": -5208000.0,
        "Net Income Including Noncontrolling Interests": -60455000.0,
        "Net Income Continuous Operations": -60455000.0,
        "Tax Provision": -13334000.0,
        "Pretax Income": -73789000.0,
        "Other Income Expense": 11992000.0,
        "Other Non Operating Income Expenses": NaN,
        "Special Income Charges": -3304000.0,
        "Gain On Sale Of Ppe": 18000.0,
        "Other Special Charges": 3009000.0,
        "Impairment Of Capital Assets": 313000.0,
        "Earnings From Equity Interest": 20881000.0,
        "Gain On Sale Of Security": -5585000.0,
        "Net Non Operating Interest Income Expense": -32681000.0,
        "Interest Expense Non Operating": 32681000.0,
        "Operating Income": -53100000.0,
        "Operating Expense": 75512000.0,
        "Other Operating Expenses": -54723000.0,
        "Selling General And Administration": 130235000.0,
        "Selling And Marketing Expense": 70807000.0,
        "General And Administrative Expense": 59428000.0,
        "Other Gand A": 59428000.0,
        "Gross Profit": 22412000.0,
        "Cost Of Revenue": 905670000.0,
        "Total Revenue": 928082000.0,
        "Operating Revenue": 927217000.0
    },
    "2024-09-30": {
        "Tax Effect Of Unusual Items": 1511790.0,
        "Tax Rate For Calcs": 0.21,
        "Normalized EBITDA": 183199000.0,
        "Total Unusual Items": 7199000.0,
        "Total Unusual Items Excluding Goodwill": 7199000.0,
        "Net Income From Continuing Operation Net Minority Interest": -20444000.0,
        "Reconciled Depreciation": 171195000.0,
        "Reconciled Cost Of Revenue": 932400000.0,
        "EBITDA": 190398000.0,
        "EBIT": 19203000.0,
        "Net Interest Income": -28278000.0,
        "Interest Expense": 28278000.0,
        "Normalized Income": -26131210.0,
        "Net Income From Continuing And Discontinued Operation": -20444000.0,
        "Total Expenses": 997210000.0,
        "Total Operating Income As Reported": -5903000.0,
        "Diluted Average Shares": 311025000.0,
        "Basic Average Shares": 311025000.0,
        "Diluted EPS": -0.07,
        "Basic EPS": -0.07,
        "Diluted NI Availto Com Stockholders": -20444000.0,
        "Net Income Common Stockholders": -20444000.0,
        "Net Income": -20444000.0,
        "Minority Interests": -10157000.0,
        "Net Income Including Noncontrolling Interests": -10287000.0,
        "Net Income Continuous Operations": -10287000.0,
        "Tax Provision": 1212000.0,
        "Pretax Income": -9075000.0,
        "Other Income Expense": 32833000.0,
        "Other Non Operating Income Expenses": NaN,
        "Special Income Charges": -11169000.0,
        "Gain On Sale Of Ppe": 1297000.0,
        "Other Special Charges": -989000.0,
        "Impairment Of Capital Assets": 13455000.0,
        "Earnings From Equity Interest": 25634000.0,
        "Gain On Sale Of Security": 18368000.0,
        "Net Non Operating Interest Income Expense": -28278000.0,
        "Interest Expense Non Operating": 28278000.0,
        "Operating Income": -13630000.0,
        "Operating Expense": 64810000.0,
        "Other Operating Expenses": -51961000.0,
        "Selling General And Administration": 116771000.0,
        "Selling And Marketing Expense": 62144000.0,
        "General And Administrative Expense": 54627000.0,
        "Other Gand A": 54627000.0,
        "Gross Profit": 51180000.0,
        "Cost Of Revenue": 932400000.0,
        "Total Revenue": 983580000.0,
        "Operating Revenue": 982726000.0
    }
}