{
    "2023-03-31": {
        "Tax Effect Of Unusual Items": 0.0,
        "Tax Rate For Calcs": 0.0,
        "Normalized EBITDA": 15509000.0,
        "Total Unusual Items": -33207000.0,
        "Total Unusual Items Excluding Goodwill": -33207000.0,
        "Net Income From Continuing Operation Net Minority Interest": -49956000.0,
        "Reconciled Depreciation": 215000.0,
        "EBIT": -17913000.0,
        "Net Interest Income": 467000.0,
        "Interest Income": 467000.0,
        "Normalized Income": -16749000.0,
        "Net Income From Continuing And Discontinued Operation": -49956000.0,
        "Total Expenses": 19404000.0,
        "Total Operating Income As Reported": -17913000.0,
        "Diluted Average Shares": 75715000.0,
        "Basic Average Shares": 75715000.0,
        "Diluted EPS": -0.66,
        "Basic EPS": -0.66,
        "Diluted NI Availto Com Stockholders": -49956000.0,
        "Net Income Common Stockholders": -49956000.0,
        "Net Income": -49956000.0,
        "Net Income Including Noncontrolling Interests": -49956000.0,
        "Net Income Continuous Operations": -49956000.0,
        "Pretax Income": -49956000.0,
        "Other Income Expense": -32510000.0,
        "Other Non Operating Income Expenses": 697000.0,
        "Gain On Sale Of Security": -33207000.0,
        "Net Non Operating Interest Income Expense": 467000.0,
        "Interest Income Non Operating": 467000.0,
        "Operating Income": -17913000.0,
        "Operating Expense": 19404000.0,
        "Research And Development": 15915000.0,
        "Selling General And Administration": 3489000.0,
        "General And Administrative Expense": 3489000.0,
        "Other Gand A": 3489000.0,
        "Total Revenue": 1491000.0,
        "Operating Revenue": 1491000.0
    },
    "2022-12-31": {
        "Tax Effect Of Unusual Items": 0.0,
        "Tax Rate For Calcs": 0.0,
        "Normalized EBITDA": -19863000.0,
        "Total Unusual Items": -10391000.0,
        "Total Unusual Items Excluding Goodwill": -10391000.0,
        "Net Income From Continuing Operation Net Minority Interest": -29125000.0,
        "Reconciled Depreciation": 222000.0,
        "EBIT": -19863000.0,
        "Net Interest Income": 433000.0,
        "Interest Income": 433000.0,
        "Normalized Income": -29125000.0,
        "Net Income From Continuing And Discontinued Operation": -29125000.0,
        "Total Expenses": 21337000.0,
        "Total Operating Income As Reported": -19863000.0,
        "Diluted Average Shares": 62938000.0,
        "Basic Average Shares": 62938000.0,
        "Diluted EPS": -0.46,
        "Basic EPS": -0.46,
        "Diluted NI Availto Com Stockholders": -29125000.0,
        "Net Income Common Stockholders": -29125000.0,
        "Net Income": -29125000.0,
        "Net Income Including Noncontrolling Interests": -29125000.0,
        "Net Income Continuous Operations": -29125000.0,
        "Pretax Income": -29125000.0,
        "Other Income Expense": -9262000.0,
        "Other Non Operating Income Expenses": -9262000.0,
        "Gain On Sale Of Security": -10391000.0,
        "Net Non Operating Interest Income Expense": 433000.0,
        "Interest Income Non Operating": 433000.0,
        "Operating Income": -19863000.0,
        "Operating Expense": 21337000.0,
        "Research And Development": 17952000.0,
        "Selling General And Administration": 3385000.0,
        "General And Administrative Expense": 3385000.0,
        "Other Gand A": 3385000.0,
        "Total Revenue": 1474000.0,
        "Operating Revenue": 1474000.0
    },
    "2022-09-30": {
        "Tax Effect Of Unusual Items": 0.0,
        "Tax Rate For Calcs": 0.0,
        "Normalized EBITDA": -16327000.0,
        "Total Unusual Items": NaN,
        "Total Unusual Items Excluding Goodwill": NaN,
        "Net Income From Continuing Operation Net Minority Interest": -15663000.0,
        "Reconciled Depreciation": 221000.0,
        "EBIT": -16548000.0,
        "Net Interest Income": 147000.0,
        "Interest Income": 147000.0,
        "Normalized Income": -15663000.0,
        "Net Income From Continuing And Discontinued Operation": -15663000.0,
        "Total Expenses": 21504000.0,
        "Total Operating Income As Reported": -16548000.0,
        "Diluted Average Shares": 30518000.0,
        "Basic Average Shares": 30518000.0,
        "Diluted EPS": -0.51,
        "Basic EPS": -0.51,
        "Diluted NI Availto Com Stockholders": -15663000.0,
        "Net Income Common Stockholders": -15663000.0,
        "Net Income": -15663000.0,
        "Net Income Including Noncontrolling Interests": -15663000.0,
        "Net Income Continuous Operations": -15663000.0,
        "Pretax Income": -15663000.0,
        "Other Income Expense": 738000.0,
        "Other Non Operating Income Expenses": 738000.0,
        "Gain On Sale Of Security": NaN,
        "Net Non Operating Interest Income Expense": 147000.0,
        "Interest Income Non Operating": 147000.0,
        "Operating Income": -16548000.0,
        "Operating Expense": 21504000.0,
        "Research And Development": 18668000.0,
        "Selling General And Administration": 2836000.0,
        "General And Administrative Expense": 2836000.0,
        "Other Gand A": 2836000.0,
        "Total Revenue": 4956000.0,
        "Operating Revenue": 4956000.0
    },
    "2022-06-30": {
        "Tax Effect Of Unusual Items": 0.0,
        "Tax Rate For Calcs": 0.0,
        "Normalized EBITDA": -19388000.0,
        "Total Unusual Items": 182000.0,
        "Total Unusual Items Excluding Goodwill": 182000.0,
        "Net Income From Continuing Operation Net Minority Interest": -18477000.0,
        "Reconciled Depreciation": 221000.0,
        "EBIT": -19427000.0,
        "Net Interest Income": 63000.0,
        "Interest Income": 63000.0,
        "Normalized Income": -18659000.0,
        "Net Income From Continuing And Discontinued Operation": -18477000.0,
        "Total Expenses": 21042000.0,
        "Total Operating Income As Reported": -19427000.0,
        "Diluted Average Shares": 30505000.0,
        "Basic Average Shares": 30505000.0,
        "Diluted EPS": -0.61,
        "Basic EPS": -0.61,
        "Diluted NI Availto Com Stockholders": -18477000.0,
        "Net Income Common Stockholders": -18477000.0,
        "Net Income": -18477000.0,
        "Net Income Including Noncontrolling Interests": -18477000.0,
        "Net Income Continuous Operations": -18477000.0,
        "Pretax Income": -18477000.0,
        "Other Income Expense": 887000.0,
        "Other Non Operating Income Expenses": 705000.0,
        "Gain On Sale Of Security": 182000.0,
        "Net Non Operating Interest Income Expense": 63000.0,
        "Interest Income Non Operating": 63000.0,
        "Operating Income": -19427000.0,
        "Operating Expense": 21042000.0,
        "Research And Development": 17315000.0,
        "Selling General And Administration": 3727000.0,
        "General And Administrative Expense": 3727000.0,
        "Other Gand A": 3727000.0,
        "Total Revenue": 1615000.0,
        "Operating Revenue": 1615000.0
    },
    "2022-03-31": {
        "Diluted EPS": -0.62,
        "Total Revenue": 1,
        "Gross Profit": 1,
        "Operating Income": -15,
        "EBIT": -15,
        "Net Income": -13
    },
    "2021-12-31": {
        "Diluted EPS": -0.63,
        "Total Revenue": 1,
        "Gross Profit": 1,
        "Operating Income": -14,
        "EBIT": -13,
        "Net Income": -13
    },
    "2021-09-30": {
        "Diluted EPS": -0.53,
        "Total Revenue": 2,
        "Gross Profit": 2,
        "Operating Income": -12,
        "EBIT": -11,
        "Net Income": -11
    },
    "2021-06-30": {
        "Diluted EPS": -0.35,
        "Total Revenue": 4,
        "Gross Profit": 4,
        "Operating Income": -7,
        "EBIT": -7,
        "Net Income": -7
    },
    "2021-03-31": {
        "Diluted EPS": -0.44,
        "Total Revenue": 0,
        "Gross Profit": 0,
        "Operating Income": -8,
        "EBIT": -8,
        "Net Income": -8
    },
    "2020-12-31": {
        "Diluted EPS": -0.23,
        "Total Revenue": NaN,
        "Gross Profit": NaN,
        "Operating Income": -10,
        "EBIT": -10,
        "Net Income": -4
    },
    "2020-09-30": {
        "Diluted EPS": -0.66,
        "Total Revenue": NaN,
        "Gross Profit": NaN,
        "Operating Income": -11,
        "EBIT": -10,
        "Net Income": -11
    },
    "2020-06-30": {
        "Diluted EPS": -0.32,
        "Total Revenue": NaN,
        "Gross Profit": NaN,
        "Operating Income": -6,
        "EBIT": -5,
        "Net Income": -5
    },
    "2020-03-31": {
        "Diluted EPS": -0.72,
        "Total Revenue": NaN,
        "Gross Profit": NaN,
        "Operating Income": -10,
        "EBIT": -10,
        "Net Income": -11
    },
    "2019-12-31": {
        "Diluted EPS": -0.34,
        "Total Revenue": 0,
        "Gross Profit": 0,
        "Operating Income": -5,
        "EBIT": -5,
        "Net Income": -4
    },
    "2019-09-30": {
        "Diluted EPS": -0.54,
        "Total Revenue": NaN,
        "Gross Profit": NaN,
        "Operating Income": -7,
        "EBIT": -7,
        "Net Income": -6
    },
    "2019-06-30": {
        "Diluted EPS": -0.27,
        "Total Revenue": 3,
        "Gross Profit": 3,
        "Operating Income": -4,
        "EBIT": -4,
        "Net Income": -3
    },
    "2019-03-31": {
        "Diluted EPS": -0.42,
        "Total Revenue": 2,
        "Gross Profit": 2,
        "Operating Income": -6,
        "EBIT": -6,
        "Net Income": -5
    },
    "2018-12-31": {
        "Diluted EPS": -6.42,
        "Total Revenue": NaN,
        "Gross Profit": NaN,
        "Operating Income": -53,
        "EBIT": -53,
        "Net Income": -51
    },
    "2018-09-30": {
        "Diluted EPS": -1.08,
        "Total Revenue": NaN,
        "Gross Profit": NaN,
        "Operating Income": -6,
        "EBIT": -5,
        "Net Income": -7
    },
    "2018-06-30": {
        "Diluted EPS": -1.64,
        "Total Revenue": NaN,
        "Gross Profit": NaN,
        "Operating Income": -9,
        "EBIT": -9,
        "Net Income": -10
    },
    "2018-03-31": {
        "Diluted EPS": -1.5,
        "Total Revenue": NaN,
        "Gross Profit": NaN,
        "Operating Income": -9,
        "EBIT": -8,
        "Net Income": -9
    },
    "2017-12-31": {
        "Diluted EPS": 5.24,
        "Total Revenue": NaN,
        "Gross Profit": NaN,
        "Operating Income": -9,
        "EBIT": -9,
        "Net Income": 31
    },
    "2017-09-30": {
        "Diluted EPS": -8.37,
        "Total Revenue": NaN,
        "Gross Profit": NaN,
        "Operating Income": -50,
        "EBIT": -50,
        "Net Income": -50
    },
    "2017-06-30": {
        "Diluted EPS": -6.24,
        "Total Revenue": NaN,
        "Gross Profit": NaN,
        "Operating Income": -36,
        "EBIT": -36,
        "Net Income": -37
    },
    "2017-03-31": {
        "Diluted EPS": -5.1,
        "Total Revenue": NaN,
        "Gross Profit": NaN,
        "Operating Income": -30,
        "EBIT": -30,
        "Net Income": -30
    },
    "2016-12-31": {
        "Diluted EPS": -3.72,
        "Total Revenue": NaN,
        "Gross Profit": NaN,
        "Operating Income": -22,
        "EBIT": -22,
        "Net Income": -22
    },
    "2016-09-30": {
        "Diluted EPS": -5.52,
        "Total Revenue": NaN,
        "Gross Profit": NaN,
        "Operating Income": -27,
        "EBIT": -27,
        "Net Income": -27
    },
    "2016-06-30": {
        "Diluted EPS": -4.5,
        "Total Revenue": NaN,
        "Gross Profit": NaN,
        "Operating Income": -22,
        "EBIT": -22,
        "Net Income": -22
    },
    "2016-03-31": {
        "Diluted EPS": -4.92,
        "Total Revenue": NaN,
        "Gross Profit": NaN,
        "Operating Income": -24,
        "EBIT": -24,
        "Net Income": -24
    },
    "2015-12-31": {
        "Diluted EPS": -4.14,
        "Total Revenue": NaN,
        "Gross Profit": NaN,
        "Operating Income": -20,
        "EBIT": -20,
        "Net Income": -20
    },
    "2015-09-30": {
        "Diluted EPS": -4.14,
        "Total Revenue": NaN,
        "Gross Profit": NaN,
        "Operating Income": -21,
        "EBIT": -20,
        "Net Income": -20
    },
    "2015-06-30": {
        "Diluted EPS": -4.02,
        "Total Revenue": NaN,
        "Gross Profit": NaN,
        "Operating Income": -19,
        "EBIT": -19,
        "Net Income": -20
    },
    "2015-03-31": {
        "Diluted EPS": -4.74,
        "Total Revenue": NaN,
        "Gross Profit": NaN,
        "Operating Income": -22,
        "EBIT": -22,
        "Net Income": -22
    },
    "2014-12-31": {
        "Diluted EPS": 76.01,
        "Total Revenue": NaN,
        "Gross Profit": NaN,
        "Operating Income": -16,
        "EBIT": -16,
        "Net Income": -16
    },
    "2014-09-30": {
        "Diluted EPS": -3.42,
        "Total Revenue": NaN,
        "Gross Profit": NaN,
        "Operating Income": -14,
        "EBIT": -14,
        "Net Income": -14
    },
    "2014-06-30": {
        "Diluted EPS": -2.16,
        "Total Revenue": NaN,
        "Gross Profit": NaN,
        "Operating Income": -8,
        "EBIT": -8,
        "Net Income": -9
    },
    "2014-03-31": {
        "Diluted EPS": -96.76,
        "Total Revenue": NaN,
        "Gross Profit": NaN,
        "Operating Income": -8,
        "EBIT": -8,
        "Net Income": -45
    },
    "2013-12-31": {
        "Diluted EPS": 203.06,
        "Total Revenue": NaN,
        "Gross Profit": NaN,
        "Operating Income": -6,
        "EBIT": -6,
        "Net Income": -6
    },
    "2013-09-30": {
        "Diluted EPS": -119.86,
        "Total Revenue": NaN,
        "Gross Profit": NaN,
        "Operating Income": -5,
        "EBIT": -5,
        "Net Income": -5
    },
    "2013-06-30": {
        "Diluted EPS": -148.41,
        "Total Revenue": NaN,
        "Gross Profit": NaN,
        "Operating Income": -4,
        "EBIT": -4,
        "Net Income": -4
    },
    "2013-03-31": {
        "Diluted EPS": -181.34,
        "Total Revenue": NaN,
        "Gross Profit": NaN,
        "Operating Income": -4,
        "EBIT": -4,
        "Net Income": -4
    },
    "2012-12-31": {
        "Diluted EPS": 0.0,
        "Total Revenue": NaN,
        "Gross Profit": NaN,
        "Operating Income": NaN,
        "EBIT": NaN,
        "Net Income": NaN
    }
}