{
    "2023-03-31": {
        "Tax Effect Of Unusual Items": NaN,
        "Tax Rate For Calcs": NaN,
        "Normalized EBITDA": NaN,
        "Net Income From Continuing Operation Net Minority Interest": NaN,
        "Reconciled Depreciation": NaN,
        "Reconciled Cost Of Revenue": NaN,
        "EBITDA": NaN,
        "EBIT": NaN,
        "Net Interest Income": NaN,
        "Interest Expense": NaN,
        "Interest Income": 732000.0,
        "Normalized Income": NaN,
        "Net Income From Continuing And Discontinued Operation": NaN,
        "Total Expenses": NaN,
        "Total Operating Income As Reported": NaN,
        "Diluted Average Shares": NaN,
        "Basic Average Shares": NaN,
        "Diluted EPS": NaN,
        "Basic EPS": NaN,
        "Diluted NI Availto Com Stockholders": NaN,
        "Net Income Common Stockholders": NaN,
        "Net Income": NaN,
        "Net Income Including Noncontrolling Interests": NaN,
        "Net Income Continuous Operations": NaN,
        "Pretax Income": NaN,
        "Net Non Operating Interest Income Expense": NaN,
        "Total Other Finance Cost": NaN,
        "Interest Expense Non Operating": NaN,
        "Interest Income Non Operating": 732000.0,
        "Operating Income": NaN,
        "Operating Expense": NaN,
        "Research And Development": NaN,
        "Selling General And Administration": NaN,
        "Selling And Marketing Expense": NaN,
        "General And Administrative Expense": NaN,
        "Other Gand A": NaN,
        "Gross Profit": NaN,
        "Cost Of Revenue": NaN,
        "Total Revenue": NaN,
        "Operating Revenue": NaN
    },
    "2022-12-31": {
        "Tax Effect Of Unusual Items": NaN,
        "Tax Rate For Calcs": NaN,
        "Normalized EBITDA": NaN,
        "Net Income From Continuing Operation Net Minority Interest": NaN,
        "Reconciled Depreciation": NaN,
        "Reconciled Cost Of Revenue": NaN,
        "EBITDA": NaN,
        "EBIT": NaN,
        "Net Interest Income": NaN,
        "Interest Expense": NaN,
        "Interest Income": NaN,
        "Normalized Income": NaN,
        "Net Income From Continuing And Discontinued Operation": NaN,
        "Total Expenses": NaN,
        "Total Operating Income As Reported": NaN,
        "Diluted Average Shares": 63940247.0,
        "Basic Average Shares": 63940247.0,
        "Diluted EPS": -0.25,
        "Basic EPS": -0.17,
        "Diluted NI Availto Com Stockholders": NaN,
        "Net Income Common Stockholders": NaN,
        "Net Income": NaN,
        "Net Income Including Noncontrolling Interests": NaN,
        "Net Income Continuous Operations": NaN,
        "Pretax Income": NaN,
        "Net Non Operating Interest Income Expense": NaN,
        "Total Other Finance Cost": NaN,
        "Interest Expense Non Operating": NaN,
        "Interest Income Non Operating": NaN,
        "Operating Income": NaN,
        "Operating Expense": NaN,
        "Research And Development": NaN,
        "Selling General And Administration": NaN,
        "Selling And Marketing Expense": NaN,
        "General And Administrative Expense": NaN,
        "Other Gand A": NaN,
        "Gross Profit": NaN,
        "Cost Of Revenue": NaN,
        "Total Revenue": NaN,
        "Operating Revenue": NaN
    },
    "2022-09-30": {
        "Tax Effect Of Unusual Items": NaN,
        "Tax Rate For Calcs": NaN,
        "Normalized EBITDA": NaN,
        "Net Income From Continuing Operation Net Minority Interest": NaN,
        "Reconciled Depreciation": NaN,
        "Reconciled Cost Of Revenue": NaN,
        "EBITDA": NaN,
        "EBIT": NaN,
        "Net Interest Income": NaN,
        "Interest Expense": NaN,
        "Interest Income": NaN,
        "Normalized Income": NaN,
        "Net Income From Continuing And Discontinued Operation": NaN,
        "Total Expenses": NaN,
        "Total Operating Income As Reported": NaN,
        "Diluted Average Shares": NaN,
        "Basic Average Shares": NaN,
        "Diluted EPS": NaN,
        "Basic EPS": NaN,
        "Diluted NI Availto Com Stockholders": NaN,
        "Net Income Common Stockholders": NaN,
        "Net Income": NaN,
        "Net Income Including Noncontrolling Interests": NaN,
        "Net Income Continuous Operations": NaN,
        "Pretax Income": NaN,
        "Net Non Operating Interest Income Expense": NaN,
        "Total Other Finance Cost": -959000.0,
        "Interest Expense Non Operating": NaN,
        "Interest Income Non Operating": NaN,
        "Operating Income": NaN,
        "Operating Expense": NaN,
        "Research And Development": NaN,
        "Selling General And Administration": NaN,
        "Selling And Marketing Expense": NaN,
        "General And Administrative Expense": NaN,
        "Other Gand A": NaN,
        "Gross Profit": NaN,
        "Cost Of Revenue": NaN,
        "Total Revenue": NaN,
        "Operating Revenue": NaN
    },
    "2022-06-30": {
        "Tax Effect Of Unusual Items": 0.0,
        "Tax Rate For Calcs": 0.0,
        "Normalized EBITDA": -11974000.0,
        "Net Income From Continuing Operation Net Minority Interest": -11593000.0,
        "Reconciled Depreciation": 111000.0,
        "Reconciled Cost Of Revenue": 337000.0,
        "EBITDA": -11974000.0,
        "EBIT": -12085000.0,
        "Net Interest Income": 492000.0,
        "Normalized Income": -11593000.0,
        "Net Income From Continuing And Discontinued Operation": -11593000.0,
        "Total Expenses": 13321000.0,
        "Total Operating Income As Reported": -12085000.0,
        "Diluted Average Shares": 63286563.0,
        "Basic Average Shares": 63286563.0,
        "Diluted EPS": -0.18,
        "Basic EPS": -0.18,
        "Diluted NI Availto Com Stockholders": -11593000.0,
        "Net Income Common Stockholders": -11593000.0,
        "Net Income": -11593000.0,
        "Net Income Including Noncontrolling Interests": -11593000.0,
        "Net Income Continuous Operations": -11593000.0,
        "Pretax Income": -11593000.0,
        "Net Non Operating Interest Income Expense": 492000.0,
        "Total Other Finance Cost": -492000.0,
        "Operating Income": -12085000.0,
        "Operating Expense": 12984000.0,
        "Research And Development": 9534000.0,
        "Selling General And Administration": 3450000.0,
        "Selling And Marketing Expense": 1177000.0,
        "General And Administrative Expense": 2273000.0,
        "Other Gand A": 2273000.0,
        "Gross Profit": 899000.0,
        "Cost Of Revenue": 337000.0,
        "Total Revenue": 1236000.0,
        "Operating Revenue": 1236000.0
    },
    "2022-03-31": {
        "Diluted EPS": -0.12,
        "Total Revenue": 1,
        "Gross Profit": 0,
        "Operating Income": -11,
        "EBIT": -11,
        "Net Income": -8
    },
    "2021-12-31": {
        "Diluted EPS": 1.8,
        "Total Revenue": 1,
        "Gross Profit": 0,
        "Operating Income": -14,
        "EBIT": -14,
        "Net Income": -16
    },
    "2021-09-30": {
        "Diluted EPS": -1.35,
        "Total Revenue": 1,
        "Gross Profit": 0,
        "Operating Income": -8,
        "EBIT": -8,
        "Net Income": -13
    },
    "2021-06-30": {
        "Diluted EPS": -1.11,
        "Total Revenue": 1,
        "Gross Profit": 0,
        "Operating Income": -7,
        "EBIT": -7,
        "Net Income": -11
    },
    "2021-03-31": {
        "Diluted EPS": -1.98,
        "Total Revenue": 1,
        "Gross Profit": 0,
        "Operating Income": -4,
        "EBIT": -4,
        "Net Income": -18
    },
    "2020-12-31": {
        "Diluted EPS": 0.0,
        "Total Revenue": NaN,
        "Gross Profit": NaN,
        "Operating Income": NaN,
        "EBIT": NaN,
        "Net Income": NaN
    },
    "2020-09-30": {
        "Diluted EPS": -0.36,
        "Total Revenue": NaN,
        "Gross Profit": 0,
        "Operating Income": -3,
        "EBIT": -3,
        "Net Income": -3
    },
    "2019-12-31": {
        "Diluted EPS": 0.0,
        "Total Revenue": NaN,
        "Gross Profit": NaN,
        "Operating Income": NaN,
        "EBIT": NaN,
        "Net Income": NaN
    },
    "2023-06-30": {
        "Tax Effect Of Unusual Items": NaN,
        "Tax Rate For Calcs": NaN,
        "Normalized EBITDA": NaN,
        "Net Income From Continuing Operation Net Minority Interest": NaN,
        "Reconciled Depreciation": NaN,
        "Reconciled Cost Of Revenue": NaN,
        "EBITDA": NaN,
        "EBIT": NaN,
        "Net Interest Income": NaN,
        "Interest Expense": NaN,
        "Interest Income": NaN,
        "Normalized Income": NaN,
        "Net Income From Continuing And Discontinued Operation": NaN,
        "Total Expenses": NaN,
        "Total Operating Income As Reported": NaN,
        "Diluted Average Shares": 67762711.0,
        "Basic Average Shares": 67762711.0,
        "Diluted EPS": -0.23,
        "Basic EPS": -0.19,
        "Diluted NI Availto Com Stockholders": NaN,
        "Net Income Common Stockholders": NaN,
        "Net Income": NaN,
        "Net Income Including Noncontrolling Interests": NaN,
        "Net Income Continuous Operations": NaN,
        "Pretax Income": NaN,
        "Net Non Operating Interest Income Expense": NaN,
        "Total Other Finance Cost": 25000.0,
        "Interest Expense Non Operating": NaN,
        "Interest Income Non Operating": NaN,
        "Operating Income": NaN,
        "Operating Expense": NaN,
        "Research And Development": NaN,
        "Selling General And Administration": NaN,
        "Selling And Marketing Expense": NaN,
        "General And Administrative Expense": NaN,
        "Other Gand A": NaN,
        "Gross Profit": NaN,
        "Cost Of Revenue": NaN,
        "Total Revenue": NaN,
        "Operating Revenue": NaN
    },
    "2023-09-30": {
        "Tax Effect Of Unusual Items": 0.0,
        "Tax Rate For Calcs": 0.0,
        "Normalized EBITDA": -11424000.0,
        "Net Income From Continuing Operation Net Minority Interest": -11697000.0,
        "Reconciled Depreciation": 139000.0,
        "Reconciled Cost Of Revenue": 364000.0,
        "EBITDA": -11424000.0,
        "EBIT": -11563000.0,
        "Net Interest Income": -134000.0,
        "Interest Expense": NaN,
        "Interest Income": NaN,
        "Normalized Income": -11697000.0,
        "Net Income From Continuing And Discontinued Operation": -11697000.0,
        "Total Expenses": 12042000.0,
        "Total Operating Income As Reported": -11563000.0,
        "Diluted Average Shares": 77474326.0,
        "Basic Average Shares": 77474326.0,
        "Diluted EPS": -0.18,
        "Basic EPS": -0.15,
        "Diluted NI Availto Com Stockholders": -11697000.0,
        "Net Income Common Stockholders": -11697000.0,
        "Net Income": -11697000.0,
        "Net Income Including Noncontrolling Interests": -11697000.0,
        "Net Income Continuous Operations": -11697000.0,
        "Pretax Income": -11697000.0,
        "Net Non Operating Interest Income Expense": -134000.0,
        "Total Other Finance Cost": 134000.0,
        "Interest Expense Non Operating": NaN,
        "Interest Income Non Operating": NaN,
        "Operating Income": -11563000.0,
        "Operating Expense": 11678000.0,
        "Research And Development": 8421000.0,
        "Selling General And Administration": 3257000.0,
        "Selling And Marketing Expense": 1264000.0,
        "General And Administrative Expense": 1993000.0,
        "Other Gand A": 1993000.0,
        "Gross Profit": 115000.0,
        "Cost Of Revenue": 364000.0,
        "Total Revenue": 479000.0,
        "Operating Revenue": 479000.0
    },
    "2023-12-31": {
        "Tax Effect Of Unusual Items": 0.0,
        "Tax Rate For Calcs": 0.0,
        "Normalized EBITDA": -11955000.0,
        "Net Income From Continuing Operation Net Minority Interest": -9285000.0,
        "Reconciled Depreciation": 142000.0,
        "Reconciled Cost Of Revenue": 536000.0,
        "EBITDA": -11955000.0,
        "EBIT": -12097000.0,
        "Net Interest Income": 2812000.0,
        "Interest Expense": NaN,
        "Interest Income": NaN,
        "Normalized Income": -9285000.0,
        "Net Income From Continuing And Discontinued Operation": -9285000.0,
        "Total Expenses": 12444000.0,
        "Total Operating Income As Reported": -12097000.0,
        "Diluted Average Shares": NaN,
        "Basic Average Shares": NaN,
        "Diluted EPS": NaN,
        "Basic EPS": NaN,
        "Diluted NI Availto Com Stockholders": -10041000.0,
        "Net Income Common Stockholders": -10041000.0,
        "Net Income": -9285000.0,
        "Net Income Including Noncontrolling Interests": -9285000.0,
        "Net Income Continuous Operations": -9285000.0,
        "Pretax Income": -9285000.0,
        "Net Non Operating Interest Income Expense": 2812000.0,
        "Total Other Finance Cost": -2812000.0,
        "Interest Expense Non Operating": NaN,
        "Interest Income Non Operating": NaN,
        "Operating Income": -12097000.0,
        "Operating Expense": 11908000.0,
        "Research And Development": 8446000.0,
        "Selling General And Administration": 3462000.0,
        "Selling And Marketing Expense": 1528000.0,
        "General And Administrative Expense": 1934000.0,
        "Other Gand A": 1934000.0,
        "Gross Profit": -189000.0,
        "Cost Of Revenue": 536000.0,
        "Total Revenue": 347000.0,
        "Operating Revenue": 347000.0
    },
    "2024-03-31": {
        "Tax Effect Of Unusual Items": 0.0,
        "Tax Rate For Calcs": 0.0,
        "Normalized EBITDA": -12618000.0,
        "Net Income From Continuing Operation Net Minority Interest": -12805000.0,
        "Reconciled Depreciation": 142000.0,
        "Reconciled Cost Of Revenue": 403000.0,
        "EBITDA": -12618000.0,
        "EBIT": -12760000.0,
        "Net Interest Income": -45000.0,
        "Interest Expense": 45000.0,
        "Interest Income": NaN,
        "Normalized Income": -12805000.0,
        "Net Income From Continuing And Discontinued Operation": -12805000.0,
        "Total Expenses": 12897000.0,
        "Total Operating Income As Reported": -12760000.0,
        "Diluted Average Shares": 78176210.0,
        "Basic Average Shares": 78176210.0,
        "Diluted EPS": -0.21,
        "Basic EPS": -0.16,
        "Diluted NI Availto Com Stockholders": -12805000.0,
        "Net Income Common Stockholders": -12805000.0,
        "Net Income": -12805000.0,
        "Net Income Including Noncontrolling Interests": -12805000.0,
        "Net Income Continuous Operations": -12805000.0,
        "Pretax Income": -12805000.0,
        "Net Non Operating Interest Income Expense": -45000.0,
        "Total Other Finance Cost": NaN,
        "Interest Expense Non Operating": 45000.0,
        "Interest Income Non Operating": NaN,
        "Operating Income": -12760000.0,
        "Operating Expense": 12494000.0,
        "Research And Development": 9397000.0,
        "Selling General And Administration": 3097000.0,
        "Selling And Marketing Expense": 1453000.0,
        "General And Administrative Expense": 1644000.0,
        "Other Gand A": 1644000.0,
        "Gross Profit": -266000.0,
        "Cost Of Revenue": 403000.0,
        "Total Revenue": 137000.0,
        "Operating Revenue": 137000.0
    },
    "2024-06-30": {
        "Tax Effect Of Unusual Items": 0.0,
        "Tax Rate For Calcs": 0.0,
        "Normalized EBITDA": -11467000.0,
        "Net Income From Continuing Operation Net Minority Interest": -11746000.0,
        "Reconciled Depreciation": 147000.0,
        "Reconciled Cost Of Revenue": 448000.0,
        "EBITDA": -11467000.0,
        "EBIT": -11614000.0,
        "Net Interest Income": -132000.0,
        "Interest Expense": NaN,
        "Interest Income": NaN,
        "Normalized Income": -11746000.0,
        "Net Income From Continuing And Discontinued Operation": -11746000.0,
        "Total Expenses": 12023000.0,
        "Total Operating Income As Reported": -11614000.0,
        "Diluted Average Shares": 80578820.0,
        "Basic Average Shares": 80578820.0,
        "Diluted EPS": -0.19,
        "Basic EPS": -0.15,
        "Diluted NI Availto Com Stockholders": -11746000.0,
        "Net Income Common Stockholders": -11746000.0,
        "Net Income": -11746000.0,
        "Net Income Including Noncontrolling Interests": -11746000.0,
        "Net Income Continuous Operations": -11746000.0,
        "Pretax Income": -11746000.0,
        "Net Non Operating Interest Income Expense": -132000.0,
        "Total Other Finance Cost": 132000.0,
        "Interest Expense Non Operating": NaN,
        "Interest Income Non Operating": NaN,
        "Operating Income": -11614000.0,
        "Operating Expense": 11575000.0,
        "Research And Development": 7914000.0,
        "Selling General And Administration": 3661000.0,
        "Selling And Marketing Expense": 1365000.0,
        "General And Administrative Expense": 2296000.0,
        "Other Gand A": 2296000.0,
        "Gross Profit": -39000.0,
        "Cost Of Revenue": 448000.0,
        "Total Revenue": 409000.0,
        "Operating Revenue": 409000.0
    },
    "2024-09-30": {
        "Tax Effect Of Unusual Items": 0.0,
        "Tax Rate For Calcs": 0.0,
        "Normalized EBITDA": -12299000.0,
        "Net Income From Continuing Operation Net Minority Interest": -12574000.0,
        "Reconciled Depreciation": 148000.0,
        "Reconciled Cost Of Revenue": 394000.0,
        "EBITDA": -12299000.0,
        "EBIT": -12447000.0,
        "Net Interest Income": -127000.0,
        "Interest Expense": NaN,
        "Interest Income": NaN,
        "Normalized Income": -12574000.0,
        "Net Income From Continuing And Discontinued Operation": -12574000.0,
        "Total Expenses": 12570000.0,
        "Total Operating Income As Reported": -12447000.0,
        "Diluted Average Shares": 80957931.0,
        "Basic Average Shares": 80957931.0,
        "Diluted EPS": -0.19,
        "Basic EPS": -0.16,
        "Diluted NI Availto Com Stockholders": -12574000.0,
        "Net Income Common Stockholders": -12574000.0,
        "Net Income": -12574000.0,
        "Net Income Including Noncontrolling Interests": -12574000.0,
        "Net Income Continuous Operations": -12574000.0,
        "Pretax Income": -12574000.0,
        "Net Non Operating Interest Income Expense": -127000.0,
        "Total Other Finance Cost": 127000.0,
        "Interest Expense Non Operating": NaN,
        "Interest Income Non Operating": NaN,
        "Operating Income": -12447000.0,
        "Operating Expense": 12176000.0,
        "Research And Development": 8762000.0,
        "Selling General And Administration": 3414000.0,
        "Selling And Marketing Expense": 1426000.0,
        "General And Administrative Expense": 1988000.0,
        "Other Gand A": 1988000.0,
        "Gross Profit": -271000.0,
        "Cost Of Revenue": 394000.0,
        "Total Revenue": 123000.0,
        "Operating Revenue": 123000.0
    }
}