{
    "2023-03-31": {
        "Tax Effect Of Unusual Items": 68100.261518,
        "Tax Rate For Calcs": 0.002025,
        "Normalized EBITDA": 18553000.0,
        "Total Unusual Items": 33625000.0,
        "Total Unusual Items Excluding Goodwill": 33625000.0,
        "Net Income From Continuing Operation Net Minority Interest": 50754000.0,
        "Reconciled Depreciation": 578000.0,
        "EBITDA": 52178000.0,
        "EBIT": 51600000.0,
        "Net Interest Income": 2477000.0,
        "Interest Expense": 743000.0,
        "Interest Income": 3220000.0,
        "Normalized Income": 17197100.261518,
        "Net Income From Continuing And Discontinued Operation": 50754000.0,
        "Total Expenses": 64974000.0,
        "Total Operating Income As Reported": 14755000.0,
        "Diluted Average Shares": 27149000.0,
        "Basic Average Shares": 26555000.0,
        "Diluted EPS": 1.87,
        "Basic EPS": 1.91,
        "Diluted NI Availto Com Stockholders": 50754000.0,
        "Net Income Common Stockholders": 50754000.0,
        "Net Income": 50754000.0,
        "Net Income Including Noncontrolling Interests": 50754000.0,
        "Net Income Continuous Operations": 50754000.0,
        "Tax Provision": 103000.0,
        "Pretax Income": 50857000.0,
        "Other Income Expense": 33625000.0,
        "Special Income Charges": 33953000.0,
        "Other Special Charges": -33953000.0,
        "Earnings From Equity Interest": 0.0,
        "Gain On Sale Of Security": -328000.0,
        "Net Non Operating Interest Income Expense": 2477000.0,
        "Interest Expense Non Operating": 743000.0,
        "Interest Income Non Operating": 3220000.0,
        "Operating Income": 14755000.0,
        "Operating Expense": 64974000.0,
        "Other Operating Expenses": -556000.0,
        "Research And Development": 51768000.0,
        "Selling General And Administration": 13762000.0,
        "General And Administrative Expense": 13762000.0,
        "Other Gand A": 13762000.0,
        "Total Revenue": 79729000.0,
        "Operating Revenue": 79729000.0
    },
    "2022-12-31": {
        "Tax Effect Of Unusual Items": NaN,
        "Tax Rate For Calcs": NaN,
        "Normalized EBITDA": NaN,
        "Total Unusual Items": NaN,
        "Total Unusual Items Excluding Goodwill": NaN,
        "Net Income From Continuing Operation Net Minority Interest": NaN,
        "Reconciled Depreciation": NaN,
        "EBITDA": NaN,
        "EBIT": NaN,
        "Net Interest Income": NaN,
        "Interest Expense": NaN,
        "Interest Income": NaN,
        "Normalized Income": NaN,
        "Net Income From Continuing And Discontinued Operation": NaN,
        "Total Expenses": NaN,
        "Total Operating Income As Reported": NaN,
        "Diluted Average Shares": NaN,
        "Basic Average Shares": NaN,
        "Diluted EPS": NaN,
        "Basic EPS": NaN,
        "Diluted NI Availto Com Stockholders": NaN,
        "Net Income Common Stockholders": NaN,
        "Net Income": NaN,
        "Net Income Including Noncontrolling Interests": NaN,
        "Net Income Continuous Operations": NaN,
        "Tax Provision": NaN,
        "Pretax Income": NaN,
        "Other Income Expense": NaN,
        "Special Income Charges": NaN,
        "Other Special Charges": NaN,
        "Earnings From Equity Interest": 0.0,
        "Gain On Sale Of Security": NaN,
        "Net Non Operating Interest Income Expense": NaN,
        "Interest Expense Non Operating": NaN,
        "Interest Income Non Operating": NaN,
        "Operating Income": NaN,
        "Operating Expense": NaN,
        "Other Operating Expenses": NaN,
        "Research And Development": NaN,
        "Selling General And Administration": NaN,
        "General And Administrative Expense": NaN,
        "Other Gand A": NaN,
        "Total Revenue": NaN,
        "Operating Revenue": NaN
    },
    "2022-09-30": {
        "Tax Effect Of Unusual Items": 0.0,
        "Tax Rate For Calcs": 0.0,
        "Normalized EBITDA": -35946000.0,
        "Total Unusual Items": 1862000.0,
        "Total Unusual Items Excluding Goodwill": 1862000.0,
        "Net Income From Continuing Operation Net Minority Interest": -35266000.0,
        "Reconciled Depreciation": 417000.0,
        "EBITDA": -34084000.0,
        "EBIT": -34501000.0,
        "Net Interest Income": -321000.0,
        "Interest Expense": 765000.0,
        "Interest Income": 444000.0,
        "Normalized Income": -37128000.0,
        "Net Income From Continuing And Discontinued Operation": -35266000.0,
        "Total Expenses": 50176000.0,
        "Total Operating Income As Reported": -36807000.0,
        "Diluted Average Shares": 26467000.0,
        "Basic Average Shares": 26467000.0,
        "Diluted EPS": -1.33,
        "Basic EPS": -1.33,
        "Diluted NI Availto Com Stockholders": -35266000.0,
        "Net Income Common Stockholders": -35266000.0,
        "Net Income": -35266000.0,
        "Net Income Including Noncontrolling Interests": -35266000.0,
        "Net Income Continuous Operations": -35266000.0,
        "Tax Provision": NaN,
        "Pretax Income": -35266000.0,
        "Other Income Expense": 1862000.0,
        "Special Income Charges": NaN,
        "Other Special Charges": NaN,
        "Earnings From Equity Interest": 0.0,
        "Gain On Sale Of Security": 1862000.0,
        "Net Non Operating Interest Income Expense": -321000.0,
        "Total Other Finance Cost": NaN,
        "Interest Expense Non Operating": 765000.0,
        "Interest Income Non Operating": 444000.0,
        "Operating Income": -36807000.0,
        "Operating Expense": 50176000.0,
        "Other Operating Expenses": NaN,
        "Research And Development": 37688000.0,
        "Selling General And Administration": 12488000.0,
        "General And Administrative Expense": 12488000.0,
        "Other Gand A": 12488000.0,
        "Total Revenue": 13369000.0,
        "Operating Revenue": 13369000.0
    },
    "2022-06-30": {
        "Tax Effect Of Unusual Items": 0.0,
        "Tax Rate For Calcs": 0.0,
        "Normalized EBITDA": -21717000.0,
        "Total Unusual Items": 1217000.0,
        "Total Unusual Items Excluding Goodwill": 1217000.0,
        "Net Income From Continuing Operation Net Minority Interest": -21563000.0,
        "Reconciled Depreciation": 335000.0,
        "EBITDA": -20500000.0,
        "EBIT": -20835000.0,
        "Net Interest Income": -560000.0,
        "Interest Expense": 728000.0,
        "Interest Income": 168000.0,
        "Normalized Income": -22780000.0,
        "Net Income From Continuing And Discontinued Operation": -21563000.0,
        "Total Expenses": 49182000.0,
        "Total Operating Income As Reported": -22089000.0,
        "Diluted Average Shares": 26425000.0,
        "Basic Average Shares": 26425000.0,
        "Diluted EPS": -0.82,
        "Basic EPS": -0.82,
        "Diluted NI Availto Com Stockholders": -21563000.0,
        "Net Income Common Stockholders": -21563000.0,
        "Net Income": -21563000.0,
        "Net Income Including Noncontrolling Interests": -21563000.0,
        "Net Income Continuous Operations": -21563000.0,
        "Tax Provision": NaN,
        "Pretax Income": -21563000.0,
        "Other Income Expense": 1086000.0,
        "Special Income Charges": NaN,
        "Other Special Charges": NaN,
        "Earnings From Equity Interest": -131000.0,
        "Gain On Sale Of Security": 1217000.0,
        "Net Non Operating Interest Income Expense": -560000.0,
        "Total Other Finance Cost": NaN,
        "Interest Expense Non Operating": 728000.0,
        "Interest Income Non Operating": 168000.0,
        "Operating Income": -22089000.0,
        "Operating Expense": 49182000.0,
        "Other Operating Expenses": NaN,
        "Research And Development": 38189000.0,
        "Selling General And Administration": 10993000.0,
        "General And Administrative Expense": 10993000.0,
        "Other Gand A": 10993000.0,
        "Total Revenue": 27093000.0,
        "Operating Revenue": 27093000.0
    },
    "2022-03-31": {
        "Diluted EPS": -1.94,
        "Total Revenue": 5,
        "Gross Profit": 5,
        "Operating Income": -50,
        "EBIT": -50,
        "Net Income": -51
    },
    "2021-12-31": {
        "Diluted EPS": -1.47,
        "Total Revenue": 6,
        "Gross Profit": 6,
        "Operating Income": -38,
        "EBIT": -37,
        "Net Income": -39
    },
    "2021-09-30": {
        "Diluted EPS": -2.05,
        "Total Revenue": 2,
        "Gross Profit": 2,
        "Operating Income": -54,
        "EBIT": -54,
        "Net Income": -54
    },
    "2021-06-30": {
        "Diluted EPS": -2.07,
        "Total Revenue": 2,
        "Gross Profit": 2,
        "Operating Income": -54,
        "EBIT": -53,
        "Net Income": -55
    },
    "2021-03-31": {
        "Diluted EPS": -2.15,
        "Total Revenue": 2,
        "Gross Profit": 2,
        "Operating Income": -58,
        "EBIT": -57,
        "Net Income": -56
    },
    "2020-12-31": {
        "Diluted EPS": -1.41,
        "Total Revenue": 2,
        "Gross Profit": 2,
        "Operating Income": -31,
        "EBIT": -31,
        "Net Income": -31
    },
    "2020-09-30": {
        "Diluted EPS": -0.92,
        "Total Revenue": 2,
        "Gross Profit": 2,
        "Operating Income": -21,
        "EBIT": -21,
        "Net Income": -21
    },
    "2020-06-30": {
        "Diluted EPS": -0.55,
        "Total Revenue": 2,
        "Gross Profit": 2,
        "Operating Income": -10,
        "EBIT": -10,
        "Net Income": -10
    },
    "2020-03-31": {
        "Diluted EPS": -0.67,
        "Total Revenue": 3,
        "Gross Profit": 3,
        "Operating Income": -9,
        "EBIT": -9,
        "Net Income": -10
    },
    "2019-12-31": {
        "Diluted EPS": -0.84,
        "Total Revenue": 3,
        "Gross Profit": 3,
        "Operating Income": -11,
        "EBIT": -11,
        "Net Income": -11
    },
    "2019-09-30": {
        "Diluted EPS": -0.56,
        "Total Revenue": 3,
        "Gross Profit": 3,
        "Operating Income": -8,
        "EBIT": -7,
        "Net Income": -7
    },
    "2019-06-30": {
        "Diluted EPS": -0.07,
        "Total Revenue": 10,
        "Gross Profit": 10,
        "Operating Income": -1,
        "EBIT": 0,
        "Net Income": -1
    },
    "2019-03-31": {
        "Diluted EPS": -0.68,
        "Total Revenue": 4,
        "Gross Profit": 4,
        "Operating Income": -7,
        "EBIT": -6,
        "Net Income": -7
    },
    "2018-12-31": {
        "Diluted EPS": -0.09,
        "Total Revenue": 8,
        "Gross Profit": 8,
        "Operating Income": -1,
        "EBIT": -1,
        "Net Income": -1
    },
    "2018-09-30": {
        "Diluted EPS": -0.42,
        "Total Revenue": 3,
        "Gross Profit": 3,
        "Operating Income": -4,
        "EBIT": -4,
        "Net Income": -4
    },
    "2018-06-30": {
        "Diluted EPS": -0.99,
        "Total Revenue": 2,
        "Gross Profit": 2,
        "Operating Income": -10,
        "EBIT": -10,
        "Net Income": -10
    },
    "2018-03-31": {
        "Diluted EPS": -0.66,
        "Total Revenue": 2,
        "Gross Profit": 2,
        "Operating Income": -7,
        "EBIT": -7,
        "Net Income": -7
    },
    "2017-12-31": {
        "Diluted EPS": -0.57,
        "Total Revenue": 6,
        "Gross Profit": 6,
        "Operating Income": -3,
        "EBIT": -3,
        "Net Income": -3
    },
    "2017-09-30": {
        "Diluted EPS": -1.51,
        "Total Revenue": 3,
        "Gross Profit": 3,
        "Operating Income": -3,
        "EBIT": -3,
        "Net Income": -3
    },
    "2017-06-30": {
        "Diluted EPS": -0.54,
        "Total Revenue": 4,
        "Gross Profit": 4,
        "Operating Income": -1,
        "EBIT": -1,
        "Net Income": -1
    },
    "2017-03-31": {
        "Diluted EPS": -0.91,
        "Total Revenue": NaN,
        "Gross Profit": NaN,
        "Operating Income": -4,
        "EBIT": -4,
        "Net Income": -4
    },
    "2016-12-31": {
        "Diluted EPS": 3.92,
        "Total Revenue": NaN,
        "Gross Profit": NaN,
        "Operating Income": -2,
        "EBIT": -2,
        "Net Income": 17
    },
    "2016-09-30": {
        "Diluted EPS": -1.96,
        "Total Revenue": NaN,
        "Gross Profit": NaN,
        "Operating Income": -8,
        "EBIT": -8,
        "Net Income": -8
    },
    "2016-06-30": {
        "Diluted EPS": -1.47,
        "Total Revenue": NaN,
        "Gross Profit": NaN,
        "Operating Income": -6,
        "EBIT": -6,
        "Net Income": -6
    },
    "2016-03-31": {
        "Diluted EPS": -1.26,
        "Total Revenue": NaN,
        "Gross Profit": NaN,
        "Operating Income": -5,
        "EBIT": -5,
        "Net Income": -5
    },
    "2015-12-31": {
        "Diluted EPS": -1.4,
        "Total Revenue": NaN,
        "Gross Profit": NaN,
        "Operating Income": -5,
        "EBIT": -5,
        "Net Income": -5
    },
    "2015-09-30": {
        "Diluted EPS": -1.4,
        "Total Revenue": NaN,
        "Gross Profit": NaN,
        "Operating Income": -4,
        "EBIT": -4,
        "Net Income": -4
    },
    "2015-06-30": {
        "Diluted EPS": -1.68,
        "Total Revenue": NaN,
        "Gross Profit": NaN,
        "Operating Income": -5,
        "EBIT": -5,
        "Net Income": -5
    },
    "2015-03-31": {
        "Diluted EPS": -1.82,
        "Total Revenue": NaN,
        "Gross Profit": NaN,
        "Operating Income": -5,
        "EBIT": -5,
        "Net Income": -5
    },
    "2014-12-31": {
        "Diluted EPS": -3.43,
        "Total Revenue": NaN,
        "Gross Profit": NaN,
        "Operating Income": -7,
        "EBIT": -7,
        "Net Income": -7
    },
    "2014-09-30": {
        "Diluted EPS": -5.39,
        "Total Revenue": NaN,
        "Gross Profit": NaN,
        "Operating Income": -11,
        "EBIT": -11,
        "Net Income": -10
    },
    "2014-06-30": {
        "Diluted EPS": -3.99,
        "Total Revenue": NaN,
        "Gross Profit": NaN,
        "Operating Income": -8,
        "EBIT": -8,
        "Net Income": -8
    },
    "2014-03-31": {
        "Diluted EPS": -3.99,
        "Total Revenue": NaN,
        "Gross Profit": NaN,
        "Operating Income": -8,
        "EBIT": -8,
        "Net Income": -8
    },
    "2013-12-31": {
        "Diluted EPS": -3.92,
        "Total Revenue": NaN,
        "Gross Profit": NaN,
        "Operating Income": -6,
        "EBIT": -6,
        "Net Income": -6
    },
    "2013-09-30": {
        "Diluted EPS": -1.96,
        "Total Revenue": NaN,
        "Gross Profit": NaN,
        "Operating Income": -3,
        "EBIT": -3,
        "Net Income": -3
    },
    "2013-06-30": {
        "Diluted EPS": -1.05,
        "Total Revenue": NaN,
        "Gross Profit": NaN,
        "Operating Income": -1,
        "EBIT": -1,
        "Net Income": -1
    },
    "2013-03-31": {
        "Diluted EPS": -0.35,
        "Total Revenue": NaN,
        "Gross Profit": NaN,
        "Operating Income": 0,
        "EBIT": 0,
        "Net Income": 0
    },
    "2012-12-31": {
        "Diluted EPS": 0.0,
        "Total Revenue": NaN,
        "Gross Profit": NaN,
        "Operating Income": NaN,
        "EBIT": NaN,
        "Net Income": NaN
    },
    "2012-09-30": {
        "Diluted EPS": -0.28,
        "Total Revenue": NaN,
        "Gross Profit": NaN,
        "Operating Income": 0,
        "EBIT": 0,
        "Net Income": 0
    },
    "2012-06-30": {
        "Diluted EPS": -0.42,
        "Total Revenue": NaN,
        "Gross Profit": NaN,
        "Operating Income": 0,
        "EBIT": 0,
        "Net Income": 0
    },
    "2011-12-31": {
        "Diluted EPS": 0.0,
        "Total Revenue": NaN,
        "Gross Profit": NaN,
        "Operating Income": NaN,
        "EBIT": NaN,
        "Net Income": NaN
    },
    "2023-06-30": {
        "Tax Effect Of Unusual Items": 31290.0,
        "Tax Rate For Calcs": 0.21,
        "Normalized EBITDA": -51385000.0,
        "Total Unusual Items": 149000.0,
        "Total Unusual Items Excluding Goodwill": 149000.0,
        "Net Income From Continuing Operation Net Minority Interest": -52550000.0,
        "Reconciled Depreciation": 737000.0,
        "EBITDA": -51236000.0,
        "EBIT": -51973000.0,
        "Net Interest Income": 3252000.0,
        "Interest Expense": 0.0,
        "Interest Income": 3252000.0,
        "Normalized Income": -52667710.0,
        "Net Income From Continuing And Discontinued Operation": -52550000.0,
        "Total Expenses": 64939000.0,
        "Total Operating Income As Reported": -55374000.0,
        "Diluted Average Shares": 26563000.0,
        "Basic Average Shares": 26563000.0,
        "Diluted EPS": -1.98,
        "Basic EPS": -1.98,
        "Diluted NI Availto Com Stockholders": -52550000.0,
        "Net Income Common Stockholders": -52550000.0,
        "Net Income": -52550000.0,
        "Net Income Including Noncontrolling Interests": -52550000.0,
        "Net Income Continuous Operations": -52550000.0,
        "Tax Provision": 577000.0,
        "Pretax Income": -51973000.0,
        "Other Income Expense": 149000.0,
        "Special Income Charges": 0.0,
        "Other Special Charges": NaN,
        "Earnings From Equity Interest": 0.0,
        "Gain On Sale Of Security": 149000.0,
        "Net Non Operating Interest Income Expense": 3252000.0,
        "Interest Expense Non Operating": 0.0,
        "Interest Income Non Operating": 3252000.0,
        "Operating Income": -55374000.0,
        "Operating Expense": 64939000.0,
        "Other Operating Expenses": -954000.0,
        "Research And Development": 52668000.0,
        "Selling General And Administration": 13225000.0,
        "General And Administrative Expense": 13225000.0,
        "Other Gand A": 13225000.0,
        "Total Revenue": 9565000.0,
        "Operating Revenue": 9565000.0
    },
    "2023-09-30": {
        "Tax Effect Of Unusual Items": 840.0,
        "Tax Rate For Calcs": 0.21,
        "Normalized EBITDA": -14486000.0,
        "Total Unusual Items": 4000.0,
        "Total Unusual Items Excluding Goodwill": 4000.0,
        "Net Income From Continuing Operation Net Minority Interest": -16222000.0,
        "Reconciled Depreciation": 827000.0,
        "EBITDA": -14482000.0,
        "EBIT": -15309000.0,
        "Net Interest Income": 3981000.0,
        "Interest Expense": 20000.0,
        "Interest Income": 4001000.0,
        "Normalized Income": -16225160.0,
        "Net Income From Continuing And Discontinued Operation": -16222000.0,
        "Total Expenses": 62690000.0,
        "Total Operating Income As Reported": -19314000.0,
        "Diluted Average Shares": 26574000.0,
        "Basic Average Shares": 26574000.0,
        "Diluted EPS": -0.61,
        "Basic EPS": -0.61,
        "Diluted NI Availto Com Stockholders": -16222000.0,
        "Net Income Common Stockholders": -16222000.0,
        "Net Income": -16222000.0,
        "Net Income Including Noncontrolling Interests": -16222000.0,
        "Net Income Continuous Operations": -16222000.0,
        "Tax Provision": 893000.0,
        "Pretax Income": -15329000.0,
        "Other Income Expense": 4000.0,
        "Special Income Charges": 0.0,
        "Other Special Charges": NaN,
        "Earnings From Equity Interest": 0.0,
        "Gain On Sale Of Security": 4000.0,
        "Net Non Operating Interest Income Expense": 3981000.0,
        "Interest Expense Non Operating": 20000.0,
        "Interest Income Non Operating": 4001000.0,
        "Operating Income": -19314000.0,
        "Operating Expense": 62690000.0,
        "Other Operating Expenses": -1764000.0,
        "Research And Development": 51077000.0,
        "Selling General And Administration": 13377000.0,
        "General And Administrative Expense": 13377000.0,
        "Other Gand A": 13377000.0,
        "Total Revenue": 43376000.0,
        "Operating Revenue": 43376000.0
    },
    "2023-12-31": {
        "Tax Effect Of Unusual Items": -11340.0,
        "Tax Rate For Calcs": 0.21,
        "Normalized EBITDA": -10572000.0,
        "Total Unusual Items": -54000.0,
        "Total Unusual Items Excluding Goodwill": -54000.0,
        "Net Income From Continuing Operation Net Minority Interest": -11707000.0,
        "Reconciled Depreciation": 815000.0,
        "EBITDA": -10626000.0,
        "EBIT": -11441000.0,
        "Net Interest Income": 6881000.0,
        "Interest Expense": 4000.0,
        "Interest Income": 6886000.0,
        "Normalized Income": -11664340.0,
        "Net Income From Continuing And Discontinued Operation": -11707000.0,
        "Total Expenses": 43350000.0,
        "Total Operating Income As Reported": -18272000.0,
        "Diluted Average Shares": 26628000.0,
        "Basic Average Shares": 26628000.0,
        "Diluted EPS": -0.32,
        "Basic EPS": -0.32,
        "Diluted NI Availto Com Stockholders": -11707000.0,
        "Net Income Common Stockholders": -11707000.0,
        "Net Income": -11707000.0,
        "Net Income Including Noncontrolling Interests": -11707000.0,
        "Net Income Continuous Operations": -11707000.0,
        "Tax Provision": 262000.0,
        "Pretax Income": -11445000.0,
        "Other Income Expense": -54000.0,
        "Special Income Charges": 0.0,
        "Other Special Charges": 0.0,
        "Earnings From Equity Interest": 0.0,
        "Gain On Sale Of Security": -54000.0,
        "Net Non Operating Interest Income Expense": 6881000.0,
        "Interest Expense Non Operating": 4000.0,
        "Interest Income Non Operating": 6886000.0,
        "Operating Income": -18272000.0,
        "Operating Expense": 43350000.0,
        "Other Operating Expenses": -5777000.0,
        "Research And Development": 36620000.0,
        "Selling General And Administration": 12507000.0,
        "General And Administrative Expense": 12507000.0,
        "Other Gand A": 12507000.0,
        "Total Revenue": 25078000.0,
        "Operating Revenue": 25078000.0
    },
    "2024-03-31": {
        "Tax Effect Of Unusual Items": -21200.0,
        "Tax Rate For Calcs": 0.4,
        "Normalized EBITDA": -25492000.0,
        "Total Unusual Items": -53000.0,
        "Total Unusual Items Excluding Goodwill": -53000.0,
        "Net Income From Continuing Operation Net Minority Interest": -26817000.0,
        "Reconciled Depreciation": 904000.0,
        "EBITDA": -25545000.0,
        "EBIT": -26449000.0,
        "Net Interest Income": 4016000.0,
        "Interest Expense": 0.0,
        "Interest Income": 4016000.0,
        "Normalized Income": -26785200.0,
        "Net Income From Continuing And Discontinued Operation": -26817000.0,
        "Total Expenses": 63010000.0,
        "Total Operating Income As Reported": -30412000.0,
        "Diluted Average Shares": 26879000.0,
        "Basic Average Shares": 26879000.0,
        "Diluted EPS": -1.0,
        "Basic EPS": -1.0,
        "Diluted NI Availto Com Stockholders": -26817000.0,
        "Net Income Common Stockholders": -26817000.0,
        "Net Income": -26817000.0,
        "Net Income Including Noncontrolling Interests": -26817000.0,
        "Net Income Continuous Operations": -26817000.0,
        "Tax Provision": 368000.0,
        "Pretax Income": -26449000.0,
        "Other Income Expense": -53000.0,
        "Special Income Charges": 0.0,
        "Other Special Charges": NaN,
        "Earnings From Equity Interest": NaN,
        "Gain On Sale Of Security": -53000.0,
        "Net Non Operating Interest Income Expense": 4016000.0,
        "Interest Expense Non Operating": 0.0,
        "Interest Income Non Operating": 4016000.0,
        "Operating Income": -30412000.0,
        "Operating Expense": 63010000.0,
        "Other Operating Expenses": -5414000.0,
        "Research And Development": 53573000.0,
        "Selling General And Administration": 14851000.0,
        "General And Administrative Expense": 14851000.0,
        "Other Gand A": 14851000.0,
        "Total Revenue": 32598000.0,
        "Operating Revenue": 32598000.0
    }
}