{
    "2023-12-31": {
        "Tax Effect Of Unusual Items": -208740.0,
        "Tax Rate For Calcs": 0.21,
        "Normalized EBITDA": 6829000.0,
        "Total Unusual Items": -994000.0,
        "Total Unusual Items Excluding Goodwill": -994000.0,
        "Net Income From Continuing Operation Net Minority Interest": -5555000.0,
        "Reconciled Depreciation": 6596000.0,
        "Reconciled Cost Of Revenue": 37919000.0,
        "EBITDA": 5835000.0,
        "EBIT": -761000.0,
        "Net Interest Income": -4740000.0,
        "Interest Expense": 4740000.0,
        "Normalized Income": -4769740.0,
        "Net Income From Continuing And Discontinued Operation": -5555000.0,
        "Total Expenses": 70366000.0,
        "Total Operating Income As Reported": -92000.0,
        "Diluted Average Shares": NaN,
        "Basic Average Shares": NaN,
        "Diluted EPS": NaN,
        "Basic EPS": NaN,
        "Diluted NI Availto Com Stockholders": -5555000.0,
        "Net Income Common Stockholders": -5555000.0,
        "Preferred Stock Dividends": NaN,
        "Net Income": -5555000.0,
        "Net Income Including Noncontrolling Interests": -5555000.0,
        "Net Income Discontinuous Operations": 0.0,
        "Net Income Continuous Operations": -5555000.0,
        "Tax Provision": 54000.0,
        "Pretax Income": -5501000.0,
        "Other Income Expense": -994000.0,
        "Special Income Charges": -994000.0,
        "Other Special Charges": 128000.0,
        "Impairment Of Capital Assets": 0.0,
        "Restructuring And Mergern Acquisition": 541000.0,
        "Net Non Operating Interest Income Expense": -4740000.0,
        "Interest Expense Non Operating": 4740000.0,
        "Operating Income": 233000.0,
        "Operating Expense": 30548000.0,
        "Depreciation Amortization Depletion Income Statement": 4697000.0,
        "Depreciation And Amortization In Income Statement": 4697000.0,
        "Selling General And Administration": 25851000.0,
        "Selling And Marketing Expense": 12242000.0,
        "General And Administrative Expense": 13609000.0,
        "Other Gand A": 4751000.0,
        "Salaries And Wages": 8858000.0,
        "Gross Profit": 30781000.0,
        "Cost Of Revenue": 39818000.0,
        "Total Revenue": 70599000.0,
        "Operating Revenue": 70599000.0
    },
    "2023-09-30": {
        "Tax Effect Of Unusual Items": -44310.0,
        "Tax Rate For Calcs": 0.21,
        "Normalized EBITDA": 2450000.0,
        "Total Unusual Items": -211000.0,
        "Total Unusual Items Excluding Goodwill": -211000.0,
        "Net Income From Continuing Operation Net Minority Interest": -8772000.0,
        "Reconciled Depreciation": 6917000.0,
        "Reconciled Cost Of Revenue": 17184000.0,
        "EBITDA": 2239000.0,
        "EBIT": -4678000.0,
        "Net Interest Income": -4042000.0,
        "Interest Expense": 4042000.0,
        "Normalized Income": -8605310.0,
        "Net Income From Continuing And Discontinued Operation": -11166000.0,
        "Total Expenses": 41463000.0,
        "Total Operating Income As Reported": -4467000.0,
        "Diluted Average Shares": 23445675.0,
        "Basic Average Shares": 23445675.0,
        "Diluted EPS": -0.47,
        "Basic EPS": -0.47,
        "Diluted NI Availto Com Stockholders": -11166000.0,
        "Net Income Common Stockholders": -11166000.0,
        "Preferred Stock Dividends": NaN,
        "Net Income": -11166000.0,
        "Net Income Including Noncontrolling Interests": -11166000.0,
        "Net Income Discontinuous Operations": -2394000.0,
        "Net Income Continuous Operations": -8772000.0,
        "Tax Provision": 52000.0,
        "Pretax Income": -8720000.0,
        "Other Income Expense": -211000.0,
        "Special Income Charges": -211000.0,
        "Other Special Charges": 151000.0,
        "Impairment Of Capital Assets": 0.0,
        "Restructuring And Mergern Acquisition": 60000.0,
        "Net Non Operating Interest Income Expense": -4042000.0,
        "Interest Expense Non Operating": 4042000.0,
        "Operating Income": -4467000.0,
        "Operating Expense": 18417000.0,
        "Depreciation Amortization Depletion Income Statement": 1055000.0,
        "Depreciation And Amortization In Income Statement": 1055000.0,
        "Selling General And Administration": 17362000.0,
        "Selling And Marketing Expense": 1414000.0,
        "General And Administrative Expense": 15948000.0,
        "Other Gand A": 5921000.0,
        "Salaries And Wages": 10027000.0,
        "Gross Profit": 13950000.0,
        "Cost Of Revenue": 23046000.0,
        "Total Revenue": 36996000.0,
        "Operating Revenue": 36996000.0
    },
    "2023-06-30": {
        "Tax Effect Of Unusual Items": NaN,
        "Tax Rate For Calcs": NaN,
        "Normalized EBITDA": NaN,
        "Total Unusual Items": NaN,
        "Total Unusual Items Excluding Goodwill": NaN,
        "Net Income From Continuing Operation Net Minority Interest": NaN,
        "Reconciled Depreciation": NaN,
        "Reconciled Cost Of Revenue": NaN,
        "EBITDA": NaN,
        "EBIT": NaN,
        "Net Interest Income": NaN,
        "Interest Expense": NaN,
        "Normalized Income": NaN,
        "Net Income From Continuing And Discontinued Operation": NaN,
        "Total Expenses": NaN,
        "Total Operating Income As Reported": NaN,
        "Diluted Average Shares": 22074500.0,
        "Basic Average Shares": 22074500.0,
        "Diluted EPS": -0.88,
        "Basic EPS": -0.88,
        "Diluted NI Availto Com Stockholders": NaN,
        "Net Income Common Stockholders": NaN,
        "Preferred Stock Dividends": 19484000.0,
        "Net Income": NaN,
        "Net Income Including Noncontrolling Interests": NaN,
        "Net Income Discontinuous Operations": NaN,
        "Net Income Continuous Operations": NaN,
        "Tax Provision": NaN,
        "Pretax Income": NaN,
        "Other Income Expense": NaN,
        "Special Income Charges": NaN,
        "Other Special Charges": NaN,
        "Impairment Of Capital Assets": NaN,
        "Restructuring And Mergern Acquisition": NaN,
        "Net Non Operating Interest Income Expense": NaN,
        "Interest Expense Non Operating": NaN,
        "Operating Income": NaN,
        "Operating Expense": NaN,
        "Depreciation Amortization Depletion Income Statement": NaN,
        "Depreciation And Amortization In Income Statement": NaN,
        "Selling General And Administration": NaN,
        "Selling And Marketing Expense": NaN,
        "General And Administrative Expense": NaN,
        "Other Gand A": NaN,
        "Salaries And Wages": NaN,
        "Gross Profit": NaN,
        "Cost Of Revenue": NaN,
        "Total Revenue": NaN,
        "Operating Revenue": NaN
    },
    "2023-03-31": {
        "Tax Effect Of Unusual Items": NaN,
        "Tax Rate For Calcs": NaN,
        "Normalized EBITDA": NaN,
        "Total Unusual Items": NaN,
        "Total Unusual Items Excluding Goodwill": NaN,
        "Net Income From Continuing Operation Net Minority Interest": NaN,
        "Reconciled Depreciation": NaN,
        "Reconciled Cost Of Revenue": NaN,
        "EBITDA": NaN,
        "EBIT": NaN,
        "Net Interest Income": NaN,
        "Interest Expense": NaN,
        "Normalized Income": NaN,
        "Net Income From Continuing And Discontinued Operation": NaN,
        "Total Expenses": NaN,
        "Total Operating Income As Reported": NaN,
        "Diluted Average Shares": 18718555.0,
        "Basic Average Shares": 18718555.0,
        "Diluted EPS": -1.04,
        "Basic EPS": -1.04,
        "Diluted NI Availto Com Stockholders": NaN,
        "Net Income Common Stockholders": NaN,
        "Preferred Stock Dividends": NaN,
        "Net Income": NaN,
        "Net Income Including Noncontrolling Interests": NaN,
        "Net Income Discontinuous Operations": NaN,
        "Net Income Continuous Operations": NaN,
        "Tax Provision": NaN,
        "Pretax Income": NaN,
        "Other Income Expense": NaN,
        "Special Income Charges": NaN,
        "Other Special Charges": NaN,
        "Impairment Of Capital Assets": NaN,
        "Restructuring And Mergern Acquisition": NaN,
        "Net Non Operating Interest Income Expense": NaN,
        "Interest Expense Non Operating": NaN,
        "Operating Income": NaN,
        "Operating Expense": NaN,
        "Depreciation Amortization Depletion Income Statement": NaN,
        "Depreciation And Amortization In Income Statement": NaN,
        "Selling General And Administration": NaN,
        "Selling And Marketing Expense": NaN,
        "General And Administrative Expense": NaN,
        "Other Gand A": NaN,
        "Salaries And Wages": NaN,
        "Gross Profit": NaN,
        "Cost Of Revenue": NaN,
        "Total Revenue": NaN,
        "Operating Revenue": NaN
    },
    "2024-03-31": {
        "Tax Effect Of Unusual Items": -5078.4,
        "Tax Rate For Calcs": 0.0032,
        "Normalized EBITDA": -1816000.0,
        "Total Unusual Items": -1587000.0,
        "Total Unusual Items Excluding Goodwill": -1587000.0,
        "Net Income From Continuing Operation Net Minority Interest": -12720000.0,
        "Reconciled Depreciation": 4937000.0,
        "Reconciled Cost Of Revenue": 16058000.0,
        "EBITDA": -3403000.0,
        "EBIT": -8340000.0,
        "Net Interest Income": -4339000.0,
        "Interest Expense": 4339000.0,
        "Normalized Income": -11138078.4,
        "Net Income From Continuing And Discontinued Operation": -103358000.0,
        "Total Expenses": 35694000.0,
        "Total Operating Income As Reported": -7951000.0,
        "Diluted Average Shares": 26443764.0,
        "Basic Average Shares": 26443764.0,
        "Diluted EPS": -3.91,
        "Basic EPS": -3.91,
        "Diluted NI Availto Com Stockholders": -103358000.0,
        "Net Income Common Stockholders": -103358000.0,
        "Preferred Stock Dividends": NaN,
        "Net Income": -103358000.0,
        "Net Income Including Noncontrolling Interests": -103358000.0,
        "Net Income Discontinuous Operations": -90638000.0,
        "Net Income Continuous Operations": -12720000.0,
        "Tax Provision": 41000.0,
        "Pretax Income": -12679000.0,
        "Other Income Expense": -1587000.0,
        "Special Income Charges": -1587000.0,
        "Other Special Charges": 76000.0,
        "Impairment Of Capital Assets": 1198000.0,
        "Restructuring And Mergern Acquisition": 313000.0,
        "Net Non Operating Interest Income Expense": -4339000.0,
        "Interest Expense Non Operating": 4339000.0,
        "Operating Income": -6753000.0,
        "Operating Expense": 15686000.0,
        "Depreciation Amortization Depletion Income Statement": 987000.0,
        "Depreciation And Amortization In Income Statement": 987000.0,
        "Selling General And Administration": 14699000.0,
        "Selling And Marketing Expense": 1282000.0,
        "General And Administrative Expense": 13417000.0,
        "Other Gand A": 5233000.0,
        "Salaries And Wages": 8184000.0,
        "Gross Profit": 8933000.0,
        "Cost Of Revenue": 20008000.0,
        "Total Revenue": 28941000.0,
        "Operating Revenue": 28941000.0
    },
    "2022-12-31": {
        "Tax Effect Of Unusual Items": NaN,
        "Tax Rate For Calcs": NaN,
        "Normalized EBITDA": NaN,
        "Total Unusual Items": NaN,
        "Total Unusual Items Excluding Goodwill": NaN,
        "Net Income From Continuing Operation Net Minority Interest": NaN,
        "Reconciled Depreciation": NaN,
        "Reconciled Cost Of Revenue": NaN,
        "EBITDA": NaN,
        "EBIT": NaN,
        "Net Interest Income": NaN,
        "Interest Expense": NaN,
        "Normalized Income": NaN,
        "Net Income From Continuing And Discontinued Operation": NaN,
        "Total Expenses": NaN,
        "Total Operating Income As Reported": NaN,
        "Diluted Average Shares": 18457296.0,
        "Basic Average Shares": 18457296.0,
        "Diluted EPS": -0.75,
        "Basic EPS": -0.75,
        "Diluted NI Availto Com Stockholders": NaN,
        "Net Income Common Stockholders": NaN,
        "Preferred Stock Dividends": NaN,
        "Net Income": NaN,
        "Net Income Including Noncontrolling Interests": NaN,
        "Net Income Discontinuous Operations": NaN,
        "Net Income Continuous Operations": NaN,
        "Tax Provision": NaN,
        "Pretax Income": NaN,
        "Other Income Expense": NaN,
        "Special Income Charges": NaN,
        "Other Special Charges": NaN,
        "Impairment Of Capital Assets": NaN,
        "Restructuring And Mergern Acquisition": NaN,
        "Net Non Operating Interest Income Expense": NaN,
        "Interest Expense Non Operating": NaN,
        "Operating Income": NaN,
        "Operating Expense": NaN,
        "Depreciation Amortization Depletion Income Statement": NaN,
        "Depreciation And Amortization In Income Statement": NaN,
        "Selling General And Administration": NaN,
        "Selling And Marketing Expense": NaN,
        "General And Administrative Expense": NaN,
        "Other Gand A": NaN,
        "Salaries And Wages": NaN,
        "Gross Profit": NaN,
        "Cost Of Revenue": NaN,
        "Total Revenue": NaN,
        "Operating Revenue": NaN
    },
    "2024-06-30": {
        "Tax Effect Of Unusual Items": -15960.0,
        "Tax Rate For Calcs": 0.21,
        "Normalized EBITDA": -158000.0,
        "Total Unusual Items": -76000.0,
        "Total Unusual Items Excluding Goodwill": -76000.0,
        "Net Income From Continuing Operation Net Minority Interest": -6938000.0,
        "Reconciled Depreciation": 2420000.0,
        "Reconciled Cost Of Revenue": 14958000.0,
        "EBITDA": -234000.0,
        "EBIT": -2654000.0,
        "Net Interest Income": -4249000.0,
        "Interest Expense": 4249000.0,
        "Normalized Income": -6877960.0,
        "Net Income From Continuing And Discontinued Operation": -8187000.0,
        "Total Expenses": 29761000.0,
        "Total Operating Income As Reported": -2578000.0,
        "Diluted Average Shares": 29399365.0,
        "Basic Average Shares": 29399365.0,
        "Diluted EPS": -0.28,
        "Basic EPS": -0.28,
        "Diluted NI Availto Com Stockholders": -8187000.0,
        "Net Income Common Stockholders": -8187000.0,
        "Preferred Stock Dividends": NaN,
        "Net Income": -8187000.0,
        "Net Income Including Noncontrolling Interests": -8187000.0,
        "Net Income Discontinuous Operations": -1249000.0,
        "Net Income Continuous Operations": -6938000.0,
        "Tax Provision": 35000.0,
        "Pretax Income": -6903000.0,
        "Other Income Expense": -76000.0,
        "Special Income Charges": -76000.0,
        "Other Special Charges": 76000.0,
        "Impairment Of Capital Assets": 0.0,
        "Restructuring And Mergern Acquisition": 0.0,
        "Net Non Operating Interest Income Expense": -4249000.0,
        "Interest Expense Non Operating": 4249000.0,
        "Operating Income": -2578000.0,
        "Operating Expense": 13296000.0,
        "Depreciation Amortization Depletion Income Statement": 913000.0,
        "Depreciation And Amortization In Income Statement": 913000.0,
        "Selling General And Administration": 12383000.0,
        "Selling And Marketing Expense": 1137000.0,
        "General And Administrative Expense": 11246000.0,
        "Other Gand A": 5184000.0,
        "Salaries And Wages": 6062000.0,
        "Gross Profit": 10718000.0,
        "Cost Of Revenue": 16465000.0,
        "Total Revenue": 27183000.0,
        "Operating Revenue": 27183000.0
    },
    "2024-09-30": {
        "Tax Effect Of Unusual Items": -639.269406,
        "Tax Rate For Calcs": 0.008302,
        "Normalized EBITDA": 10433000.0,
        "Total Unusual Items": -77000.0,
        "Total Unusual Items Excluding Goodwill": -77000.0,
        "Net Income From Continuing Operation Net Minority Interest": 4778000.0,
        "Reconciled Depreciation": 2379000.0,
        "Reconciled Cost Of Revenue": 15088000.0,
        "EBITDA": 10356000.0,
        "EBIT": 7977000.0,
        "Net Interest Income": -3159000.0,
        "Interest Expense": 3159000.0,
        "Normalized Income": 4854360.730594,
        "Net Income From Continuing And Discontinued Operation": 3956000.0,
        "Total Expenses": 25501000.0,
        "Total Operating Income As Reported": 8054000.0,
        "Diluted Average Shares": 37610058.0,
        "Basic Average Shares": 37610058.0,
        "Diluted EPS": 0.11,
        "Basic EPS": 0.11,
        "Diluted NI Availto Com Stockholders": 3956000.0,
        "Net Income Common Stockholders": 3956000.0,
        "Preferred Stock Dividends": NaN,
        "Net Income": 3956000.0,
        "Net Income Including Noncontrolling Interests": 3956000.0,
        "Net Income Discontinuous Operations": -822000.0,
        "Net Income Continuous Operations": 4778000.0,
        "Tax Provision": 40000.0,
        "Pretax Income": 4818000.0,
        "Other Income Expense": -77000.0,
        "Special Income Charges": -77000.0,
        "Other Special Charges": 77000.0,
        "Impairment Of Capital Assets": 0.0,
        "Restructuring And Mergern Acquisition": 0.0,
        "Net Non Operating Interest Income Expense": -3159000.0,
        "Interest Expense Non Operating": 3159000.0,
        "Operating Income": 8054000.0,
        "Operating Expense": 8939000.0,
        "Depreciation Amortization Depletion Income Statement": 905000.0,
        "Depreciation And Amortization In Income Statement": 905000.0,
        "Selling General And Administration": 8034000.0,
        "Selling And Marketing Expense": 910000.0,
        "General And Administrative Expense": 7124000.0,
        "Other Gand A": 4042000.0,
        "Salaries And Wages": 3082000.0,
        "Gross Profit": 16993000.0,
        "Cost Of Revenue": 16562000.0,
        "Total Revenue": 33555000.0,
        "Operating Revenue": 33555000.0
    }
}