{
    "2023-03-31": {
        "Tax Effect Of Unusual Items": NaN,
        "Tax Rate For Calcs": NaN,
        "Normalized EBITDA": NaN,
        "Net Income From Continuing Operation Net Minority Interest": NaN,
        "Reconciled Depreciation": NaN,
        "Reconciled Cost Of Revenue": NaN,
        "EBITDA": NaN,
        "EBIT": NaN,
        "Net Interest Income": NaN,
        "Interest Expense": NaN,
        "Interest Income": NaN,
        "Normalized Income": NaN,
        "Net Income From Continuing And Discontinued Operation": NaN,
        "Total Expenses": NaN,
        "Total Operating Income As Reported": NaN,
        "Diluted Average Shares": 120253000.0,
        "Basic Average Shares": 120253000.0,
        "Diluted EPS": -0.03,
        "Basic EPS": -0.03,
        "Diluted NI Availto Com Stockholders": NaN,
        "Average Dilution Earnings": NaN,
        "Net Income Common Stockholders": NaN,
        "Otherunder Preferred Stock Dividend": 0.0,
        "Preferred Stock Dividends": NaN,
        "Net Income": NaN,
        "Minority Interests": NaN,
        "Net Income Including Noncontrolling Interests": NaN,
        "Net Income Continuous Operations": NaN,
        "Earnings From Equity Interest Net Of Tax": NaN,
        "Tax Provision": NaN,
        "Pretax Income": NaN,
        "Net Non Operating Interest Income Expense": NaN,
        "Interest Expense Non Operating": NaN,
        "Interest Income Non Operating": NaN,
        "Operating Income": NaN,
        "Operating Expense": NaN,
        "Other Operating Expenses": NaN,
        "Depreciation Amortization Depletion Income Statement": NaN,
        "Depreciation And Amortization In Income Statement": NaN,
        "Selling General And Administration": NaN,
        "General And Administrative Expense": NaN,
        "Other Gand A": NaN,
        "Gross Profit": NaN,
        "Cost Of Revenue": NaN,
        "Total Revenue": NaN,
        "Operating Revenue": NaN
    },
    "2022-12-31": {
        "Tax Effect Of Unusual Items": NaN,
        "Tax Rate For Calcs": NaN,
        "Normalized EBITDA": NaN,
        "Net Income From Continuing Operation Net Minority Interest": NaN,
        "Reconciled Depreciation": NaN,
        "Reconciled Cost Of Revenue": NaN,
        "EBITDA": NaN,
        "EBIT": NaN,
        "Net Interest Income": NaN,
        "Interest Expense": NaN,
        "Interest Income": NaN,
        "Normalized Income": NaN,
        "Net Income From Continuing And Discontinued Operation": NaN,
        "Total Expenses": NaN,
        "Total Operating Income As Reported": NaN,
        "Diluted Average Shares": NaN,
        "Basic Average Shares": NaN,
        "Diluted EPS": NaN,
        "Basic EPS": NaN,
        "Diluted NI Availto Com Stockholders": NaN,
        "Average Dilution Earnings": NaN,
        "Net Income Common Stockholders": NaN,
        "Otherunder Preferred Stock Dividend": -1894000.0,
        "Preferred Stock Dividends": NaN,
        "Net Income": NaN,
        "Minority Interests": NaN,
        "Net Income Including Noncontrolling Interests": NaN,
        "Net Income Continuous Operations": NaN,
        "Earnings From Equity Interest Net Of Tax": NaN,
        "Tax Provision": NaN,
        "Pretax Income": NaN,
        "Net Non Operating Interest Income Expense": NaN,
        "Interest Expense Non Operating": NaN,
        "Interest Income Non Operating": NaN,
        "Operating Income": NaN,
        "Operating Expense": NaN,
        "Other Operating Expenses": NaN,
        "Depreciation Amortization Depletion Income Statement": NaN,
        "Depreciation And Amortization In Income Statement": NaN,
        "Selling General And Administration": NaN,
        "General And Administrative Expense": NaN,
        "Other Gand A": NaN,
        "Gross Profit": NaN,
        "Cost Of Revenue": NaN,
        "Total Revenue": NaN,
        "Operating Revenue": NaN
    },
    "2022-09-30": {
        "Tax Effect Of Unusual Items": NaN,
        "Tax Rate For Calcs": NaN,
        "Normalized EBITDA": NaN,
        "Net Income From Continuing Operation Net Minority Interest": NaN,
        "Reconciled Depreciation": NaN,
        "Reconciled Cost Of Revenue": NaN,
        "EBITDA": NaN,
        "EBIT": NaN,
        "Net Interest Income": NaN,
        "Interest Expense": NaN,
        "Interest Income": NaN,
        "Normalized Income": NaN,
        "Net Income From Continuing And Discontinued Operation": NaN,
        "Total Expenses": NaN,
        "Total Operating Income As Reported": NaN,
        "Diluted Average Shares": NaN,
        "Basic Average Shares": NaN,
        "Diluted EPS": NaN,
        "Basic EPS": NaN,
        "Diluted NI Availto Com Stockholders": NaN,
        "Average Dilution Earnings": -976000.0,
        "Net Income Common Stockholders": NaN,
        "Otherunder Preferred Stock Dividend": 2425000.0,
        "Preferred Stock Dividends": NaN,
        "Net Income": NaN,
        "Minority Interests": NaN,
        "Net Income Including Noncontrolling Interests": NaN,
        "Net Income Continuous Operations": NaN,
        "Earnings From Equity Interest Net Of Tax": NaN,
        "Tax Provision": NaN,
        "Pretax Income": NaN,
        "Net Non Operating Interest Income Expense": NaN,
        "Interest Expense Non Operating": NaN,
        "Interest Income Non Operating": NaN,
        "Operating Income": NaN,
        "Operating Expense": NaN,
        "Other Operating Expenses": NaN,
        "Depreciation Amortization Depletion Income Statement": NaN,
        "Depreciation And Amortization In Income Statement": NaN,
        "Selling General And Administration": NaN,
        "General And Administrative Expense": NaN,
        "Other Gand A": NaN,
        "Gross Profit": NaN,
        "Cost Of Revenue": NaN,
        "Total Revenue": NaN,
        "Operating Revenue": NaN
    },
    "2022-06-30": {
        "Tax Effect Of Unusual Items": 0.0,
        "Tax Rate For Calcs": 0.223696,
        "Normalized EBITDA": 81624000.0,
        "Net Income From Continuing Operation Net Minority Interest": 31754000.0,
        "Reconciled Depreciation": 24353000.0,
        "Reconciled Cost Of Revenue": 2433483000.0,
        "EBITDA": 81624000.0,
        "EBIT": 57271000.0,
        "Net Interest Income": -7339000.0,
        "Interest Expense": 16336000.0,
        "Interest Income": 8997000.0,
        "Normalized Income": 31754000.0,
        "Net Income From Continuing And Discontinued Operation": 31754000.0,
        "Total Expenses": 2491989000.0,
        "Total Operating Income As Reported": 48274000.0,
        "Diluted Average Shares": 130558000.0,
        "Basic Average Shares": 121529000.0,
        "Diluted EPS": 0.24,
        "Basic EPS": 0.25,
        "Diluted NI Availto Com Stockholders": 30320000.0,
        "Average Dilution Earnings": NaN,
        "Net Income Common Stockholders": 30320000.0,
        "Otherunder Preferred Stock Dividend": NaN,
        "Preferred Stock Dividends": 1434000.0,
        "Net Income": 31754000.0,
        "Minority Interests": -52000.0,
        "Net Income Including Noncontrolling Interests": 31806000.0,
        "Net Income Continuous Operations": 31806000.0,
        "Earnings From Equity Interest Net Of Tax": 28000.0,
        "Tax Provision": 9157000.0,
        "Pretax Income": 40935000.0,
        "Net Non Operating Interest Income Expense": -7339000.0,
        "Interest Expense Non Operating": 16336000.0,
        "Interest Income Non Operating": 8997000.0,
        "Operating Income": 48274000.0,
        "Operating Expense": 58506000.0,
        "Other Operating Expenses": 1197000.0,
        "Depreciation Amortization Depletion Income Statement": 24353000.0,
        "Depreciation And Amortization In Income Statement": 24353000.0,
        "Selling General And Administration": 32956000.0,
        "General And Administrative Expense": 32956000.0,
        "Other Gand A": 32956000.0,
        "Gross Profit": 106780000.0,
        "Cost Of Revenue": 2433483000.0,
        "Total Revenue": 2540263000.0,
        "Operating Revenue": 2517605000.0
    },
    "2022-03-31": {
        "Diluted EPS": 0.0,
        "Total Revenue": NaN,
        "Gross Profit": 243,
        "Operating Income": 19,
        "EBIT": 41,
        "Net Income": 1
    },
    "2021-12-31": {
        "Diluted EPS": 0.11,
        "Total Revenue": NaN,
        "Gross Profit": 255,
        "Operating Income": 28,
        "EBIT": 74,
        "Net Income": 11
    },
    "2021-09-30": {
        "Diluted EPS": 0.25,
        "Total Revenue": NaN,
        "Gross Profit": 274,
        "Operating Income": 55,
        "EBIT": 75,
        "Net Income": 34
    },
    "2021-06-30": {
        "Diluted EPS": 0.19,
        "Total Revenue": NaN,
        "Gross Profit": 259,
        "Operating Income": 46,
        "EBIT": 70,
        "Net Income": 24
    },
    "2021-03-31": {
        "Diluted EPS": -0.13,
        "Total Revenue": NaN,
        "Gross Profit": 211,
        "Operating Income": 13,
        "EBIT": 35,
        "Net Income": -16
    },
    "2020-12-31": {
        "Diluted EPS": -0.15,
        "Total Revenue": NaN,
        "Gross Profit": 210,
        "Operating Income": 8,
        "EBIT": 34,
        "Net Income": -11
    },
    "2020-09-30": {
        "Diluted EPS": 0.14,
        "Total Revenue": 960,
        "Gross Profit": 207,
        "Operating Income": 32,
        "EBIT": 48,
        "Net Income": 10
    },
    "2020-06-30": {
        "Diluted EPS": 0.32,
        "Total Revenue": 814,
        "Gross Profit": 213,
        "Operating Income": 48,
        "EBIT": 62,
        "Net Income": 22
    },
    "2020-03-31": {
        "Diluted EPS": -0.16,
        "Total Revenue": 900,
        "Gross Profit": 161,
        "Operating Income": -8,
        "EBIT": 8,
        "Net Income": -10
    },
    "2019-12-31": {
        "Diluted EPS": 0.0,
        "Total Revenue": NaN,
        "Gross Profit": NaN,
        "Operating Income": NaN,
        "EBIT": NaN,
        "Net Income": NaN
    },
    "2019-09-30": {
        "Diluted EPS": -0.01,
        "Total Revenue": NaN,
        "Gross Profit": NaN,
        "Operating Income": 0,
        "EBIT": 0,
        "Net Income": 1
    },
    "2019-06-30": {
        "Diluted EPS": 0.0,
        "Total Revenue": NaN,
        "Gross Profit": NaN,
        "Operating Income": 0,
        "EBIT": 0,
        "Net Income": 0
    },
    "2018-12-31": {
        "Diluted EPS": 0.0,
        "Total Revenue": NaN,
        "Gross Profit": NaN,
        "Operating Income": NaN,
        "EBIT": NaN,
        "Net Income": NaN
    },
    "2023-06-30": {
        "Tax Effect Of Unusual Items": 0.0,
        "Tax Rate For Calcs": 0.256865,
        "Normalized EBITDA": 74945000.0,
        "Net Income From Continuing Operation Net Minority Interest": 14431000.0,
        "Reconciled Depreciation": 32837000.0,
        "Reconciled Cost Of Revenue": 2131006000.0,
        "EBITDA": 74945000.0,
        "EBIT": 42108000.0,
        "Net Interest Income": -20160000.0,
        "Interest Expense": 22588000.0,
        "Interest Income": 2428000.0,
        "Normalized Income": 14431000.0,
        "Net Income From Continuing And Discontinued Operation": 14431000.0,
        "Total Expenses": 2429461000.0,
        "Total Operating Income As Reported": 39680000.0,
        "Diluted Average Shares": 121280000.0,
        "Basic Average Shares": 119893000.0,
        "Diluted EPS": 0.11,
        "Basic EPS": 0.11,
        "Diluted NI Availto Com Stockholders": 12997000.0,
        "Average Dilution Earnings": 0.0,
        "Net Income Common Stockholders": 12997000.0,
        "Otherunder Preferred Stock Dividend": NaN,
        "Preferred Stock Dividends": 1434000.0,
        "Net Income": 14431000.0,
        "Minority Interests": -48000.0,
        "Net Income Including Noncontrolling Interests": 14479000.0,
        "Net Income Continuous Operations": 14479000.0,
        "Earnings From Equity Interest Net Of Tax": -27000.0,
        "Tax Provision": 5014000.0,
        "Pretax Income": 19520000.0,
        "Net Non Operating Interest Income Expense": -20160000.0,
        "Interest Expense Non Operating": 22588000.0,
        "Interest Income Non Operating": 2428000.0,
        "Operating Income": 39680000.0,
        "Operating Expense": 298455000.0,
        "Other Operating Expenses": 222958000.0,
        "Depreciation Amortization Depletion Income Statement": 32837000.0,
        "Depreciation And Amortization In Income Statement": 32837000.0,
        "Selling General And Administration": 42660000.0,
        "General And Administrative Expense": 42660000.0,
        "Other Gand A": 42660000.0,
        "Gross Profit": 338135000.0,
        "Cost Of Revenue": 2131006000.0,
        "Total Revenue": 2469141000.0,
        "Operating Revenue": 2441661000.0
    },
    "2023-09-30": {
        "Tax Effect Of Unusual Items": 0.0,
        "Tax Rate For Calcs": 0.270995,
        "Normalized EBITDA": 87158000.0,
        "Net Income From Continuing Operation Net Minority Interest": 21440000.0,
        "Reconciled Depreciation": 33713000.0,
        "Reconciled Cost Of Revenue": 2496266000.0,
        "EBITDA": 87158000.0,
        "EBIT": 53445000.0,
        "Net Interest Income": -14579000.0,
        "Interest Expense": 23950000.0,
        "Interest Income": 9371000.0,
        "Normalized Income": 21440000.0,
        "Net Income From Continuing And Discontinued Operation": 21440000.0,
        "Total Expenses": 2577980000.0,
        "Total Operating Income As Reported": 44074000.0,
        "Diluted Average Shares": 120292000.0,
        "Basic Average Shares": 118389000.0,
        "Diluted EPS": 0.17,
        "Basic EPS": 0.17,
        "Diluted NI Availto Com Stockholders": 19991000.0,
        "Average Dilution Earnings": 0.0,
        "Net Income Common Stockholders": 19991000.0,
        "Otherunder Preferred Stock Dividend": NaN,
        "Preferred Stock Dividends": 1449000.0,
        "Net Income": 21440000.0,
        "Minority Interests": -48000.0,
        "Net Income Including Noncontrolling Interests": 21488000.0,
        "Net Income Continuous Operations": 21488000.0,
        "Earnings From Equity Interest Net Of Tax": -14000.0,
        "Tax Provision": 7993000.0,
        "Pretax Income": 29495000.0,
        "Net Non Operating Interest Income Expense": -14579000.0,
        "Interest Expense Non Operating": 23950000.0,
        "Interest Income Non Operating": 9371000.0,
        "Operating Income": 44074000.0,
        "Operating Expense": 81714000.0,
        "Other Operating Expenses": 3885000.0,
        "Depreciation Amortization Depletion Income Statement": 33713000.0,
        "Depreciation And Amortization In Income Statement": 33713000.0,
        "Selling General And Administration": 44116000.0,
        "General And Administrative Expense": 44116000.0,
        "Other Gand A": 44116000.0,
        "Gross Profit": 125788000.0,
        "Cost Of Revenue": 2496266000.0,
        "Total Revenue": 2622054000.0,
        "Operating Revenue": 2592817000.0
    },
    "2023-12-31": {
        "Tax Effect Of Unusual Items": 0.0,
        "Tax Rate For Calcs": 0.21,
        "Normalized EBITDA": 59331000.0,
        "Net Income From Continuing Operation Net Minority Interest": 1078000.0,
        "Reconciled Depreciation": 32648000.0,
        "Reconciled Cost Of Revenue": 2135935000.0,
        "EBITDA": 59331000.0,
        "EBIT": 26683000.0,
        "Net Interest Income": -22902000.0,
        "Interest Expense": 24278000.0,
        "Interest Income": 1376000.0,
        "Normalized Income": 1078000.0,
        "Net Income From Continuing And Discontinued Operation": 1078000.0,
        "Total Expenses": 2207853000.0,
        "Total Operating Income As Reported": 25307000.0,
        "Diluted Average Shares": NaN,
        "Basic Average Shares": NaN,
        "Diluted EPS": NaN,
        "Basic EPS": NaN,
        "Diluted NI Availto Com Stockholders": -371000.0,
        "Average Dilution Earnings": 0.0,
        "Net Income Common Stockholders": -371000.0,
        "Otherunder Preferred Stock Dividend": NaN,
        "Preferred Stock Dividends": 1449000.0,
        "Net Income": 1078000.0,
        "Minority Interests": -48000.0,
        "Net Income Including Noncontrolling Interests": 1126000.0,
        "Net Income Continuous Operations": 1126000.0,
        "Earnings From Equity Interest Net Of Tax": 38000.0,
        "Tax Provision": 1317000.0,
        "Pretax Income": 2405000.0,
        "Net Non Operating Interest Income Expense": -22902000.0,
        "Interest Expense Non Operating": 24278000.0,
        "Interest Income Non Operating": 1376000.0,
        "Operating Income": 25307000.0,
        "Operating Expense": 71918000.0,
        "Other Operating Expenses": 1168000.0,
        "Depreciation Amortization Depletion Income Statement": 32648000.0,
        "Depreciation And Amortization In Income Statement": 32648000.0,
        "Selling General And Administration": 38102000.0,
        "General And Administrative Expense": 38102000.0,
        "Other Gand A": 38102000.0,
        "Gross Profit": 97225000.0,
        "Cost Of Revenue": 2135935000.0,
        "Total Revenue": 2233160000.0,
        "Operating Revenue": 2205943000.0
    },
    "2024-03-31": {
        "Tax Effect Of Unusual Items": 0.0,
        "Tax Rate For Calcs": 0.21,
        "Normalized EBITDA": 48864000.0,
        "Net Income From Continuing Operation Net Minority Interest": -594000.0,
        "Reconciled Depreciation": 31716000.0,
        "Reconciled Cost Of Revenue": 2000970000.0,
        "EBITDA": 48864000.0,
        "EBIT": 17148000.0,
        "Net Interest Income": -2457000.0,
        "Interest Expense": 24471000.0,
        "Interest Income": 22014000.0,
        "Normalized Income": -594000.0,
        "Net Income From Continuing And Discontinued Operation": -594000.0,
        "Total Expenses": 2077320000.0,
        "Total Operating Income As Reported": -4866000.0,
        "Diluted Average Shares": 117275000.0,
        "Basic Average Shares": 117275000.0,
        "Diluted EPS": -0.02,
        "Basic EPS": -0.02,
        "Diluted NI Availto Com Stockholders": -2008000.0,
        "Average Dilution Earnings": NaN,
        "Net Income Common Stockholders": -2008000.0,
        "Otherunder Preferred Stock Dividend": NaN,
        "Preferred Stock Dividends": 1414000.0,
        "Net Income": -594000.0,
        "Minority Interests": 0.0,
        "Net Income Including Noncontrolling Interests": -594000.0,
        "Net Income Continuous Operations": -594000.0,
        "Earnings From Equity Interest Net Of Tax": 22000.0,
        "Tax Provision": -6707000.0,
        "Pretax Income": -7323000.0,
        "Net Non Operating Interest Income Expense": -2457000.0,
        "Interest Expense Non Operating": 24471000.0,
        "Interest Income Non Operating": 22014000.0,
        "Operating Income": -4866000.0,
        "Operating Expense": 76350000.0,
        "Other Operating Expenses": 2476000.0,
        "Depreciation Amortization Depletion Income Statement": 31716000.0,
        "Depreciation And Amortization In Income Statement": 31716000.0,
        "Selling General And Administration": 42158000.0,
        "General And Administrative Expense": 42158000.0,
        "Other Gand A": 42158000.0,
        "Gross Profit": 71484000.0,
        "Cost Of Revenue": 2000970000.0,
        "Total Revenue": 2072454000.0,
        "Operating Revenue": 2045987000.0
    },
    "2024-06-30": {
        "Tax Effect Of Unusual Items": 0.0,
        "Tax Rate For Calcs": 0.349659,
        "Normalized EBITDA": 79909000.0,
        "Net Income From Continuing Operation Net Minority Interest": 14063000.0,
        "Reconciled Depreciation": 33577000.0,
        "Reconciled Cost Of Revenue": 2045250000.0,
        "EBITDA": 79909000.0,
        "EBIT": 46332000.0,
        "Net Interest Income": -21367000.0,
        "Interest Expense": 24751000.0,
        "Interest Income": 3384000.0,
        "Normalized Income": 14063000.0,
        "Net Income From Continuing And Discontinued Operation": 14063000.0,
        "Total Expenses": 2345215000.0,
        "Total Operating Income As Reported": 42948000.0,
        "Diluted Average Shares": 116880000.0,
        "Basic Average Shares": 115758000.0,
        "Diluted EPS": 0.11,
        "Basic EPS": 0.11,
        "Diluted NI Availto Com Stockholders": 12618000.0,
        "Average Dilution Earnings": NaN,
        "Net Income Common Stockholders": 12618000.0,
        "Otherunder Preferred Stock Dividend": NaN,
        "Preferred Stock Dividends": 1445000.0,
        "Net Income": 14063000.0,
        "Minority Interests": 0.0,
        "Net Income Including Noncontrolling Interests": 14063000.0,
        "Net Income Continuous Operations": 14063000.0,
        "Earnings From Equity Interest Net Of Tax": 28000.0,
        "Tax Provision": 7546000.0,
        "Pretax Income": 21581000.0,
        "Net Non Operating Interest Income Expense": -21367000.0,
        "Interest Expense Non Operating": 24751000.0,
        "Interest Income Non Operating": 3384000.0,
        "Operating Income": 42948000.0,
        "Operating Expense": 299965000.0,
        "Other Operating Expenses": 223952000.0,
        "Depreciation Amortization Depletion Income Statement": 33577000.0,
        "Depreciation And Amortization In Income Statement": 33577000.0,
        "Selling General And Administration": 42436000.0,
        "General And Administrative Expense": 42436000.0,
        "Other Gand A": 42436000.0,
        "Gross Profit": 342913000.0,
        "Cost Of Revenue": 2045250000.0,
        "Total Revenue": 2388163000.0,
        "Operating Revenue": 2361779000.0
    }
}