{
    "2023-06-30": {
        "Tax Effect Of Unusual Items": NaN,
        "Tax Rate For Calcs": NaN,
        "Normalized EBITDA": NaN,
        "Total Unusual Items": NaN,
        "Total Unusual Items Excluding Goodwill": NaN,
        "Net Income From Continuing Operation Net Minority Interest": NaN,
        "Reconciled Depreciation": NaN,
        "Reconciled Cost Of Revenue": NaN,
        "EBITDA": NaN,
        "EBIT": NaN,
        "Net Interest Income": NaN,
        "Interest Income": NaN,
        "Normalized Income": NaN,
        "Net Income From Continuing And Discontinued Operation": NaN,
        "Total Expenses": NaN,
        "Total Operating Income As Reported": NaN,
        "Diluted Average Shares": NaN,
        "Basic Average Shares": NaN,
        "Diluted EPS": NaN,
        "Basic EPS": NaN,
        "Diluted NI Availto Com Stockholders": NaN,
        "Net Income Common Stockholders": NaN,
        "Net Income": NaN,
        "Net Income Including Noncontrolling Interests": NaN,
        "Net Income Continuous Operations": NaN,
        "Tax Provision": NaN,
        "Pretax Income": NaN,
        "Other Income Expense": NaN,
        "Other Non Operating Income Expenses": NaN,
        "Special Income Charges": 0.0,
        "Impairment Of Capital Assets": 0.0,
        "Restructuring And Mergern Acquisition": 0.0,
        "Earnings From Equity Interest": -7000000.0,
        "Gain On Sale Of Security": NaN,
        "Net Non Operating Interest Income Expense": NaN,
        "Interest Income Non Operating": NaN,
        "Operating Income": NaN,
        "Operating Expense": NaN,
        "Research And Development": NaN,
        "Selling General And Administration": NaN,
        "Gross Profit": NaN,
        "Cost Of Revenue": NaN,
        "Total Revenue": NaN,
        "Operating Revenue": NaN
    },
    "2022-06-30": {
        "Tax Effect Of Unusual Items": -426573.426573,
        "Tax Rate For Calcs": 0.213287,
        "Normalized EBITDA": 340000000.0,
        "Total Unusual Items": -2000000.0,
        "Total Unusual Items Excluding Goodwill": -2000000.0,
        "Net Income From Continuing Operation Net Minority Interest": 225000000.0,
        "Reconciled Depreciation": 42000000.0,
        "Reconciled Cost Of Revenue": 25000000.0,
        "EBITDA": 338000000.0,
        "EBIT": 296000000.0,
        "Net Interest Income": 2000000.0,
        "Interest Income": 2000000.0,
        "Normalized Income": 226573426.573427,
        "Net Income From Continuing And Discontinued Operation": 225000000.0,
        "Total Expenses": 396000000.0,
        "Total Operating Income As Reported": 294000000.0,
        "Diluted NI Availto Com Stockholders": 225000000.0,
        "Net Income Common Stockholders": 225000000.0,
        "Net Income": 225000000.0,
        "Net Income Including Noncontrolling Interests": 225000000.0,
        "Net Income Continuous Operations": 225000000.0,
        "Tax Provision": 61000000.0,
        "Pretax Income": 286000000.0,
        "Other Income Expense": -12000000.0,
        "Other Non Operating Income Expenses": 4000000.0,
        "Special Income Charges": -2000000.0,
        "Impairment Of Capital Assets": 0.0,
        "Restructuring And Mergern Acquisition": 2000000.0,
        "Earnings From Equity Interest": -14000000.0,
        "Net Non Operating Interest Income Expense": 2000000.0,
        "Interest Income Non Operating": 2000000.0,
        "Operating Income": 296000000.0,
        "Operating Expense": 371000000.0,
        "Research And Development": 218000000.0,
        "Selling General And Administration": 153000000.0,
        "Gross Profit": 667000000.0,
        "Cost Of Revenue": 25000000.0,
        "Total Revenue": 692000000.0,
        "Operating Revenue": 692000000.0
    },
    "2023-09-30": {
        "Tax Effect Of Unusual Items": -378151.260504,
        "Tax Rate For Calcs": 0.07563,
        "Normalized EBITDA": -110000000.0,
        "Total Unusual Items": -5000000.0,
        "Total Unusual Items Excluding Goodwill": -5000000.0,
        "Net Income From Continuing Operation Net Minority Interest": -110000000.0,
        "Reconciled Depreciation": 41000000.0,
        "Reconciled Cost Of Revenue": 46000000.0,
        "EBITDA": -115000000.0,
        "EBIT": -156000000.0,
        "Net Interest Income": 28000000.0,
        "Interest Income": 28000000.0,
        "Normalized Income": -105378151.260504,
        "Net Income From Continuing And Discontinued Operation": -110000000.0,
        "Total Expenses": 962000000.0,
        "Total Operating Income As Reported": -156000000.0,
        "Diluted Average Shares": 1025000000.0,
        "Basic Average Shares": 1025000000.0,
        "Diluted EPS": -0.11,
        "Basic EPS": -0.11,
        "Diluted NI Availto Com Stockholders": -110000000.0,
        "Net Income Common Stockholders": -110000000.0,
        "Net Income": -110000000.0,
        "Net Income Including Noncontrolling Interests": -110000000.0,
        "Net Income Continuous Operations": -110000000.0,
        "Tax Provision": -9000000.0,
        "Pretax Income": -119000000.0,
        "Other Income Expense": 9000000.0,
        "Other Non Operating Income Expenses": 14000000.0,
        "Special Income Charges": 0.0,
        "Impairment Of Capital Assets": NaN,
        "Restructuring And Mergern Acquisition": 0.0,
        "Earnings From Equity Interest": -5000000.0,
        "Gain On Sale Of Security": -5000000.0,
        "Net Non Operating Interest Income Expense": 28000000.0,
        "Interest Income Non Operating": 28000000.0,
        "Operating Income": -156000000.0,
        "Operating Expense": 916000000.0,
        "Research And Development": 626000000.0,
        "Selling General And Administration": 290000000.0,
        "Gross Profit": 760000000.0,
        "Cost Of Revenue": 46000000.0,
        "Total Revenue": 806000000.0,
        "Operating Revenue": 806000000.0
    },
    "2022-09-30": {
        "Tax Effect Of Unusual Items": -500000.0,
        "Tax Rate For Calcs": 0.25,
        "Normalized EBITDA": 232000000.0,
        "Total Unusual Items": -2000000.0,
        "Total Unusual Items Excluding Goodwill": -2000000.0,
        "Net Income From Continuing Operation Net Minority Interest": 114000000.0,
        "Reconciled Depreciation": 45000000.0,
        "Reconciled Cost Of Revenue": 25000000.0,
        "EBITDA": 230000000.0,
        "EBIT": 185000000.0,
        "Net Interest Income": 6000000.0,
        "Interest Income": 6000000.0,
        "Normalized Income": 115500000.0,
        "Net Income From Continuing And Discontinued Operation": 114000000.0,
        "Total Expenses": 445000000.0,
        "Total Operating Income As Reported": 183000000.0,
        "Diluted Average Shares": 1026054856.0,
        "Basic Average Shares": 1026054856.0,
        "Diluted EPS": 0.111105,
        "Basic EPS": 0.111105,
        "Diluted NI Availto Com Stockholders": 114000000.0,
        "Net Income Common Stockholders": 114000000.0,
        "Net Income": 114000000.0,
        "Net Income Including Noncontrolling Interests": 114000000.0,
        "Net Income Continuous Operations": 114000000.0,
        "Tax Provision": 38000000.0,
        "Pretax Income": 152000000.0,
        "Other Income Expense": -39000000.0,
        "Other Non Operating Income Expenses": 23000000.0,
        "Special Income Charges": -2000000.0,
        "Impairment Of Capital Assets": NaN,
        "Restructuring And Mergern Acquisition": 2000000.0,
        "Earnings From Equity Interest": -60000000.0,
        "Net Non Operating Interest Income Expense": 6000000.0,
        "Interest Income Non Operating": 6000000.0,
        "Operating Income": 185000000.0,
        "Operating Expense": 420000000.0,
        "Research And Development": 248000000.0,
        "Selling General And Administration": 172000000.0,
        "Gross Profit": 605000000.0,
        "Cost Of Revenue": 25000000.0,
        "Total Revenue": 630000000.0,
        "Operating Revenue": 630000000.0
    },
    "2023-12-31": {
        "Tax Effect Of Unusual Items": -1330000.0,
        "Tax Rate For Calcs": 0.19,
        "Normalized EBITDA": 189000000.0,
        "Total Unusual Items": -7000000.0,
        "Total Unusual Items Excluding Goodwill": -7000000.0,
        "Net Income From Continuing Operation Net Minority Interest": 87000000.0,
        "Reconciled Depreciation": 42000000.0,
        "Reconciled Cost Of Revenue": 36000000.0,
        "EBITDA": 182000000.0,
        "EBIT": 140000000.0,
        "Net Interest Income": 28000000.0,
        "Interest Income": 28000000.0,
        "Normalized Income": 92670000.0,
        "Net Income From Continuing And Discontinued Operation": 87000000.0,
        "Total Expenses": 684000000.0,
        "Total Operating Income As Reported": 134000000.0,
        "Diluted Average Shares": 1048888489.0,
        "Basic Average Shares": 1026894266.0,
        "Diluted EPS": 0.08,
        "Basic EPS": 0.08,
        "Diluted NI Availto Com Stockholders": 87000000.0,
        "Net Income Common Stockholders": 87000000.0,
        "Net Income": 87000000.0,
        "Net Income Including Noncontrolling Interests": 87000000.0,
        "Net Income Continuous Operations": 87000000.0,
        "Tax Provision": 59000000.0,
        "Pretax Income": 146000000.0,
        "Other Income Expense": -22000000.0,
        "Other Non Operating Income Expenses": -15000000.0,
        "Special Income Charges": -6000000.0,
        "Impairment Of Capital Assets": NaN,
        "Restructuring And Mergern Acquisition": 6000000.0,
        "Earnings From Equity Interest": -1000000.0,
        "Gain On Sale Of Security": -1000000.0,
        "Net Non Operating Interest Income Expense": 28000000.0,
        "Interest Income Non Operating": 28000000.0,
        "Operating Income": 140000000.0,
        "Operating Expense": 648000000.0,
        "Research And Development": 432000000.0,
        "Selling General And Administration": 216000000.0,
        "Gross Profit": 788000000.0,
        "Cost Of Revenue": 36000000.0,
        "Total Revenue": 824000000.0,
        "Operating Revenue": 824000000.0
    },
    "2023-03-31": {
        "Tax Effect Of Unusual Items": NaN,
        "Tax Rate For Calcs": NaN,
        "Normalized EBITDA": NaN,
        "Total Unusual Items": NaN,
        "Total Unusual Items Excluding Goodwill": NaN,
        "Net Income From Continuing Operation Net Minority Interest": NaN,
        "Reconciled Depreciation": NaN,
        "Reconciled Cost Of Revenue": NaN,
        "EBITDA": NaN,
        "EBIT": NaN,
        "Net Interest Income": NaN,
        "Interest Income": NaN,
        "Normalized Income": NaN,
        "Net Income From Continuing And Discontinued Operation": NaN,
        "Total Expenses": NaN,
        "Total Operating Income As Reported": NaN,
        "Diluted Average Shares": NaN,
        "Basic Average Shares": NaN,
        "Diluted EPS": NaN,
        "Basic EPS": NaN,
        "Diluted NI Availto Com Stockholders": NaN,
        "Net Income Common Stockholders": NaN,
        "Net Income": NaN,
        "Net Income Including Noncontrolling Interests": NaN,
        "Net Income Continuous Operations": NaN,
        "Tax Provision": NaN,
        "Pretax Income": NaN,
        "Other Income Expense": NaN,
        "Other Non Operating Income Expenses": NaN,
        "Special Income Charges": -1000000.0,
        "Impairment Of Capital Assets": NaN,
        "Restructuring And Mergern Acquisition": 1000000.0,
        "Earnings From Equity Interest": 35000000.0,
        "Gain On Sale Of Security": NaN,
        "Net Non Operating Interest Income Expense": NaN,
        "Interest Income Non Operating": NaN,
        "Operating Income": NaN,
        "Operating Expense": NaN,
        "Research And Development": NaN,
        "Selling General And Administration": NaN,
        "Gross Profit": NaN,
        "Cost Of Revenue": NaN,
        "Total Revenue": NaN,
        "Operating Revenue": NaN
    },
    "2022-12-31": {
        "Tax Effect Of Unusual Items": NaN,
        "Tax Rate For Calcs": NaN,
        "Normalized EBITDA": NaN,
        "Total Unusual Items": NaN,
        "Total Unusual Items Excluding Goodwill": NaN,
        "Net Income From Continuing Operation Net Minority Interest": NaN,
        "Reconciled Depreciation": NaN,
        "Reconciled Cost Of Revenue": NaN,
        "EBITDA": NaN,
        "EBIT": NaN,
        "Net Interest Income": NaN,
        "Interest Income": NaN,
        "Normalized Income": NaN,
        "Net Income From Continuing And Discontinued Operation": NaN,
        "Total Expenses": NaN,
        "Total Operating Income As Reported": NaN,
        "Diluted Average Shares": 1026054856.0,
        "Basic Average Shares": 1026054856.0,
        "Diluted EPS": 0.177378,
        "Basic EPS": 0.177378,
        "Diluted NI Availto Com Stockholders": NaN,
        "Net Income Common Stockholders": NaN,
        "Net Income": NaN,
        "Net Income Including Noncontrolling Interests": NaN,
        "Net Income Continuous Operations": NaN,
        "Tax Provision": NaN,
        "Pretax Income": NaN,
        "Other Income Expense": NaN,
        "Other Non Operating Income Expenses": NaN,
        "Special Income Charges": NaN,
        "Impairment Of Capital Assets": NaN,
        "Restructuring And Mergern Acquisition": NaN,
        "Earnings From Equity Interest": NaN,
        "Net Non Operating Interest Income Expense": NaN,
        "Interest Income Non Operating": NaN,
        "Operating Income": NaN,
        "Operating Expense": NaN,
        "Research And Development": NaN,
        "Selling General And Administration": NaN,
        "Gross Profit": NaN,
        "Cost Of Revenue": NaN,
        "Total Revenue": NaN,
        "Operating Revenue": NaN
    },
    "2024-03-31": {
        "Tax Effect Of Unusual Items": -1750000.0,
        "Tax Rate For Calcs": 0.25,
        "Normalized EBITDA": 67000000.0,
        "Total Unusual Items": -7000000.0,
        "Total Unusual Items Excluding Goodwill": -7000000.0,
        "Net Income From Continuing Operation Net Minority Interest": 224000000.0,
        "Reconciled Depreciation": 38000000.0,
        "Reconciled Cost Of Revenue": 41000000.0,
        "EBITDA": 60000000.0,
        "EBIT": 22000000.0,
        "Net Interest Income": 30000000.0,
        "Interest Income": 30000000.0,
        "Normalized Income": 229250000.0,
        "Net Income From Continuing And Discontinued Operation": 224000000.0,
        "Total Expenses": 906000000.0,
        "Total Operating Income As Reported": 22000000.0,
        "Diluted Average Shares": 1057533533.0,
        "Basic Average Shares": 1032360816.0,
        "Diluted EPS": 0.21,
        "Basic EPS": 0.22,
        "Diluted NI Availto Com Stockholders": 224000000.0,
        "Net Income Common Stockholders": 224000000.0,
        "Net Income": 224000000.0,
        "Net Income Including Noncontrolling Interests": 224000000.0,
        "Net Income Continuous Operations": 224000000.0,
        "Tax Provision": -166000000.0,
        "Pretax Income": 58000000.0,
        "Other Income Expense": 6000000.0,
        "Other Non Operating Income Expenses": 13000000.0,
        "Special Income Charges": 0.0,
        "Impairment Of Capital Assets": NaN,
        "Restructuring And Mergern Acquisition": 0.0,
        "Earnings From Equity Interest": -7000000.0,
        "Gain On Sale Of Security": -7000000.0,
        "Net Non Operating Interest Income Expense": 30000000.0,
        "Interest Income Non Operating": 30000000.0,
        "Operating Income": 22000000.0,
        "Operating Expense": 865000000.0,
        "Research And Development": 584000000.0,
        "Selling General And Administration": 281000000.0,
        "Gross Profit": 887000000.0,
        "Cost Of Revenue": 41000000.0,
        "Total Revenue": 928000000.0,
        "Operating Revenue": 928000000.0
    },
    "2024-06-30": {
        "Tax Effect Of Unusual Items": 2064000.0,
        "Tax Rate For Calcs": 0.086,
        "Normalized EBITDA": 201000000.0,
        "Total Unusual Items": 24000000.0,
        "Total Unusual Items Excluding Goodwill": 24000000.0,
        "Net Income From Continuing Operation Net Minority Interest": 223000000.0,
        "Reconciled Depreciation": 43000000.0,
        "Reconciled Cost Of Revenue": 33000000.0,
        "EBITDA": 225000000.0,
        "EBIT": 182000000.0,
        "Net Interest Income": 32000000.0,
        "Interest Income": 32000000.0,
        "Normalized Income": 201064000.0,
        "Net Income From Continuing And Discontinued Operation": 223000000.0,
        "Total Expenses": 757000000.0,
        "Total Operating Income As Reported": 182000000.0,
        "Diluted Average Shares": 1060000000.0,
        "Basic Average Shares": 1044000000.0,
        "Diluted EPS": 0.21,
        "Basic EPS": 0.21,
        "Diluted NI Availto Com Stockholders": 223000000.0,
        "Net Income Common Stockholders": 223000000.0,
        "Net Income": 223000000.0,
        "Net Income Including Noncontrolling Interests": 223000000.0,
        "Net Income Continuous Operations": 223000000.0,
        "Tax Provision": 21000000.0,
        "Pretax Income": 244000000.0,
        "Other Income Expense": 30000000.0,
        "Other Non Operating Income Expenses": 6000000.0,
        "Special Income Charges": NaN,
        "Impairment Of Capital Assets": NaN,
        "Restructuring And Mergern Acquisition": NaN,
        "Earnings From Equity Interest": NaN,
        "Gain On Sale Of Security": 24000000.0,
        "Net Non Operating Interest Income Expense": 32000000.0,
        "Interest Income Non Operating": 32000000.0,
        "Operating Income": 182000000.0,
        "Operating Expense": 724000000.0,
        "Research And Development": 485000000.0,
        "Selling General And Administration": 239000000.0,
        "Gross Profit": 906000000.0,
        "Cost Of Revenue": 33000000.0,
        "Total Revenue": 939000000.0,
        "Operating Revenue": 939000000.0
    },
    "2024-09-30": {
        "Tax Effect Of Unusual Items": -2500000.0,
        "Tax Rate For Calcs": 0.25,
        "Normalized EBITDA": 118000000.0,
        "Total Unusual Items": -10000000.0,
        "Total Unusual Items Excluding Goodwill": -10000000.0,
        "Net Income From Continuing Operation Net Minority Interest": 107000000.0,
        "Reconciled Depreciation": 44000000.0,
        "Reconciled Cost Of Revenue": 32000000.0,
        "EBITDA": 108000000.0,
        "EBIT": 64000000.0,
        "Net Interest Income": 29000000.0,
        "Interest Income": 29000000.0,
        "Normalized Income": 114500000.0,
        "Net Income From Continuing And Discontinued Operation": 107000000.0,
        "Total Expenses": 780000000.0,
        "Total Operating Income As Reported": 64000000.0,
        "Diluted Average Shares": 1063000000.0,
        "Basic Average Shares": 1049000000.0,
        "Diluted EPS": 0.1,
        "Basic EPS": 0.1,
        "Diluted NI Availto Com Stockholders": 107000000.0,
        "Net Income Common Stockholders": 107000000.0,
        "Net Income": 107000000.0,
        "Net Income Including Noncontrolling Interests": 107000000.0,
        "Net Income Continuous Operations": 107000000.0,
        "Tax Provision": -43000000.0,
        "Pretax Income": 64000000.0,
        "Other Income Expense": -29000000.0,
        "Other Non Operating Income Expenses": -19000000.0,
        "Special Income Charges": NaN,
        "Impairment Of Capital Assets": NaN,
        "Restructuring And Mergern Acquisition": NaN,
        "Earnings From Equity Interest": NaN,
        "Gain On Sale Of Security": -10000000.0,
        "Net Non Operating Interest Income Expense": 29000000.0,
        "Interest Income Non Operating": 29000000.0,
        "Operating Income": 64000000.0,
        "Operating Expense": 748000000.0,
        "Research And Development": 507000000.0,
        "Selling General And Administration": 241000000.0,
        "Gross Profit": 812000000.0,
        "Cost Of Revenue": 32000000.0,
        "Total Revenue": 844000000.0,
        "Operating Revenue": 844000000.0
    }
}