{
    "2023-03-31": {
        "Tax Effect Of Unusual Items": NaN,
        "Tax Rate For Calcs": NaN,
        "Normalized EBITDA": NaN,
        "Total Unusual Items": NaN,
        "Total Unusual Items Excluding Goodwill": NaN,
        "Net Income From Continuing Operation Net Minority Interest": NaN,
        "Reconciled Depreciation": NaN,
        "Reconciled Cost Of Revenue": NaN,
        "EBITDA": NaN,
        "EBIT": NaN,
        "Net Interest Income": NaN,
        "Interest Expense": NaN,
        "Normalized Income": NaN,
        "Net Income From Continuing And Discontinued Operation": NaN,
        "Total Expenses": NaN,
        "Total Operating Income As Reported": NaN,
        "Diluted Average Shares": NaN,
        "Basic Average Shares": NaN,
        "Diluted EPS": NaN,
        "Basic EPS": NaN,
        "Diluted NI Availto Com Stockholders": NaN,
        "Net Income Common Stockholders": NaN,
        "Net Income": NaN,
        "Minority Interests": NaN,
        "Net Income Including Noncontrolling Interests": NaN,
        "Net Income Discontinuous Operations": NaN,
        "Net Income Continuous Operations": NaN,
        "Tax Provision": NaN,
        "Pretax Income": NaN,
        "Other Income Expense": NaN,
        "Gain On Sale Of Security": NaN,
        "Net Non Operating Interest Income Expense": NaN,
        "Total Other Finance Cost": 114021000.0,
        "Interest Expense Non Operating": NaN,
        "Operating Income": NaN,
        "Operating Expense": NaN,
        "Depreciation Amortization Depletion Income Statement": NaN,
        "Depreciation And Amortization In Income Statement": NaN,
        "Selling General And Administration": NaN,
        "Gross Profit": NaN,
        "Cost Of Revenue": NaN,
        "Total Revenue": NaN,
        "Operating Revenue": NaN
    },
    "2022-12-31": {
        "Tax Effect Of Unusual Items": NaN,
        "Tax Rate For Calcs": NaN,
        "Normalized EBITDA": NaN,
        "Total Unusual Items": NaN,
        "Total Unusual Items Excluding Goodwill": NaN,
        "Net Income From Continuing Operation Net Minority Interest": NaN,
        "Reconciled Depreciation": NaN,
        "Reconciled Cost Of Revenue": NaN,
        "EBITDA": NaN,
        "EBIT": NaN,
        "Net Interest Income": NaN,
        "Interest Expense": NaN,
        "Normalized Income": NaN,
        "Net Income From Continuing And Discontinued Operation": NaN,
        "Total Expenses": NaN,
        "Total Operating Income As Reported": NaN,
        "Diluted Average Shares": NaN,
        "Basic Average Shares": NaN,
        "Diluted EPS": NaN,
        "Basic EPS": NaN,
        "Diluted NI Availto Com Stockholders": NaN,
        "Net Income Common Stockholders": NaN,
        "Net Income": NaN,
        "Minority Interests": NaN,
        "Net Income Including Noncontrolling Interests": NaN,
        "Net Income Discontinuous Operations": 35653000.0,
        "Net Income Continuous Operations": NaN,
        "Tax Provision": NaN,
        "Pretax Income": NaN,
        "Other Income Expense": NaN,
        "Gain On Sale Of Security": NaN,
        "Net Non Operating Interest Income Expense": NaN,
        "Total Other Finance Cost": NaN,
        "Interest Expense Non Operating": NaN,
        "Operating Income": NaN,
        "Operating Expense": NaN,
        "Depreciation Amortization Depletion Income Statement": NaN,
        "Depreciation And Amortization In Income Statement": NaN,
        "Selling General And Administration": NaN,
        "Gross Profit": NaN,
        "Cost Of Revenue": NaN,
        "Total Revenue": NaN,
        "Operating Revenue": NaN
    },
    "2022-09-30": {
        "Tax Effect Of Unusual Items": NaN,
        "Tax Rate For Calcs": NaN,
        "Normalized EBITDA": NaN,
        "Total Unusual Items": 0.0,
        "Total Unusual Items Excluding Goodwill": 0.0,
        "Net Income From Continuing Operation Net Minority Interest": NaN,
        "Reconciled Depreciation": NaN,
        "Reconciled Cost Of Revenue": NaN,
        "EBITDA": NaN,
        "EBIT": NaN,
        "Net Interest Income": NaN,
        "Interest Expense": NaN,
        "Normalized Income": NaN,
        "Net Income From Continuing And Discontinued Operation": NaN,
        "Total Expenses": NaN,
        "Total Operating Income As Reported": NaN,
        "Diluted Average Shares": NaN,
        "Basic Average Shares": NaN,
        "Diluted EPS": NaN,
        "Basic EPS": NaN,
        "Diluted NI Availto Com Stockholders": NaN,
        "Net Income Common Stockholders": NaN,
        "Net Income": NaN,
        "Minority Interests": NaN,
        "Net Income Including Noncontrolling Interests": NaN,
        "Net Income Discontinuous Operations": NaN,
        "Net Income Continuous Operations": NaN,
        "Tax Provision": NaN,
        "Pretax Income": NaN,
        "Other Income Expense": NaN,
        "Special Income Charges": 0.0,
        "Gain On Sale Of Security": NaN,
        "Net Non Operating Interest Income Expense": NaN,
        "Total Other Finance Cost": NaN,
        "Interest Expense Non Operating": NaN,
        "Operating Income": NaN,
        "Operating Expense": NaN,
        "Depreciation Amortization Depletion Income Statement": NaN,
        "Depreciation And Amortization In Income Statement": NaN,
        "Selling General And Administration": NaN,
        "Gross Profit": NaN,
        "Cost Of Revenue": NaN,
        "Total Revenue": NaN,
        "Operating Revenue": NaN
    },
    "2022-06-30": {
        "Tax Effect Of Unusual Items": 0.0,
        "Tax Rate For Calcs": 0.283,
        "Normalized EBITDA": 280861000.0,
        "Total Unusual Items": 0.0,
        "Total Unusual Items Excluding Goodwill": 0.0,
        "Net Income From Continuing Operation Net Minority Interest": 40329000.0,
        "Reconciled Depreciation": 132975000.0,
        "Reconciled Cost Of Revenue": 3747828000.0,
        "EBITDA": 280861000.0,
        "EBIT": 147886000.0,
        "Net Interest Income": -91466000.0,
        "Interest Expense": 91466000.0,
        "Normalized Income": 40329000.0,
        "Net Income From Continuing And Discontinued Operation": 40329000.0,
        "Total Expenses": 3979492000.0,
        "Total Operating Income As Reported": 147886000.0,
        "Diluted Average Shares": 259219000.0,
        "Basic Average Shares": 257564000.0,
        "Diluted EPS": 0.16,
        "Basic EPS": 0.16,
        "Diluted NI Availto Com Stockholders": 40329000.0,
        "Net Income Common Stockholders": 40329000.0,
        "Net Income": 40329000.0,
        "Minority Interests": -152000.0,
        "Net Income Including Noncontrolling Interests": 40481000.0,
        "Net Income Continuous Operations": 40481000.0,
        "Tax Provision": 15939000.0,
        "Pretax Income": 56420000.0,
        "Other Income Expense": NaN,
        "Special Income Charges": 0.0,
        "Earnings From Equity Interest": 0.0,
        "Gain On Sale Of Security": NaN,
        "Net Non Operating Interest Income Expense": -91466000.0,
        "Total Other Finance Cost": NaN,
        "Interest Expense Non Operating": 91466000.0,
        "Operating Income": 147886000.0,
        "Operating Expense": 231664000.0,
        "Depreciation Amortization Depletion Income Statement": 132975000.0,
        "Depreciation And Amortization In Income Statement": 132975000.0,
        "Selling General And Administration": 98689000.0,
        "Gross Profit": 379550000.0,
        "Cost Of Revenue": 3747828000.0,
        "Total Revenue": 4127378000.0,
        "Operating Revenue": 4127378000.0
    },
    "2022-03-31": {
        "Diluted EPS": 0.14,
        "Total Revenue": NaN,
        "Gross Profit": 369,
        "Operating Income": 142,
        "EBIT": 274,
        "Net Income": 36
    },
    "2021-12-31": {
        "Diluted EPS": 0.17,
        "Total Revenue": NaN,
        "Gross Profit": 377,
        "Operating Income": 140,
        "EBIT": 276,
        "Net Income": 43
    },
    "2021-09-30": {
        "Diluted EPS": 0.13,
        "Total Revenue": NaN,
        "Gross Profit": 358,
        "Operating Income": 132,
        "EBIT": 271,
        "Net Income": 35
    },
    "2021-06-30": {
        "Diluted EPS": 0.13,
        "Total Revenue": NaN,
        "Gross Profit": 295,
        "Operating Income": 74,
        "EBIT": 210,
        "Net Income": 33
    },
    "2021-03-31": {
        "Diluted EPS": -0.3,
        "Total Revenue": NaN,
        "Gross Profit": 227,
        "Operating Income": 5,
        "EBIT": 143,
        "Net Income": -78
    },
    "2020-12-31": {
        "Diluted EPS": -0.32,
        "Total Revenue": NaN,
        "Gross Profit": 208,
        "Operating Income": -20,
        "EBIT": 118,
        "Net Income": -81
    },
    "2020-09-30": {
        "Diluted EPS": -0.59,
        "Total Revenue": NaN,
        "Gross Profit": 140,
        "Operating Income": -94,
        "EBIT": 96,
        "Net Income": -149
    },
    "2020-06-30": {
        "Diluted EPS": -1.01,
        "Total Revenue": NaN,
        "Gross Profit": -113,
        "Operating Income": -328,
        "EBIT": -133,
        "Net Income": -256
    },
    "2020-03-31": {
        "Diluted EPS": -0.8,
        "Total Revenue": NaN,
        "Gross Profit": 324,
        "Operating Income": -98,
        "EBIT": 249,
        "Net Income": -202
    },
    "2019-12-31": {
        "Diluted EPS": 0.57,
        "Total Revenue": NaN,
        "Gross Profit": 485,
        "Operating Income": 254,
        "EBIT": 402,
        "Net Income": 146
    },
    "2019-09-30": {
        "Diluted EPS": 0.34,
        "Total Revenue": NaN,
        "Gross Profit": 448,
        "Operating Income": 206,
        "EBIT": 351,
        "Net Income": 86
    },
    "2019-06-30": {
        "Diluted EPS": 0.33,
        "Total Revenue": NaN,
        "Gross Profit": 416,
        "Operating Income": 189,
        "EBIT": 338,
        "Net Income": 83
    },
    "2019-03-31": {
        "Diluted EPS": 0.12,
        "Total Revenue": NaN,
        "Gross Profit": 360,
        "Operating Income": 123,
        "EBIT": 271,
        "Net Income": 29
    },
    "2018-12-31": {
        "Diluted EPS": 0.99,
        "Total Revenue": NaN,
        "Gross Profit": 471,
        "Operating Income": 373,
        "EBIT": 524,
        "Net Income": 251
    },
    "2018-09-30": {
        "Diluted EPS": 0.68,
        "Total Revenue": NaN,
        "Gross Profit": 527,
        "Operating Income": 280,
        "EBIT": 432,
        "Net Income": 175
    },
    "2018-06-30": {
        "Diluted EPS": 0.29,
        "Total Revenue": NaN,
        "Gross Profit": 445,
        "Operating Income": 187,
        "EBIT": 344,
        "Net Income": 73
    },
    "2018-03-31": {
        "Diluted EPS": 0.11,
        "Total Revenue": NaN,
        "Gross Profit": 376,
        "Operating Income": 135,
        "EBIT": 288,
        "Net Income": 28
    },
    "2017-12-31": {
        "Diluted EPS": 1.16,
        "Total Revenue": NaN,
        "Gross Profit": 443,
        "Operating Income": 217,
        "EBIT": 351,
        "Net Income": 292
    },
    "2017-09-30": {
        "Diluted EPS": 0.45,
        "Total Revenue": NaN,
        "Gross Profit": 417,
        "Operating Income": 211,
        "EBIT": 341,
        "Net Income": 113
    },
    "2017-06-30": {
        "Diluted EPS": 0.26,
        "Total Revenue": NaN,
        "Gross Profit": 361,
        "Operating Income": 155,
        "EBIT": 281,
        "Net Income": 65
    },
    "2017-03-31": {
        "Diluted EPS": 0.28,
        "Total Revenue": NaN,
        "Gross Profit": 395,
        "Operating Income": 191,
        "EBIT": 317,
        "Net Income": 70
    },
    "2016-12-31": {
        "Diluted EPS": 0.5,
        "Total Revenue": NaN,
        "Gross Profit": 436,
        "Operating Income": 244,
        "EBIT": 371,
        "Net Income": 125
    },
    "2016-09-30": {
        "Diluted EPS": 0.33,
        "Total Revenue": NaN,
        "Gross Profit": 392,
        "Operating Income": 191,
        "EBIT": 316,
        "Net Income": 83
    },
    "2016-06-30": {
        "Diluted EPS": 0.18,
        "Total Revenue": NaN,
        "Gross Profit": 353,
        "Operating Income": 169,
        "EBIT": 292,
        "Net Income": 45
    },
    "2016-03-31": {
        "Diluted EPS": 0.27,
        "Total Revenue": NaN,
        "Gross Profit": 365,
        "Operating Income": 172,
        "EBIT": 292,
        "Net Income": 66
    },
    "2015-12-31": {
        "Diluted EPS": 0.38,
        "Total Revenue": NaN,
        "Gross Profit": 416,
        "Operating Income": 214,
        "EBIT": 342,
        "Net Income": 93
    },
    "2015-09-30": {
        "Diluted EPS": 0.23,
        "Total Revenue": NaN,
        "Gross Profit": 357,
        "Operating Income": 154,
        "EBIT": 283,
        "Net Income": 57
    },
    "2015-06-30": {
        "Diluted EPS": 0.14,
        "Total Revenue": NaN,
        "Gross Profit": 322,
        "Operating Income": 117,
        "EBIT": 242,
        "Net Income": 34
    },
    "2015-03-31": {
        "Diluted EPS": 0.24,
        "Total Revenue": NaN,
        "Gross Profit": 355,
        "Operating Income": 155,
        "EBIT": 280,
        "Net Income": 60
    },
    "2014-12-31": {
        "Diluted EPS": 0.35,
        "Total Revenue": NaN,
        "Gross Profit": 415,
        "Operating Income": 202,
        "EBIT": 327,
        "Net Income": 85
    },
    "2014-09-30": {
        "Diluted EPS": 0.18,
        "Total Revenue": NaN,
        "Gross Profit": 374,
        "Operating Income": 145,
        "EBIT": 280,
        "Net Income": 44
    },
    "2014-06-30": {
        "Diluted EPS": 0.19,
        "Total Revenue": NaN,
        "Gross Profit": 345,
        "Operating Income": 141,
        "EBIT": 266,
        "Net Income": 47
    },
    "2014-03-31": {
        "Diluted EPS": 0.05,
        "Total Revenue": NaN,
        "Gross Profit": 342,
        "Operating Income": 121,
        "EBIT": 246,
        "Net Income": 13
    },
    "2013-12-31": {
        "Diluted EPS": 0.21,
        "Total Revenue": NaN,
        "Gross Profit": 408,
        "Operating Income": 157,
        "EBIT": 294,
        "Net Income": 45
    },
    "2013-09-30": {
        "Diluted EPS": 0.19,
        "Total Revenue": NaN,
        "Gross Profit": 337,
        "Operating Income": 135,
        "EBIT": 273,
        "Net Income": 39
    },
    "2013-06-30": {
        "Diluted EPS": 0.13,
        "Total Revenue": NaN,
        "Gross Profit": 312,
        "Operating Income": 124,
        "EBIT": 259,
        "Net Income": 28
    },
    "2013-03-31": {
        "Diluted EPS": -0.2,
        "Total Revenue": NaN,
        "Gross Profit": 272,
        "Operating Income": 80,
        "EBIT": 216,
        "Net Income": -40
    },
    "2012-12-31": {
        "Diluted EPS": 0.2,
        "Total Revenue": NaN,
        "Gross Profit": 364,
        "Operating Income": 175,
        "EBIT": 309,
        "Net Income": 43
    },
    "2012-09-30": {
        "Diluted EPS": 0.0,
        "Total Revenue": NaN,
        "Gross Profit": NaN,
        "Operating Income": NaN,
        "EBIT": NaN,
        "Net Income": NaN
    },
    "2011-09-30": {
        "Diluted EPS": 0.0,
        "Total Revenue": NaN,
        "Gross Profit": NaN,
        "Operating Income": NaN,
        "EBIT": NaN,
        "Net Income": NaN
    },
    "2023-06-30": {
        "Tax Effect Of Unusual Items": NaN,
        "Tax Rate For Calcs": NaN,
        "Normalized EBITDA": NaN,
        "Total Unusual Items": 375972000.0,
        "Total Unusual Items Excluding Goodwill": 375972000.0,
        "Net Income From Continuing Operation Net Minority Interest": NaN,
        "Reconciled Depreciation": NaN,
        "Reconciled Cost Of Revenue": NaN,
        "EBITDA": NaN,
        "EBIT": NaN,
        "Net Interest Income": NaN,
        "Interest Expense": NaN,
        "Normalized Income": NaN,
        "Net Income From Continuing And Discontinued Operation": NaN,
        "Total Expenses": NaN,
        "Total Operating Income As Reported": NaN,
        "Diluted Average Shares": NaN,
        "Basic Average Shares": NaN,
        "Diluted EPS": NaN,
        "Basic EPS": NaN,
        "Diluted NI Availto Com Stockholders": NaN,
        "Net Income Common Stockholders": NaN,
        "Net Income": NaN,
        "Minority Interests": NaN,
        "Net Income Including Noncontrolling Interests": NaN,
        "Net Income Discontinuous Operations": 51878000.0,
        "Net Income Continuous Operations": NaN,
        "Tax Provision": NaN,
        "Pretax Income": NaN,
        "Other Income Expense": 375972000.0,
        "Gain On Sale Of Security": 375972000.0,
        "Net Non Operating Interest Income Expense": NaN,
        "Interest Expense Non Operating": NaN,
        "Operating Income": NaN,
        "Operating Expense": NaN,
        "Depreciation Amortization Depletion Income Statement": NaN,
        "Depreciation And Amortization In Income Statement": NaN,
        "Selling General And Administration": NaN,
        "Gross Profit": NaN,
        "Cost Of Revenue": NaN,
        "Total Revenue": NaN,
        "Operating Revenue": NaN
    },
    "2023-09-30": {
        "Tax Effect Of Unusual Items": NaN,
        "Tax Rate For Calcs": NaN,
        "Normalized EBITDA": NaN,
        "Total Unusual Items": 51831000.0,
        "Total Unusual Items Excluding Goodwill": 51831000.0,
        "Net Income From Continuing Operation Net Minority Interest": NaN,
        "Reconciled Depreciation": NaN,
        "Reconciled Cost Of Revenue": NaN,
        "EBITDA": NaN,
        "EBIT": NaN,
        "Net Interest Income": NaN,
        "Interest Expense": NaN,
        "Normalized Income": NaN,
        "Net Income From Continuing And Discontinued Operation": NaN,
        "Total Expenses": NaN,
        "Total Operating Income As Reported": NaN,
        "Diluted Average Shares": 263454000.0,
        "Basic Average Shares": 261319000.0,
        "Diluted EPS": 0.78,
        "Basic EPS": 0.79,
        "Diluted NI Availto Com Stockholders": NaN,
        "Net Income Common Stockholders": NaN,
        "Net Income": NaN,
        "Minority Interests": NaN,
        "Net Income Including Noncontrolling Interests": NaN,
        "Net Income Discontinuous Operations": NaN,
        "Net Income Continuous Operations": NaN,
        "Tax Provision": NaN,
        "Pretax Income": NaN,
        "Other Income Expense": 51831000.0,
        "Gain On Sale Of Security": 51831000.0,
        "Net Non Operating Interest Income Expense": NaN,
        "Interest Expense Non Operating": NaN,
        "Operating Income": NaN,
        "Operating Expense": NaN,
        "Depreciation Amortization Depletion Income Statement": NaN,
        "Depreciation And Amortization In Income Statement": NaN,
        "Selling General And Administration": NaN,
        "Gross Profit": NaN,
        "Cost Of Revenue": NaN,
        "Total Revenue": NaN,
        "Operating Revenue": NaN
    },
    "2023-12-31": {
        "Tax Effect Of Unusual Items": 0.0,
        "Tax Rate For Calcs": 0.21,
        "Normalized EBITDA": 272494000.0,
        "Total Unusual Items": NaN,
        "Total Unusual Items Excluding Goodwill": NaN,
        "Net Income From Continuing Operation Net Minority Interest": 28536000.0,
        "Reconciled Depreciation": 105544000.0,
        "Reconciled Cost Of Revenue": 4045078000.0,
        "EBITDA": 272494000.0,
        "EBIT": 166950000.0,
        "Net Interest Income": -114562000.0,
        "Interest Expense": 114562000.0,
        "Normalized Income": 28536000.0,
        "Net Income From Continuing And Discontinued Operation": 28536000.0,
        "Total Expenses": 4240815000.0,
        "Total Operating Income As Reported": 166950000.0,
        "Diluted Average Shares": 264287000.0,
        "Basic Average Shares": 262053000.0,
        "Diluted EPS": 0.11,
        "Basic EPS": 0.11,
        "Diluted NI Availto Com Stockholders": 28536000.0,
        "Net Income Common Stockholders": 28536000.0,
        "Net Income": 28536000.0,
        "Minority Interests": 19000.0,
        "Net Income Including Noncontrolling Interests": 28517000.0,
        "Net Income Discontinuous Operations": 0.0,
        "Net Income Continuous Operations": 28517000.0,
        "Tax Provision": 23871000.0,
        "Pretax Income": 52388000.0,
        "Other Income Expense": NaN,
        "Gain On Sale Of Security": NaN,
        "Net Non Operating Interest Income Expense": -114562000.0,
        "Interest Expense Non Operating": 114562000.0,
        "Operating Income": 166950000.0,
        "Operating Expense": 195737000.0,
        "Depreciation Amortization Depletion Income Statement": 105544000.0,
        "Depreciation And Amortization In Income Statement": 105544000.0,
        "Selling General And Administration": 90193000.0,
        "Gross Profit": 362687000.0,
        "Cost Of Revenue": 4045078000.0,
        "Total Revenue": 4407765000.0,
        "Operating Revenue": 4407765000.0
    },
    "2024-03-31": {
        "Tax Effect Of Unusual Items": 0.0,
        "Tax Rate For Calcs": 0.271,
        "Normalized EBITDA": 268204000.0,
        "Total Unusual Items": NaN,
        "Total Unusual Items Excluding Goodwill": NaN,
        "Net Income From Continuing Operation Net Minority Interest": 53449000.0,
        "Reconciled Depreciation": 109118000.0,
        "Reconciled Cost Of Revenue": 3869152000.0,
        "EBITDA": 268204000.0,
        "EBIT": 159086000.0,
        "Net Interest Income": -86377000.0,
        "Interest Expense": 86377000.0,
        "Normalized Income": 53449000.0,
        "Net Income From Continuing And Discontinued Operation": 53449000.0,
        "Total Expenses": 4040827000.0,
        "Total Operating Income As Reported": 159086000.0,
        "Diluted Average Shares": 265282000.0,
        "Basic Average Shares": 262841000.0,
        "Diluted EPS": 0.2,
        "Basic EPS": 0.2,
        "Diluted NI Availto Com Stockholders": 53449000.0,
        "Net Income Common Stockholders": 53449000.0,
        "Net Income": 53449000.0,
        "Minority Interests": 447000.0,
        "Net Income Including Noncontrolling Interests": 53002000.0,
        "Net Income Discontinuous Operations": 0.0,
        "Net Income Continuous Operations": 53002000.0,
        "Tax Provision": 19707000.0,
        "Pretax Income": 72709000.0,
        "Other Income Expense": NaN,
        "Gain On Sale Of Security": NaN,
        "Net Non Operating Interest Income Expense": -86377000.0,
        "Interest Expense Non Operating": 86377000.0,
        "Operating Income": 159086000.0,
        "Operating Expense": 171675000.0,
        "Depreciation Amortization Depletion Income Statement": 109118000.0,
        "Depreciation And Amortization In Income Statement": 109118000.0,
        "Selling General And Administration": 62557000.0,
        "Gross Profit": 330761000.0,
        "Cost Of Revenue": 3869152000.0,
        "Total Revenue": 4199913000.0,
        "Operating Revenue": 4199913000.0
    },
    "2024-06-30": {
        "Tax Effect Of Unusual Items": 0.0,
        "Tax Rate For Calcs": 0.275,
        "Normalized EBITDA": 269811000.0,
        "Total Unusual Items": NaN,
        "Total Unusual Items Excluding Goodwill": NaN,
        "Net Income From Continuing Operation Net Minority Interest": 58126000.0,
        "Reconciled Depreciation": 108132000.0,
        "Reconciled Cost Of Revenue": 4040866000.0,
        "EBITDA": 269811000.0,
        "EBIT": 161679000.0,
        "Net Interest Income": -81478000.0,
        "Interest Expense": 81478000.0,
        "Normalized Income": 58126000.0,
        "Net Income From Continuing And Discontinued Operation": 58126000.0,
        "Total Expenses": 4214397000.0,
        "Total Operating Income As Reported": 161679000.0,
        "Diluted Average Shares": 266577000.0,
        "Basic Average Shares": 263390000.0,
        "Diluted EPS": 0.22,
        "Basic EPS": 0.22,
        "Diluted NI Availto Com Stockholders": 58126000.0,
        "Net Income Common Stockholders": 58126000.0,
        "Net Income": 58126000.0,
        "Minority Interests": 5000.0,
        "Net Income Including Noncontrolling Interests": 58121000.0,
        "Net Income Discontinuous Operations": 0.0,
        "Net Income Continuous Operations": 58121000.0,
        "Tax Provision": 22080000.0,
        "Pretax Income": 80201000.0,
        "Other Income Expense": NaN,
        "Gain On Sale Of Security": NaN,
        "Net Non Operating Interest Income Expense": -81478000.0,
        "Interest Expense Non Operating": 81478000.0,
        "Operating Income": 161679000.0,
        "Operating Expense": 173531000.0,
        "Depreciation Amortization Depletion Income Statement": 108132000.0,
        "Depreciation And Amortization In Income Statement": 108132000.0,
        "Selling General And Administration": 65399000.0,
        "Gross Profit": 335210000.0,
        "Cost Of Revenue": 4040866000.0,
        "Total Revenue": 4376076000.0,
        "Operating Revenue": 4376076000.0
    },
    "2024-09-30": {
        "Tax Effect Of Unusual Items": 0.0,
        "Tax Rate For Calcs": 0.233845,
        "Normalized EBITDA": 379095000.0,
        "Total Unusual Items": NaN,
        "Total Unusual Items Excluding Goodwill": NaN,
        "Net Income From Continuing Operation Net Minority Interest": 122411000.0,
        "Reconciled Depreciation": 112753000.0,
        "Reconciled Cost Of Revenue": 4019921000.0,
        "EBITDA": 379095000.0,
        "EBIT": 266342000.0,
        "Net Interest Income": -84299000.0,
        "Interest Expense": 106775000.0,
        "Normalized Income": 122411000.0,
        "Net Income From Continuing And Discontinued Operation": 122411000.0,
        "Total Expenses": 4198152000.0,
        "Total Operating Income As Reported": 218795000.0,
        "Diluted Average Shares": NaN,
        "Basic Average Shares": NaN,
        "Diluted EPS": NaN,
        "Basic EPS": NaN,
        "Diluted NI Availto Com Stockholders": 122411000.0,
        "Net Income Common Stockholders": 122411000.0,
        "Net Income": 122411000.0,
        "Minority Interests": 158000.0,
        "Net Income Including Noncontrolling Interests": 122253000.0,
        "Net Income Discontinuous Operations": 0.0,
        "Net Income Continuous Operations": 122253000.0,
        "Tax Provision": 37314000.0,
        "Pretax Income": 159567000.0,
        "Other Income Expense": NaN,
        "Gain On Sale Of Security": NaN,
        "Net Non Operating Interest Income Expense": -84299000.0,
        "Interest Expense Non Operating": 106775000.0,
        "Operating Income": 218795000.0,
        "Operating Expense": 178231000.0,
        "Depreciation Amortization Depletion Income Statement": 112753000.0,
        "Depreciation And Amortization In Income Statement": 112753000.0,
        "Selling General And Administration": 65478000.0,
        "Gross Profit": 397026000.0,
        "Cost Of Revenue": 4019921000.0,
        "Total Revenue": 4416947000.0,
        "Operating Revenue": 4416947000.0
    },
    "2024-12-31": {
        "Tax Effect Of Unusual Items": 0.0,
        "Tax Rate For Calcs": 0.252771,
        "Normalized EBITDA": 330468000.0,
        "Total Unusual Items": NaN,
        "Total Unusual Items Excluding Goodwill": NaN,
        "Net Income From Continuing Operation Net Minority Interest": 105619000.0,
        "Reconciled Depreciation": 113204000.0,
        "Reconciled Cost Of Revenue": 4151232000.0,
        "EBITDA": 330468000.0,
        "EBIT": 217264000.0,
        "Net Interest Income": -75804000.0,
        "Interest Expense": 75804000.0,
        "Normalized Income": 105619000.0,
        "Net Income From Continuing And Discontinued Operation": 105619000.0,
        "Total Expenses": 4334822000.0,
        "Total Operating Income As Reported": 217264000.0,
        "Diluted Average Shares": 268690000.0,
        "Basic Average Shares": 264882000.0,
        "Diluted EPS": 0.39,
        "Basic EPS": 0.4,
        "Diluted NI Availto Com Stockholders": 105619000.0,
        "Net Income Common Stockholders": 105619000.0,
        "Net Income": 105619000.0,
        "Minority Interests": -84000.0,
        "Net Income Including Noncontrolling Interests": 105703000.0,
        "Net Income Discontinuous Operations": NaN,
        "Net Income Continuous Operations": 105703000.0,
        "Tax Provision": 35757000.0,
        "Pretax Income": 141460000.0,
        "Other Income Expense": NaN,
        "Gain On Sale Of Security": NaN,
        "Net Non Operating Interest Income Expense": -75804000.0,
        "Interest Expense Non Operating": 75804000.0,
        "Operating Income": 217264000.0,
        "Operating Expense": 183590000.0,
        "Depreciation Amortization Depletion Income Statement": 113204000.0,
        "Depreciation And Amortization In Income Statement": 113204000.0,
        "Selling General And Administration": 70386000.0,
        "Gross Profit": 400854000.0,
        "Cost Of Revenue": 4151232000.0,
        "Total Revenue": 4552086000.0,
        "Operating Revenue": 4552086000.0
    }
}