{
    "2023-12-31": {
        "Tax Effect Of Unusual Items": 0.0,
        "Tax Rate For Calcs": 0.0,
        "Normalized EBITDA": -18104000.0,
        "Total Unusual Items": 0.0,
        "Total Unusual Items Excluding Goodwill": 0.0,
        "Net Income From Continuing Operation Net Minority Interest": -19847000.0,
        "Reconciled Depreciation": 293000.0,
        "EBITDA": -18104000.0,
        "EBIT": -18397000.0,
        "Net Interest Income": -1382000.0,
        "Interest Expense": 1450000.0,
        "Interest Income": 68000.0,
        "Normalized Income": -19847000.0,
        "Net Income From Continuing And Discontinued Operation": -19847000.0,
        "Total Expenses": 9579000.0,
        "Total Operating Income As Reported": -9579000.0,
        "Diluted Average Shares": NaN,
        "Basic Average Shares": NaN,
        "Diluted EPS": NaN,
        "Basic EPS": NaN,
        "Diluted NI Availto Com Stockholders": -19847000.0,
        "Average Dilution Earnings": NaN,
        "Net Income Common Stockholders": -19847000.0,
        "Net Income": -19847000.0,
        "Net Income Including Noncontrolling Interests": -19847000.0,
        "Net Income Continuous Operations": -19847000.0,
        "Pretax Income": -19847000.0,
        "Other Income Expense": -8886000.0,
        "Other Non Operating Income Expenses": -8886000.0,
        "Special Income Charges": 0.0,
        "Other Special Charges": 0.0,
        "Gain On Sale Of Security": NaN,
        "Net Non Operating Interest Income Expense": -1382000.0,
        "Interest Expense Non Operating": 1450000.0,
        "Interest Income Non Operating": 68000.0,
        "Operating Income": -9579000.0,
        "Operating Expense": 9579000.0,
        "Other Operating Expenses": -1528000.0,
        "Research And Development": 7928000.0,
        "Selling General And Administration": 3179000.0,
        "General And Administrative Expense": 3179000.0,
        "Other Gand A": 3179000.0,
        "Total Revenue": 0.0,
        "Operating Revenue": 0.0
    },
    "2023-09-30": {
        "Tax Effect Of Unusual Items": 0.0,
        "Tax Rate For Calcs": 0.0,
        "Normalized EBITDA": -25901000.0,
        "Total Unusual Items": -3863000.0,
        "Total Unusual Items Excluding Goodwill": -3863000.0,
        "Net Income From Continuing Operation Net Minority Interest": -31161000.0,
        "Reconciled Depreciation": 221000.0,
        "EBITDA": -29764000.0,
        "EBIT": -29985000.0,
        "Net Interest Income": -1129000.0,
        "Interest Expense": 1176000.0,
        "Interest Income": 47000.0,
        "Normalized Income": -27298000.0,
        "Net Income From Continuing And Discontinued Operation": -31161000.0,
        "Total Expenses": 10336000.0,
        "Total Operating Income As Reported": -10336000.0,
        "Diluted Average Shares": 36086990.0,
        "Basic Average Shares": 36086990.0,
        "Diluted EPS": -0.86,
        "Basic EPS": -0.86,
        "Diluted NI Availto Com Stockholders": -31161000.0,
        "Average Dilution Earnings": NaN,
        "Net Income Common Stockholders": -31161000.0,
        "Net Income": -31161000.0,
        "Net Income Including Noncontrolling Interests": -31161000.0,
        "Net Income Continuous Operations": -31161000.0,
        "Pretax Income": -31161000.0,
        "Other Income Expense": -19696000.0,
        "Other Non Operating Income Expenses": -15833000.0,
        "Special Income Charges": -3863000.0,
        "Other Special Charges": 3863000.0,
        "Gain On Sale Of Security": NaN,
        "Net Non Operating Interest Income Expense": -1129000.0,
        "Interest Expense Non Operating": 1176000.0,
        "Interest Income Non Operating": 47000.0,
        "Operating Income": -10336000.0,
        "Operating Expense": 10336000.0,
        "Other Operating Expenses": -1225000.0,
        "Research And Development": 7978000.0,
        "Selling General And Administration": 3583000.0,
        "General And Administrative Expense": 3583000.0,
        "Other Gand A": 3583000.0,
        "Total Revenue": 0.0,
        "Operating Revenue": 0.0
    },
    "2023-06-30": {
        "Tax Effect Of Unusual Items": NaN,
        "Tax Rate For Calcs": NaN,
        "Normalized EBITDA": NaN,
        "Total Unusual Items": 6036000.0,
        "Total Unusual Items Excluding Goodwill": 6036000.0,
        "Net Income From Continuing Operation Net Minority Interest": NaN,
        "Reconciled Depreciation": NaN,
        "EBITDA": NaN,
        "EBIT": NaN,
        "Net Interest Income": NaN,
        "Interest Expense": NaN,
        "Interest Income": NaN,
        "Normalized Income": NaN,
        "Net Income From Continuing And Discontinued Operation": NaN,
        "Total Expenses": NaN,
        "Total Operating Income As Reported": NaN,
        "Diluted Average Shares": 56544698.0,
        "Basic Average Shares": 36068130.0,
        "Diluted EPS": -0.17,
        "Basic EPS": -0.1,
        "Diluted NI Availto Com Stockholders": NaN,
        "Average Dilution Earnings": -6036000.0,
        "Net Income Common Stockholders": NaN,
        "Net Income": NaN,
        "Net Income Including Noncontrolling Interests": NaN,
        "Net Income Continuous Operations": NaN,
        "Pretax Income": NaN,
        "Other Income Expense": NaN,
        "Other Non Operating Income Expenses": NaN,
        "Special Income Charges": NaN,
        "Other Special Charges": NaN,
        "Gain On Sale Of Security": 6036000.0,
        "Net Non Operating Interest Income Expense": NaN,
        "Interest Expense Non Operating": NaN,
        "Interest Income Non Operating": NaN,
        "Operating Income": NaN,
        "Operating Expense": NaN,
        "Other Operating Expenses": -980000.0,
        "Research And Development": NaN,
        "Selling General And Administration": NaN,
        "General And Administrative Expense": NaN,
        "Other Gand A": NaN,
        "Total Revenue": NaN,
        "Operating Revenue": NaN
    },
    "2023-03-31": {
        "Tax Effect Of Unusual Items": NaN,
        "Tax Rate For Calcs": NaN,
        "Normalized EBITDA": NaN,
        "Total Unusual Items": -3162000.0,
        "Total Unusual Items Excluding Goodwill": -3162000.0,
        "Net Income From Continuing Operation Net Minority Interest": NaN,
        "Reconciled Depreciation": NaN,
        "EBITDA": NaN,
        "EBIT": NaN,
        "Net Interest Income": NaN,
        "Interest Expense": NaN,
        "Interest Income": NaN,
        "Normalized Income": NaN,
        "Net Income From Continuing And Discontinued Operation": NaN,
        "Total Expenses": NaN,
        "Total Operating Income As Reported": NaN,
        "Diluted Average Shares": NaN,
        "Basic Average Shares": NaN,
        "Diluted EPS": NaN,
        "Basic EPS": NaN,
        "Diluted NI Availto Com Stockholders": NaN,
        "Average Dilution Earnings": NaN,
        "Net Income Common Stockholders": NaN,
        "Net Income": NaN,
        "Net Income Including Noncontrolling Interests": NaN,
        "Net Income Continuous Operations": NaN,
        "Pretax Income": NaN,
        "Other Income Expense": NaN,
        "Other Non Operating Income Expenses": NaN,
        "Special Income Charges": NaN,
        "Other Special Charges": NaN,
        "Gain On Sale Of Security": -3162000.0,
        "Net Non Operating Interest Income Expense": NaN,
        "Interest Expense Non Operating": NaN,
        "Interest Income Non Operating": NaN,
        "Operating Income": NaN,
        "Operating Expense": NaN,
        "Other Operating Expenses": NaN,
        "Research And Development": NaN,
        "Selling General And Administration": NaN,
        "General And Administrative Expense": NaN,
        "Other Gand A": NaN,
        "Total Revenue": NaN,
        "Operating Revenue": NaN
    },
    "2024-03-31": {
        "Tax Effect Of Unusual Items": 0.0,
        "Tax Rate For Calcs": 0.0,
        "Normalized EBITDA": -22884000.0,
        "Total Unusual Items": NaN,
        "Total Unusual Items Excluding Goodwill": NaN,
        "Net Income From Continuing Operation Net Minority Interest": -25021000.0,
        "Reconciled Depreciation": 317000.0,
        "EBITDA": -22884000.0,
        "EBIT": -23201000.0,
        "Net Interest Income": -1768000.0,
        "Interest Expense": 1820000.0,
        "Interest Income": 52000.0,
        "Normalized Income": -25021000.0,
        "Net Income From Continuing And Discontinued Operation": -25021000.0,
        "Total Expenses": 10228000.0,
        "Total Operating Income As Reported": -10228000.0,
        "Diluted Average Shares": 36124980.0,
        "Basic Average Shares": 36124980.0,
        "Diluted EPS": -0.69,
        "Basic EPS": -0.69,
        "Diluted NI Availto Com Stockholders": -25021000.0,
        "Average Dilution Earnings": NaN,
        "Net Income Common Stockholders": -25021000.0,
        "Net Income": -25021000.0,
        "Net Income Including Noncontrolling Interests": -25021000.0,
        "Net Income Continuous Operations": -25021000.0,
        "Pretax Income": -25021000.0,
        "Other Income Expense": -13025000.0,
        "Other Non Operating Income Expenses": -13025000.0,
        "Special Income Charges": NaN,
        "Other Special Charges": NaN,
        "Gain On Sale Of Security": NaN,
        "Net Non Operating Interest Income Expense": -1768000.0,
        "Interest Expense Non Operating": 1820000.0,
        "Interest Income Non Operating": 52000.0,
        "Operating Income": -10228000.0,
        "Operating Expense": 10228000.0,
        "Other Operating Expenses": -966000.0,
        "Research And Development": 8016000.0,
        "Selling General And Administration": 3178000.0,
        "General And Administrative Expense": 3178000.0,
        "Other Gand A": 3178000.0,
        "Total Revenue": 0.0,
        "Operating Revenue": 0.0
    },
    "2022-12-31": {
        "Tax Effect Of Unusual Items": NaN,
        "Tax Rate For Calcs": NaN,
        "Normalized EBITDA": NaN,
        "Total Unusual Items": 0.0,
        "Total Unusual Items Excluding Goodwill": 0.0,
        "Net Income From Continuing Operation Net Minority Interest": NaN,
        "Reconciled Depreciation": NaN,
        "EBITDA": NaN,
        "EBIT": NaN,
        "Net Interest Income": NaN,
        "Interest Expense": NaN,
        "Interest Income": NaN,
        "Normalized Income": NaN,
        "Net Income From Continuing And Discontinued Operation": NaN,
        "Total Expenses": NaN,
        "Total Operating Income As Reported": NaN,
        "Diluted Average Shares": NaN,
        "Basic Average Shares": NaN,
        "Diluted EPS": NaN,
        "Basic EPS": NaN,
        "Diluted NI Availto Com Stockholders": NaN,
        "Average Dilution Earnings": NaN,
        "Net Income Common Stockholders": NaN,
        "Net Income": NaN,
        "Net Income Including Noncontrolling Interests": NaN,
        "Net Income Continuous Operations": NaN,
        "Pretax Income": NaN,
        "Other Income Expense": NaN,
        "Other Non Operating Income Expenses": NaN,
        "Special Income Charges": 0.0,
        "Other Special Charges": NaN,
        "Gain On Sale Of Security": NaN,
        "Net Non Operating Interest Income Expense": NaN,
        "Interest Expense Non Operating": NaN,
        "Interest Income Non Operating": NaN,
        "Operating Income": NaN,
        "Operating Expense": NaN,
        "Other Operating Expenses": NaN,
        "Research And Development": NaN,
        "Selling General And Administration": NaN,
        "General And Administrative Expense": NaN,
        "Other Gand A": NaN,
        "Total Revenue": NaN,
        "Operating Revenue": NaN
    },
    "2022-09-30": {
        "Tax Effect Of Unusual Items": NaN,
        "Tax Rate For Calcs": NaN,
        "Normalized EBITDA": NaN,
        "Total Unusual Items": NaN,
        "Total Unusual Items Excluding Goodwill": NaN,
        "Net Income From Continuing Operation Net Minority Interest": NaN,
        "Reconciled Depreciation": NaN,
        "EBITDA": NaN,
        "EBIT": NaN,
        "Net Interest Income": NaN,
        "Interest Expense": NaN,
        "Interest Income": NaN,
        "Normalized Income": NaN,
        "Net Income From Continuing And Discontinued Operation": NaN,
        "Total Expenses": NaN,
        "Total Operating Income As Reported": NaN,
        "Diluted Average Shares": NaN,
        "Basic Average Shares": NaN,
        "Diluted EPS": NaN,
        "Basic EPS": NaN,
        "Diluted NI Availto Com Stockholders": NaN,
        "Net Income Common Stockholders": NaN,
        "Net Income": NaN,
        "Net Income Including Noncontrolling Interests": NaN,
        "Net Income Continuous Operations": NaN,
        "Pretax Income": NaN,
        "Other Income Expense": NaN,
        "Other Non Operating Income Expenses": NaN,
        "Special Income Charges": 0.0,
        "Other Special Charges": NaN,
        "Gain On Sale Of Security": NaN,
        "Net Non Operating Interest Income Expense": NaN,
        "Interest Expense Non Operating": NaN,
        "Interest Income Non Operating": NaN,
        "Operating Income": NaN,
        "Operating Expense": NaN,
        "Other Operating Expenses": NaN,
        "Research And Development": NaN,
        "Selling General And Administration": NaN,
        "General And Administrative Expense": NaN,
        "Other Gand A": NaN,
        "Total Revenue": NaN,
        "Operating Revenue": NaN
    },
    "2024-06-30": {
        "Tax Effect Of Unusual Items": 0.0,
        "Tax Rate For Calcs": 0.21,
        "Normalized EBITDA": 12019000.0,
        "Total Unusual Items": NaN,
        "Total Unusual Items Excluding Goodwill": NaN,
        "Net Income From Continuing Operation Net Minority Interest": 8986000.0,
        "Reconciled Depreciation": 315000.0,
        "EBITDA": 12019000.0,
        "EBIT": 11704000.0,
        "Net Interest Income": -2497000.0,
        "Interest Expense": 2718000.0,
        "Interest Income": 221000.0,
        "Normalized Income": 8986000.0,
        "Net Income From Continuing And Discontinued Operation": 8986000.0,
        "Total Expenses": 11914000.0,
        "Total Operating Income As Reported": -11914000.0,
        "Diluted Average Shares": 58246626.0,
        "Basic Average Shares": 36154521.0,
        "Diluted EPS": -0.25,
        "Basic EPS": 0.25,
        "Diluted NI Availto Com Stockholders": -14411000.0,
        "Average Dilution Earnings": -23397000.0,
        "Net Income Common Stockholders": 8986000.0,
        "Net Income": 8986000.0,
        "Net Income Including Noncontrolling Interests": 8986000.0,
        "Net Income Continuous Operations": 8986000.0,
        "Pretax Income": 8986000.0,
        "Other Income Expense": 23397000.0,
        "Other Non Operating Income Expenses": 23397000.0,
        "Special Income Charges": NaN,
        "Other Special Charges": NaN,
        "Gain On Sale Of Security": NaN,
        "Net Non Operating Interest Income Expense": -2497000.0,
        "Interest Expense Non Operating": 2718000.0,
        "Interest Income Non Operating": 221000.0,
        "Operating Income": -11914000.0,
        "Operating Expense": 11914000.0,
        "Other Operating Expenses": NaN,
        "Research And Development": 8475000.0,
        "Selling General And Administration": 3439000.0,
        "General And Administrative Expense": 3439000.0,
        "Other Gand A": 3439000.0,
        "Total Revenue": 0.0,
        "Operating Revenue": 0.0
    },
    "2024-09-30": {
        "Tax Effect Of Unusual Items": 0.0,
        "Tax Rate For Calcs": 0.0,
        "Normalized EBITDA": -2245000.0,
        "Total Unusual Items": 0.0,
        "Total Unusual Items Excluding Goodwill": 0.0,
        "Net Income From Continuing Operation Net Minority Interest": -5481000.0,
        "Reconciled Depreciation": 313000.0,
        "EBITDA": -2245000.0,
        "EBIT": -2558000.0,
        "Net Interest Income": -2629000.0,
        "Interest Expense": 2923000.0,
        "Interest Income": 294000.0,
        "Normalized Income": -5481000.0,
        "Net Income From Continuing And Discontinued Operation": -5481000.0,
        "Total Expenses": 9756000.0,
        "Total Operating Income As Reported": -9756000.0,
        "Diluted Average Shares": 36180124.0,
        "Basic Average Shares": 36180124.0,
        "Diluted EPS": -0.15,
        "Basic EPS": -0.15,
        "Diluted NI Availto Com Stockholders": -5481000.0,
        "Average Dilution Earnings": NaN,
        "Net Income Common Stockholders": -5481000.0,
        "Net Income": -5481000.0,
        "Net Income Including Noncontrolling Interests": -5481000.0,
        "Net Income Continuous Operations": -5481000.0,
        "Pretax Income": -5481000.0,
        "Other Income Expense": 6904000.0,
        "Other Non Operating Income Expenses": 6904000.0,
        "Special Income Charges": 0.0,
        "Other Special Charges": NaN,
        "Gain On Sale Of Security": NaN,
        "Net Non Operating Interest Income Expense": -2629000.0,
        "Interest Expense Non Operating": 2923000.0,
        "Interest Income Non Operating": 294000.0,
        "Operating Income": -9756000.0,
        "Operating Expense": 9756000.0,
        "Other Operating Expenses": -2973000.0,
        "Research And Development": 9485000.0,
        "Selling General And Administration": 3244000.0,
        "General And Administrative Expense": 3244000.0,
        "Other Gand A": 3244000.0,
        "Total Revenue": 0.0,
        "Operating Revenue": 0.0
    }
}