{
    "2023-06-30": {
        "Tax Effect Of Unusual Items": -2013157.894737,
        "Tax Rate For Calcs": 0.223684,
        "Normalized EBITDA": 162000000.0,
        "Total Unusual Items": -9000000.0,
        "Total Unusual Items Excluding Goodwill": -9000000.0,
        "Net Income From Continuing Operation Net Minority Interest": 59000000.0,
        "Reconciled Depreciation": 52000000.0,
        "Reconciled Cost Of Revenue": 1724000000.0,
        "EBIT": 101000000.0,
        "Net Interest Income": -25000000.0,
        "Interest Expense": 25000000.0,
        "Normalized Income": 65986842.105263,
        "Net Income From Continuing And Discontinued Operation": 59000000.0,
        "Total Expenses": 1864000000.0,
        "Total Operating Income As Reported": 117000000.0,
        "Diluted Average Shares": 102101982.0,
        "Basic Average Shares": 100129944.0,
        "Diluted EPS": 0.58,
        "Basic EPS": 0.59,
        "Diluted NI Availto Com Stockholders": 59000000.0,
        "Net Income Common Stockholders": 59000000.0,
        "Net Income": 59000000.0,
        "Minority Interests": 0.0,
        "Net Income Including Noncontrolling Interests": 59000000.0,
        "Net Income Continuous Operations": 59000000.0,
        "Tax Provision": 17000000.0,
        "Pretax Income": 76000000.0,
        "Other Income Expense": -25000000.0,
        "Other Non Operating Income Expenses": -16000000.0,
        "Special Income Charges": -9000000.0,
        "Impairment Of Capital Assets": NaN,
        "Restructuring And Mergern Acquisition": 9000000.0,
        "Gain On Sale Of Security": 1000000.0,
        "Net Non Operating Interest Income Expense": -25000000.0,
        "Interest Expense Non Operating": 25000000.0,
        "Operating Income": 126000000.0,
        "Operating Expense": 140000000.0,
        "Depreciation Amortization Depletion Income Statement": 52000000.0,
        "Depreciation And Amortization In Income Statement": 52000000.0,
        "Research And Development": 9000000.0,
        "Selling General And Administration": 79000000.0,
        "Gross Profit": 266000000.0,
        "Cost Of Revenue": 1724000000.0,
        "Total Revenue": 1990000000.0,
        "Operating Revenue": 1990000000.0
    },
    "2023-03-31": {
        "Tax Effect Of Unusual Items": 0.0,
        "Tax Rate For Calcs": 0.285714,
        "Normalized EBITDA": 113000000.0,
        "Total Unusual Items": 0.0,
        "Total Unusual Items Excluding Goodwill": 0.0,
        "Net Income From Continuing Operation Net Minority Interest": 25000000.0,
        "Reconciled Depreciation": 53000000.0,
        "Reconciled Cost Of Revenue": 1724000000.0,
        "EBIT": 60000000.0,
        "Net Interest Income": -25000000.0,
        "Interest Expense": 25000000.0,
        "Normalized Income": 25000000.0,
        "Net Income From Continuing And Discontinued Operation": 25000000.0,
        "Total Expenses": 1858000000.0,
        "Total Operating Income As Reported": 71000000.0,
        "Diluted Average Shares": 102084961.0,
        "Basic Average Shares": 99408330.0,
        "Diluted EPS": 0.24,
        "Basic EPS": 0.25,
        "Diluted NI Availto Com Stockholders": 25000000.0,
        "Net Income Common Stockholders": 25000000.0,
        "Net Income": 25000000.0,
        "Minority Interests": 0.0,
        "Net Income Including Noncontrolling Interests": 25000000.0,
        "Net Income Continuous Operations": 25000000.0,
        "Tax Provision": 10000000.0,
        "Pretax Income": 35000000.0,
        "Other Income Expense": -11000000.0,
        "Other Non Operating Income Expenses": -11000000.0,
        "Special Income Charges": 0.0,
        "Impairment Of Capital Assets": NaN,
        "Restructuring And Mergern Acquisition": 0.0,
        "Gain On Sale Of Security": NaN,
        "Net Non Operating Interest Income Expense": -25000000.0,
        "Interest Expense Non Operating": 25000000.0,
        "Operating Income": 71000000.0,
        "Operating Expense": 134000000.0,
        "Depreciation Amortization Depletion Income Statement": 53000000.0,
        "Depreciation And Amortization In Income Statement": 53000000.0,
        "Research And Development": 9000000.0,
        "Selling General And Administration": 72000000.0,
        "Gross Profit": 205000000.0,
        "Cost Of Revenue": 1724000000.0,
        "Total Revenue": 1929000000.0,
        "Operating Revenue": 1929000000.0
    },
    "2022-12-31": {
        "Tax Effect Of Unusual Items": -39262135.92233,
        "Tax Rate For Calcs": 0.116505,
        "Normalized EBITDA": 110000000.0,
        "Total Unusual Items": -337000000.0,
        "Total Unusual Items Excluding Goodwill": -337000000.0,
        "Net Income From Continuing Operation Net Minority Interest": -273000000.0,
        "Reconciled Depreciation": 56000000.0,
        "Reconciled Cost Of Revenue": 1744000000.0,
        "EBIT": -283000000.0,
        "Net Interest Income": -26000000.0,
        "Interest Expense": 26000000.0,
        "Normalized Income": 24737864.07767,
        "Net Income From Continuing And Discontinued Operation": -273000000.0,
        "Total Expenses": 1856000000.0,
        "Total Operating Income As Reported": -251000000.0,
        "Diluted Average Shares": 100956393.0,
        "Basic Average Shares": 100956393.0,
        "Diluted EPS": -2.7,
        "Basic EPS": -2.7,
        "Diluted NI Availto Com Stockholders": -273000000.0,
        "Net Income Common Stockholders": -273000000.0,
        "Net Income": -273000000.0,
        "Minority Interests": 0.0,
        "Net Income Including Noncontrolling Interests": -273000000.0,
        "Net Income Continuous Operations": -273000000.0,
        "Tax Provision": -36000000.0,
        "Pretax Income": -309000000.0,
        "Other Income Expense": -369000000.0,
        "Other Non Operating Income Expenses": -32000000.0,
        "Special Income Charges": -337000000.0,
        "Impairment Of Capital Assets": 0.0,
        "Restructuring And Mergern Acquisition": 337000000.0,
        "Gain On Sale Of Security": -3000000.0,
        "Net Non Operating Interest Income Expense": -26000000.0,
        "Interest Expense Non Operating": 26000000.0,
        "Operating Income": 86000000.0,
        "Operating Expense": 112000000.0,
        "Depreciation Amortization Depletion Income Statement": 56000000.0,
        "Depreciation And Amortization In Income Statement": 56000000.0,
        "Research And Development": 10000000.0,
        "Selling General And Administration": 46000000.0,
        "Gross Profit": 198000000.0,
        "Cost Of Revenue": 1744000000.0,
        "Total Revenue": 1942000000.0,
        "Operating Revenue": 1942000000.0
    },
    "2022-09-30": {
        "Tax Effect Of Unusual Items": -34750000.0,
        "Tax Rate For Calcs": 0.278,
        "Normalized EBITDA": 121000000.0,
        "Total Unusual Items": -125000000.0,
        "Total Unusual Items Excluding Goodwill": -125000000.0,
        "Net Income From Continuing Operation Net Minority Interest": -65000000.0,
        "Reconciled Depreciation": 59000000.0,
        "Reconciled Cost Of Revenue": 2074000000.0,
        "EBIT": -63000000.0,
        "Net Interest Income": -27000000.0,
        "Interest Expense": 27000000.0,
        "Normalized Income": 25250000.0,
        "Net Income From Continuing And Discontinued Operation": -65000000.0,
        "Total Expenses": 2204000000.0,
        "Total Operating Income As Reported": -36000000.0,
        "Diluted Average Shares": 102300000.0,
        "Basic Average Shares": 102300000.0,
        "Diluted EPS": -0.64,
        "Basic EPS": -0.64,
        "Diluted NI Availto Com Stockholders": -65000000.0,
        "Net Income Common Stockholders": -65000000.0,
        "Net Income": -65000000.0,
        "Minority Interests": 0.0,
        "Net Income Including Noncontrolling Interests": -65000000.0,
        "Net Income Continuous Operations": -65000000.0,
        "Tax Provision": -25000000.0,
        "Pretax Income": -90000000.0,
        "Other Income Expense": -139000000.0,
        "Other Non Operating Income Expenses": -14000000.0,
        "Special Income Charges": -112000000.0,
        "Impairment Of Capital Assets": NaN,
        "Restructuring And Mergern Acquisition": 112000000.0,
        "Gain On Sale Of Security": -13000000.0,
        "Net Non Operating Interest Income Expense": -27000000.0,
        "Interest Expense Non Operating": 27000000.0,
        "Operating Income": 76000000.0,
        "Operating Expense": 130000000.0,
        "Depreciation Amortization Depletion Income Statement": 59000000.0,
        "Depreciation And Amortization In Income Statement": 59000000.0,
        "Research And Development": 9000000.0,
        "Selling General And Administration": 62000000.0,
        "Gross Profit": 206000000.0,
        "Cost Of Revenue": 2074000000.0,
        "Total Revenue": 2280000000.0,
        "Operating Revenue": 2280000000.0
    },
    "2022-06-30": {
        "Tax Effect Of Unusual Items": 2363636.363636,
        "Tax Rate For Calcs": 0.262626,
        "Normalized EBITDA": 93000000.0,
        "Total Unusual Items": 9000000.0,
        "Total Unusual Items Excluding Goodwill": 9000000.0,
        "Net Income From Continuing Operation Net Minority Interest": 72000000.0,
        "Reconciled Depreciation": 2000000.0,
        "Reconciled Cost Of Revenue": 302000000.0,
        "EBIT": 100000000.0,
        "Net Interest Income": -1000000.0,
        "Interest Expense": 1000000.0,
        "Normalized Income": 65363636.363636,
        "Net Income From Continuing And Discontinued Operation": 72000000.0,
        "Total Expenses": 312000000.0,
        "Total Operating Income As Reported": 48000000.0,
        "Diluted Average Shares": 108000000.0,
        "Basic Average Shares": 105700000.0,
        "Diluted EPS": 1.05,
        "Basic EPS": 1.08,
        "Diluted NI Availto Com Stockholders": 72000000.0,
        "Net Income Common Stockholders": 72000000.0,
        "Net Income": 72000000.0,
        "Minority Interests": -1000000.0,
        "Net Income Including Noncontrolling Interests": 73000000.0,
        "Net Income Continuous Operations": 73000000.0,
        "Tax Provision": 26000000.0,
        "Pretax Income": 99000000.0,
        "Other Income Expense": 55000000.0,
        "Other Non Operating Income Expenses": 46000000.0,
        "Special Income Charges": 3000000.0,
        "Impairment Of Capital Assets": NaN,
        "Restructuring And Mergern Acquisition": -3000000.0,
        "Gain On Sale Of Security": 48000000.0,
        "Net Non Operating Interest Income Expense": -1000000.0,
        "Interest Expense Non Operating": 1000000.0,
        "Operating Income": 45000000.0,
        "Operating Expense": 10000000.0,
        "Depreciation Amortization Depletion Income Statement": 2000000.0,
        "Depreciation And Amortization In Income Statement": 2000000.0,
        "Research And Development": 0.0,
        "Selling General And Administration": 8000000.0,
        "Gross Profit": 55000000.0,
        "Cost Of Revenue": 302000000.0,
        "Total Revenue": 357000000.0,
        "Operating Revenue": 357000000.0
    },
    "2022-03-31": {
        "Diluted EPS": 0.39,
        "Total Revenue": NaN,
        "Gross Profit": 235,
        "Operating Income": 96,
        "EBIT": 156,
        "Net Income": 42
    },
    "2021-12-31": {
        "Diluted EPS": -0.37,
        "Total Revenue": NaN,
        "Gross Profit": 239,
        "Operating Income": 22,
        "EBIT": 155,
        "Net Income": -38
    },
    "2021-09-30": {
        "Diluted EPS": 0.15,
        "Total Revenue": NaN,
        "Gross Profit": 214,
        "Operating Income": 68,
        "EBIT": 132,
        "Net Income": 16
    },
    "2021-06-30": {
        "Diluted EPS": -3.89,
        "Total Revenue": NaN,
        "Gross Profit": 234,
        "Operating Income": -495,
        "EBIT": -434,
        "Net Income": -427
    },
    "2021-03-31": {
        "Diluted EPS": 0.46,
        "Total Revenue": NaN,
        "Gross Profit": 244,
        "Operating Income": 113,
        "EBIT": 178,
        "Net Income": 52
    },
    "2020-12-31": {
        "Diluted EPS": -0.59,
        "Total Revenue": NaN,
        "Gross Profit": 214,
        "Operating Income": -46,
        "EBIT": 16,
        "Net Income": -64
    },
    "2020-09-30": {
        "Diluted EPS": 0.05,
        "Total Revenue": NaN,
        "Gross Profit": 197,
        "Operating Income": 64,
        "EBIT": 129,
        "Net Income": 5
    },
    "2020-06-30": {
        "Diluted EPS": -0.88,
        "Total Revenue": NaN,
        "Gross Profit": 136,
        "Operating Income": -72,
        "EBIT": 17,
        "Net Income": -96
    },
    "2020-03-31": {
        "Diluted EPS": 0.42,
        "Total Revenue": NaN,
        "Gross Profit": 266,
        "Operating Income": 134,
        "EBIT": 194,
        "Net Income": 46
    },
    "2019-12-31": {
        "Diluted EPS": 1.43,
        "Total Revenue": NaN,
        "Gross Profit": 208,
        "Operating Income": 61,
        "EBIT": 123,
        "Net Income": 155
    },
    "2019-09-30": {
        "Diluted EPS": -0.22,
        "Total Revenue": NaN,
        "Gross Profit": 240,
        "Operating Income": 22,
        "EBIT": 85,
        "Net Income": -24
    },
    "2019-06-30": {
        "Diluted EPS": 0.04,
        "Total Revenue": NaN,
        "Gross Profit": 252,
        "Operating Income": 52,
        "EBIT": 116,
        "Net Income": 5
    },
    "2019-03-31": {
        "Diluted EPS": 0.38,
        "Total Revenue": NaN,
        "Gross Profit": 245,
        "Operating Income": 80,
        "EBIT": 143,
        "Net Income": 41
    },
    "2018-12-31": {
        "Diluted EPS": 0.0,
        "Total Revenue": NaN,
        "Gross Profit": NaN,
        "Operating Income": NaN,
        "EBIT": NaN,
        "Net Income": NaN
    },
    "2017-12-31": {
        "Diluted EPS": 0.0,
        "Total Revenue": NaN,
        "Gross Profit": NaN,
        "Operating Income": NaN,
        "EBIT": NaN,
        "Net Income": NaN
    }
}