{
    "2023-09-30": {
        "Tax Effect Of Unusual Items": 0.0,
        "Tax Rate For Calcs": 0.0,
        "Normalized EBITDA": 1323000.0,
        "Total Unusual Items": 0.0,
        "Total Unusual Items Excluding Goodwill": 0.0,
        "Net Income From Continuing Operation Net Minority Interest": -2175000.0,
        "Reconciled Depreciation": 2711000.0,
        "Reconciled Cost Of Revenue": 20707000.0,
        "EBITDA": 1323000.0,
        "EBIT": -1388000.0,
        "Net Interest Income": -787000.0,
        "Interest Expense": 787000.0,
        "Normalized Income": -2175000.0,
        "Net Income From Continuing And Discontinued Operation": -2175000.0,
        "Total Expenses": 32354000.0,
        "Total Operating Income As Reported": -2525000.0,
        "Diluted Average Shares": 31807000.0,
        "Basic Average Shares": 31807000.0,
        "Diluted EPS": -0.07,
        "Basic EPS": -0.07,
        "Diluted NI Availto Com Stockholders": -2175000.0,
        "Net Income Common Stockholders": -2175000.0,
        "Otherunder Preferred Stock Dividend": NaN,
        "Net Income": -2175000.0,
        "Net Income Including Noncontrolling Interests": -2175000.0,
        "Net Income Continuous Operations": -2175000.0,
        "Tax Provision": 0.0,
        "Pretax Income": -2175000.0,
        "Other Income Expense": 1137000.0,
        "Other Non Operating Income Expenses": 725000.0,
        "Special Income Charges": 0.0,
        "Gain On Sale Of Ppe": 0.0,
        "Gain On Sale Of Business": 0.0,
        "Earnings From Equity Interest": 412000.0,
        "Net Non Operating Interest Income Expense": -787000.0,
        "Interest Expense Non Operating": 787000.0,
        "Operating Income": -2525000.0,
        "Operating Expense": 11647000.0,
        "Depreciation Amortization Depletion Income Statement": 2711000.0,
        "Research And Development": 639000.0,
        "Selling General And Administration": 8297000.0,
        "General And Administrative Expense": 8936000.0,
        "Other Gand A": 4708000.0,
        "Salaries And Wages": 4228000.0,
        "Gross Profit": 9122000.0,
        "Cost Of Revenue": 20707000.0,
        "Total Revenue": 29829000.0,
        "Operating Revenue": 29829000.0
    },
    "2023-06-30": {
        "Tax Effect Of Unusual Items": NaN,
        "Tax Rate For Calcs": NaN,
        "Normalized EBITDA": NaN,
        "Total Unusual Items": NaN,
        "Total Unusual Items Excluding Goodwill": NaN,
        "Net Income From Continuing Operation Net Minority Interest": NaN,
        "Reconciled Depreciation": NaN,
        "Reconciled Cost Of Revenue": NaN,
        "EBITDA": NaN,
        "EBIT": NaN,
        "Net Interest Income": NaN,
        "Interest Expense": NaN,
        "Normalized Income": NaN,
        "Net Income From Continuing And Discontinued Operation": NaN,
        "Total Expenses": NaN,
        "Total Operating Income As Reported": NaN,
        "Diluted Average Shares": 27360000.0,
        "Basic Average Shares": 27360000.0,
        "Diluted EPS": -0.21,
        "Basic EPS": -0.21,
        "Diluted NI Availto Com Stockholders": NaN,
        "Net Income Common Stockholders": NaN,
        "Otherunder Preferred Stock Dividend": 0.0,
        "Net Income": NaN,
        "Net Income Including Noncontrolling Interests": NaN,
        "Net Income Continuous Operations": NaN,
        "Tax Provision": NaN,
        "Pretax Income": NaN,
        "Other Income Expense": NaN,
        "Other Non Operating Income Expenses": NaN,
        "Special Income Charges": NaN,
        "Gain On Sale Of Ppe": NaN,
        "Gain On Sale Of Business": 0.0,
        "Earnings From Equity Interest": NaN,
        "Net Non Operating Interest Income Expense": NaN,
        "Interest Expense Non Operating": NaN,
        "Operating Income": NaN,
        "Operating Expense": NaN,
        "Depreciation Amortization Depletion Income Statement": NaN,
        "Research And Development": 774000.0,
        "Selling General And Administration": NaN,
        "General And Administrative Expense": 8768000.0,
        "Other Gand A": 5213000.0,
        "Salaries And Wages": 3555000.0,
        "Gross Profit": NaN,
        "Cost Of Revenue": NaN,
        "Total Revenue": NaN,
        "Operating Revenue": NaN
    },
    "2023-03-31": {
        "Tax Effect Of Unusual Items": NaN,
        "Tax Rate For Calcs": NaN,
        "Normalized EBITDA": NaN,
        "Total Unusual Items": NaN,
        "Total Unusual Items Excluding Goodwill": NaN,
        "Net Income From Continuing Operation Net Minority Interest": NaN,
        "Reconciled Depreciation": NaN,
        "Reconciled Cost Of Revenue": NaN,
        "EBITDA": NaN,
        "EBIT": NaN,
        "Net Interest Income": NaN,
        "Interest Expense": NaN,
        "Normalized Income": NaN,
        "Net Income From Continuing And Discontinued Operation": NaN,
        "Total Expenses": NaN,
        "Total Operating Income As Reported": NaN,
        "Diluted Average Shares": NaN,
        "Basic Average Shares": NaN,
        "Diluted EPS": NaN,
        "Basic EPS": NaN,
        "Diluted NI Availto Com Stockholders": NaN,
        "Net Income Common Stockholders": NaN,
        "Otherunder Preferred Stock Dividend": NaN,
        "Net Income": NaN,
        "Net Income Including Noncontrolling Interests": NaN,
        "Net Income Continuous Operations": NaN,
        "Tax Provision": NaN,
        "Pretax Income": NaN,
        "Other Income Expense": NaN,
        "Other Non Operating Income Expenses": NaN,
        "Special Income Charges": NaN,
        "Gain On Sale Of Ppe": NaN,
        "Gain On Sale Of Business": NaN,
        "Earnings From Equity Interest": NaN,
        "Net Non Operating Interest Income Expense": NaN,
        "Interest Expense Non Operating": NaN,
        "Operating Income": NaN,
        "Operating Expense": NaN,
        "Depreciation Amortization Depletion Income Statement": NaN,
        "Research And Development": NaN,
        "Selling General And Administration": NaN,
        "General And Administrative Expense": 11283000.0,
        "Other Gand A": 11283000.0,
        "Salaries And Wages": 4699000.0,
        "Gross Profit": NaN,
        "Cost Of Revenue": NaN,
        "Total Revenue": NaN,
        "Operating Revenue": NaN
    },
    "2022-12-31": {
        "Tax Effect Of Unusual Items": NaN,
        "Tax Rate For Calcs": NaN,
        "Normalized EBITDA": NaN,
        "Total Unusual Items": NaN,
        "Total Unusual Items Excluding Goodwill": NaN,
        "Net Income From Continuing Operation Net Minority Interest": NaN,
        "Reconciled Depreciation": NaN,
        "Reconciled Cost Of Revenue": NaN,
        "EBITDA": NaN,
        "EBIT": NaN,
        "Net Interest Income": NaN,
        "Interest Expense": NaN,
        "Normalized Income": NaN,
        "Net Income From Continuing And Discontinued Operation": NaN,
        "Total Expenses": NaN,
        "Total Operating Income As Reported": NaN,
        "Diluted Average Shares": NaN,
        "Basic Average Shares": NaN,
        "Diluted EPS": NaN,
        "Basic EPS": NaN,
        "Diluted NI Availto Com Stockholders": NaN,
        "Net Income Common Stockholders": NaN,
        "Otherunder Preferred Stock Dividend": NaN,
        "Net Income": NaN,
        "Net Income Including Noncontrolling Interests": NaN,
        "Net Income Continuous Operations": NaN,
        "Tax Provision": NaN,
        "Pretax Income": NaN,
        "Other Income Expense": NaN,
        "Other Non Operating Income Expenses": NaN,
        "Special Income Charges": NaN,
        "Gain On Sale Of Business": NaN,
        "Earnings From Equity Interest": NaN,
        "Net Non Operating Interest Income Expense": NaN,
        "Interest Expense Non Operating": NaN,
        "Operating Income": NaN,
        "Operating Expense": NaN,
        "Other Operating Expenses": 0.0,
        "Depreciation Amortization Depletion Income Statement": NaN,
        "Research And Development": NaN,
        "Selling General And Administration": NaN,
        "General And Administrative Expense": NaN,
        "Other Gand A": NaN,
        "Salaries And Wages": 3082000.0,
        "Gross Profit": NaN,
        "Cost Of Revenue": NaN,
        "Total Revenue": NaN,
        "Operating Revenue": NaN
    },
    "2023-12-31": {
        "Tax Effect Of Unusual Items": 0.0,
        "Tax Rate For Calcs": 0.05351,
        "Normalized EBITDA": 7602000.0,
        "Total Unusual Items": 0.0,
        "Total Unusual Items Excluding Goodwill": 0.0,
        "Net Income From Continuing Operation Net Minority Interest": 3290000.0,
        "Reconciled Depreciation": 3267000.0,
        "Reconciled Cost Of Revenue": 14105000.0,
        "EBITDA": 7602000.0,
        "EBIT": 4335000.0,
        "Net Interest Income": 987000.0,
        "Interest Expense": 859000.0,
        "Normalized Income": 3290000.0,
        "Net Income From Continuing And Discontinued Operation": 3290000.0,
        "Total Expenses": 25000000.0,
        "Total Operating Income As Reported": 3104000.0,
        "Diluted Average Shares": NaN,
        "Basic Average Shares": NaN,
        "Diluted EPS": NaN,
        "Basic EPS": NaN,
        "Diluted NI Availto Com Stockholders": 3290000.0,
        "Net Income Common Stockholders": 3290000.0,
        "Otherunder Preferred Stock Dividend": NaN,
        "Net Income": 3290000.0,
        "Net Income Including Noncontrolling Interests": 3290000.0,
        "Net Income Continuous Operations": 3290000.0,
        "Tax Provision": 186000.0,
        "Pretax Income": 3476000.0,
        "Other Income Expense": -615000.0,
        "Other Non Operating Income Expenses": -726000.0,
        "Special Income Charges": 0.0,
        "Gain On Sale Of Ppe": NaN,
        "Gain On Sale Of Business": 0.0,
        "Earnings From Equity Interest": 111000.0,
        "Net Non Operating Interest Income Expense": 987000.0,
        "Interest Expense Non Operating": 859000.0,
        "Operating Income": 3104000.0,
        "Operating Expense": 10895000.0,
        "Depreciation Amortization Depletion Income Statement": 3267000.0,
        "Research And Development": NaN,
        "Selling General And Administration": 7664000.0,
        "General And Administrative Expense": 7664000.0,
        "Other Gand A": 4992000.0,
        "Salaries And Wages": 2672000.0,
        "Gross Profit": 13999000.0,
        "Cost Of Revenue": 14105000.0,
        "Total Revenue": 28104000.0,
        "Operating Revenue": 28104000.0
    },
    "2024-03-31": {
        "Tax Effect Of Unusual Items": 0.0,
        "Tax Rate For Calcs": 0.0,
        "Normalized EBITDA": -912000.0,
        "Total Unusual Items": 0.0,
        "Total Unusual Items Excluding Goodwill": 0.0,
        "Net Income From Continuing Operation Net Minority Interest": -3419000.0,
        "Reconciled Depreciation": 1716000.0,
        "Reconciled Cost Of Revenue": 13713000.0,
        "EBITDA": -912000.0,
        "EBIT": -2628000.0,
        "Net Interest Income": -791000.0,
        "Interest Expense": 791000.0,
        "Normalized Income": -3419000.0,
        "Net Income From Continuing And Discontinued Operation": -3419000.0,
        "Total Expenses": 24720000.0,
        "Total Operating Income As Reported": -2980000.0,
        "Diluted Average Shares": 37062000.0,
        "Basic Average Shares": 37062000.0,
        "Diluted EPS": -0.09,
        "Basic EPS": -0.09,
        "Diluted NI Availto Com Stockholders": -3419000.0,
        "Net Income Common Stockholders": -3419000.0,
        "Otherunder Preferred Stock Dividend": NaN,
        "Net Income": -3419000.0,
        "Net Income Including Noncontrolling Interests": -3419000.0,
        "Net Income Continuous Operations": -3419000.0,
        "Tax Provision": 0.0,
        "Pretax Income": -3419000.0,
        "Other Income Expense": 352000.0,
        "Other Non Operating Income Expenses": 352000.0,
        "Special Income Charges": 0.0,
        "Gain On Sale Of Ppe": NaN,
        "Gain On Sale Of Business": 0.0,
        "Earnings From Equity Interest": 0.0,
        "Net Non Operating Interest Income Expense": -791000.0,
        "Interest Expense Non Operating": 791000.0,
        "Operating Income": -2980000.0,
        "Operating Expense": 11007000.0,
        "Depreciation Amortization Depletion Income Statement": 1716000.0,
        "Research And Development": 1625000.0,
        "Selling General And Administration": 7666000.0,
        "General And Administrative Expense": 7666000.0,
        "Other Gand A": 7666000.0,
        "Salaries And Wages": NaN,
        "Gross Profit": 8027000.0,
        "Cost Of Revenue": 13713000.0,
        "Total Revenue": 21740000.0,
        "Operating Revenue": 21740000.0
    },
    "2022-09-30": {
        "Tax Effect Of Unusual Items": NaN,
        "Tax Rate For Calcs": NaN,
        "Normalized EBITDA": NaN,
        "Total Unusual Items": NaN,
        "Total Unusual Items Excluding Goodwill": NaN,
        "Net Income From Continuing Operation Net Minority Interest": NaN,
        "Reconciled Depreciation": NaN,
        "Reconciled Cost Of Revenue": NaN,
        "EBITDA": NaN,
        "EBIT": NaN,
        "Net Interest Income": NaN,
        "Interest Expense": NaN,
        "Normalized Income": NaN,
        "Net Income From Continuing And Discontinued Operation": NaN,
        "Total Expenses": NaN,
        "Total Operating Income As Reported": NaN,
        "Diluted Average Shares": 18487000.0,
        "Basic Average Shares": 18487000.0,
        "Diluted EPS": -0.13,
        "Basic EPS": -0.13,
        "Diluted NI Availto Com Stockholders": NaN,
        "Net Income Common Stockholders": NaN,
        "Net Income": NaN,
        "Net Income Including Noncontrolling Interests": NaN,
        "Net Income Continuous Operations": NaN,
        "Tax Provision": NaN,
        "Pretax Income": NaN,
        "Other Income Expense": NaN,
        "Other Non Operating Income Expenses": NaN,
        "Special Income Charges": NaN,
        "Gain On Sale Of Business": NaN,
        "Earnings From Equity Interest": NaN,
        "Net Non Operating Interest Income Expense": NaN,
        "Interest Expense Non Operating": NaN,
        "Operating Income": NaN,
        "Operating Expense": NaN,
        "Other Operating Expenses": NaN,
        "Depreciation Amortization Depletion Income Statement": NaN,
        "Research And Development": NaN,
        "Selling General And Administration": NaN,
        "General And Administrative Expense": NaN,
        "Other Gand A": NaN,
        "Salaries And Wages": NaN,
        "Gross Profit": NaN,
        "Cost Of Revenue": NaN,
        "Total Revenue": NaN,
        "Operating Revenue": NaN
    },
    "2024-06-30": {
        "Tax Effect Of Unusual Items": 0.0,
        "Tax Rate For Calcs": 0.21,
        "Normalized EBITDA": 549000.0,
        "Total Unusual Items": 0.0,
        "Total Unusual Items Excluding Goodwill": 0.0,
        "Net Income From Continuing Operation Net Minority Interest": -1968000.0,
        "Reconciled Depreciation": 1658000.0,
        "Reconciled Cost Of Revenue": 17227000.0,
        "EBITDA": 549000.0,
        "EBIT": -1109000.0,
        "Net Interest Income": -829000.0,
        "Interest Expense": 829000.0,
        "Normalized Income": -1968000.0,
        "Net Income From Continuing And Discontinued Operation": -1968000.0,
        "Total Expenses": 26825000.0,
        "Total Operating Income As Reported": -1420000.0,
        "Diluted Average Shares": 34356000.0,
        "Basic Average Shares": 34356000.0,
        "Diluted EPS": -0.06,
        "Basic EPS": -0.06,
        "Diluted NI Availto Com Stockholders": -1968000.0,
        "Net Income Common Stockholders": -1968000.0,
        "Otherunder Preferred Stock Dividend": 0.0,
        "Net Income": -1968000.0,
        "Net Income Including Noncontrolling Interests": -1968000.0,
        "Net Income Continuous Operations": -1968000.0,
        "Tax Provision": 30000.0,
        "Pretax Income": -1938000.0,
        "Other Income Expense": 311000.0,
        "Other Non Operating Income Expenses": 311000.0,
        "Special Income Charges": 0.0,
        "Gain On Sale Of Ppe": NaN,
        "Gain On Sale Of Business": 0.0,
        "Earnings From Equity Interest": 0.0,
        "Net Non Operating Interest Income Expense": -829000.0,
        "Interest Expense Non Operating": 829000.0,
        "Operating Income": -1420000.0,
        "Operating Expense": 9598000.0,
        "Depreciation Amortization Depletion Income Statement": 1658000.0,
        "Research And Development": 929000.0,
        "Selling General And Administration": 7011000.0,
        "General And Administrative Expense": NaN,
        "Other Gand A": NaN,
        "Salaries And Wages": NaN,
        "Gross Profit": 8178000.0,
        "Cost Of Revenue": 17227000.0,
        "Total Revenue": 25405000.0,
        "Operating Revenue": 25405000.0
    },
    "2024-09-30": {
        "Tax Effect Of Unusual Items": 0.0,
        "Tax Rate For Calcs": 0.0,
        "Normalized EBITDA": 4985000.0,
        "Total Unusual Items": 154000.0,
        "Total Unusual Items Excluding Goodwill": 154000.0,
        "Net Income From Continuing Operation Net Minority Interest": 1617000.0,
        "Reconciled Depreciation": 2716000.0,
        "Reconciled Cost Of Revenue": 21339000.0,
        "EBITDA": 5139000.0,
        "EBIT": 2423000.0,
        "Net Interest Income": -806000.0,
        "Interest Expense": 806000.0,
        "Normalized Income": 1463000.0,
        "Net Income From Continuing And Discontinued Operation": 1617000.0,
        "Total Expenses": 32900000.0,
        "Total Operating Income As Reported": 2028000.0,
        "Diluted Average Shares": 37442000.0,
        "Basic Average Shares": 36124000.0,
        "Diluted EPS": 0.04,
        "Basic EPS": 0.04,
        "Diluted NI Availto Com Stockholders": 1617000.0,
        "Net Income Common Stockholders": 1617000.0,
        "Otherunder Preferred Stock Dividend": NaN,
        "Net Income": 1617000.0,
        "Net Income Including Noncontrolling Interests": 1617000.0,
        "Net Income Continuous Operations": 1617000.0,
        "Tax Provision": 0.0,
        "Pretax Income": 1617000.0,
        "Other Income Expense": 549000.0,
        "Other Non Operating Income Expenses": 268000.0,
        "Special Income Charges": 154000.0,
        "Gain On Sale Of Ppe": 154000.0,
        "Gain On Sale Of Business": NaN,
        "Earnings From Equity Interest": 127000.0,
        "Net Non Operating Interest Income Expense": -806000.0,
        "Interest Expense Non Operating": 806000.0,
        "Operating Income": 1874000.0,
        "Operating Expense": 11561000.0,
        "Depreciation Amortization Depletion Income Statement": 2716000.0,
        "Research And Development": 787000.0,
        "Selling General And Administration": 8058000.0,
        "General And Administrative Expense": NaN,
        "Other Gand A": NaN,
        "Salaries And Wages": NaN,
        "Gross Profit": 13435000.0,
        "Cost Of Revenue": 21339000.0,
        "Total Revenue": 34774000.0,
        "Operating Revenue": 34774000.0
    }
}