{
    "2023-03-31": {
        "Tax Effect Of Unusual Items": 0.0,
        "Tax Rate For Calcs": 0.005,
        "Normalized EBITDA": -86000000.0,
        "Net Income From Continuing Operation Net Minority Interest": -81900000.0,
        "Reconciled Depreciation": 1700000.0,
        "EBITDA": -86000000.0,
        "EBIT": -87700000.0,
        "Net Interest Income": 7600000.0,
        "Interest Income": 7600000.0,
        "Normalized Income": -81900000.0,
        "Net Income From Continuing And Discontinued Operation": -81900000.0,
        "Total Expenses": 120200000.0,
        "Total Operating Income As Reported": -87700000.0,
        "Diluted Average Shares": 53300000.0,
        "Basic Average Shares": 53300000.0,
        "Diluted EPS": -1.54,
        "Basic EPS": -1.54,
        "Diluted NI Availto Com Stockholders": -81900000.0,
        "Net Income Common Stockholders": -81900000.0,
        "Net Income": -81900000.0,
        "Net Income Including Noncontrolling Interests": -81900000.0,
        "Net Income Continuous Operations": -81900000.0,
        "Earnings From Equity Interest Net Of Tax": -1100000.0,
        "Tax Provision": -400000.0,
        "Pretax Income": -81200000.0,
        "Other Income Expense": -1100000.0,
        "Other Non Operating Income Expenses": -1100000.0,
        "Net Non Operating Interest Income Expense": 7600000.0,
        "Interest Income Non Operating": 7600000.0,
        "Operating Income": -87700000.0,
        "Operating Expense": 120200000.0,
        "Research And Development": 95300000.0,
        "Selling General And Administration": 24900000.0,
        "General And Administrative Expense": 24900000.0,
        "Other Gand A": 24900000.0,
        "Total Revenue": 32500000.0,
        "Operating Revenue": 32500000.0
    },
    "2022-12-31": {
        "Tax Effect Of Unusual Items": NaN,
        "Tax Rate For Calcs": NaN,
        "Normalized EBITDA": NaN,
        "Net Income From Continuing Operation Net Minority Interest": NaN,
        "Reconciled Depreciation": NaN,
        "EBITDA": NaN,
        "EBIT": NaN,
        "Net Interest Income": NaN,
        "Interest Income": NaN,
        "Normalized Income": NaN,
        "Net Income From Continuing And Discontinued Operation": NaN,
        "Total Expenses": NaN,
        "Total Operating Income As Reported": NaN,
        "Diluted Average Shares": NaN,
        "Basic Average Shares": NaN,
        "Diluted EPS": NaN,
        "Basic EPS": NaN,
        "Diluted NI Availto Com Stockholders": NaN,
        "Net Income Common Stockholders": NaN,
        "Net Income": NaN,
        "Net Income Including Noncontrolling Interests": NaN,
        "Net Income Continuous Operations": NaN,
        "Earnings From Equity Interest Net Of Tax": NaN,
        "Tax Provision": NaN,
        "Pretax Income": NaN,
        "Other Income Expense": 600000.0,
        "Other Non Operating Income Expenses": 600000.0,
        "Net Non Operating Interest Income Expense": NaN,
        "Interest Income Non Operating": NaN,
        "Operating Income": NaN,
        "Operating Expense": NaN,
        "Research And Development": NaN,
        "Selling General And Administration": NaN,
        "General And Administrative Expense": NaN,
        "Other Gand A": NaN,
        "Total Revenue": NaN,
        "Operating Revenue": NaN
    },
    "2022-09-30": {
        "Tax Effect Of Unusual Items": NaN,
        "Tax Rate For Calcs": NaN,
        "Normalized EBITDA": NaN,
        "Net Income From Continuing Operation Net Minority Interest": NaN,
        "Reconciled Depreciation": NaN,
        "EBITDA": NaN,
        "EBIT": NaN,
        "Net Interest Income": NaN,
        "Interest Income": NaN,
        "Normalized Income": NaN,
        "Net Income From Continuing And Discontinued Operation": NaN,
        "Total Expenses": NaN,
        "Total Operating Income As Reported": NaN,
        "Diluted Average Shares": NaN,
        "Basic Average Shares": NaN,
        "Diluted EPS": NaN,
        "Basic EPS": NaN,
        "Diluted NI Availto Com Stockholders": NaN,
        "Net Income Common Stockholders": NaN,
        "Net Income": NaN,
        "Net Income Including Noncontrolling Interests": NaN,
        "Net Income Continuous Operations": NaN,
        "Earnings From Equity Interest Net Of Tax": NaN,
        "Tax Provision": NaN,
        "Pretax Income": NaN,
        "Other Income Expense": -200000.0,
        "Other Non Operating Income Expenses": -200000.0,
        "Net Non Operating Interest Income Expense": NaN,
        "Interest Income Non Operating": NaN,
        "Operating Income": NaN,
        "Operating Expense": NaN,
        "Research And Development": NaN,
        "Selling General And Administration": NaN,
        "General And Administrative Expense": NaN,
        "Other Gand A": NaN,
        "Total Revenue": NaN,
        "Operating Revenue": NaN
    },
    "2022-06-30": {
        "Tax Effect Of Unusual Items": 0.0,
        "Tax Rate For Calcs": 0.4,
        "Normalized EBITDA": -66400000.0,
        "Net Income From Continuing Operation Net Minority Interest": -70000000.0,
        "Reconciled Depreciation": 1900000.0,
        "EBITDA": -66400000.0,
        "EBIT": -68300000.0,
        "Net Interest Income": 1800000.0,
        "Interest Income": 1800000.0,
        "Normalized Income": -70000000.0,
        "Net Income From Continuing And Discontinued Operation": -70000000.0,
        "Total Expenses": 99600000.0,
        "Total Operating Income As Reported": -68300000.0,
        "Diluted Average Shares": 53200000.0,
        "Basic Average Shares": 53200000.0,
        "Diluted EPS": -1.32,
        "Basic EPS": -1.32,
        "Diluted NI Availto Com Stockholders": -70000000.0,
        "Net Income Common Stockholders": -70000000.0,
        "Net Income": -70000000.0,
        "Net Income Including Noncontrolling Interests": -70000000.0,
        "Net Income Continuous Operations": -70000000.0,
        "Earnings From Equity Interest Net Of Tax": NaN,
        "Tax Provision": 3400000.0,
        "Pretax Income": -66600000.0,
        "Other Income Expense": -100000.0,
        "Other Non Operating Income Expenses": -100000.0,
        "Net Non Operating Interest Income Expense": 1800000.0,
        "Interest Income Non Operating": 1800000.0,
        "Operating Income": -68300000.0,
        "Operating Expense": 99600000.0,
        "Research And Development": 75300000.0,
        "Selling General And Administration": 24300000.0,
        "General And Administrative Expense": 24300000.0,
        "Other Gand A": 24300000.0,
        "Total Revenue": 31300000.0,
        "Operating Revenue": 31300000.0
    },
    "2022-03-31": {
        "Diluted EPS": -1.2,
        "Total Revenue": 27,
        "Gross Profit": 27,
        "Operating Income": -58,
        "EBIT": -52,
        "Net Income": -63
    },
    "2021-12-31": {
        "Diluted EPS": -1.01,
        "Total Revenue": 33,
        "Gross Profit": 33,
        "Operating Income": -48,
        "EBIT": -41,
        "Net Income": -53
    },
    "2021-09-30": {
        "Diluted EPS": -0.94,
        "Total Revenue": 9,
        "Gross Profit": 9,
        "Operating Income": -47,
        "EBIT": -43,
        "Net Income": -47
    },
    "2021-06-30": {
        "Diluted EPS": -1.03,
        "Total Revenue": 6,
        "Gross Profit": 6,
        "Operating Income": -52,
        "EBIT": -49,
        "Net Income": -50
    },
    "2021-03-31": {
        "Diluted EPS": -0.84,
        "Total Revenue": 6,
        "Gross Profit": 6,
        "Operating Income": -42,
        "EBIT": -39,
        "Net Income": -41
    },
    "2020-12-31": {
        "Diluted EPS": -1.02,
        "Total Revenue": 6,
        "Gross Profit": 6,
        "Operating Income": -39,
        "EBIT": -37,
        "Net Income": -42
    },
    "2020-09-30": {
        "Diluted EPS": -0.79,
        "Total Revenue": 8,
        "Gross Profit": 8,
        "Operating Income": -32,
        "EBIT": -30,
        "Net Income": -31
    },
    "2020-06-30": {
        "Diluted EPS": -0.65,
        "Total Revenue": 6,
        "Gross Profit": 6,
        "Operating Income": -26,
        "EBIT": -25,
        "Net Income": -25
    },
    "2020-03-31": {
        "Diluted EPS": -0.56,
        "Total Revenue": 6,
        "Gross Profit": 6,
        "Operating Income": -23,
        "EBIT": -22,
        "Net Income": -22
    },
    "2019-12-31": {
        "Diluted EPS": -0.58,
        "Total Revenue": 5,
        "Gross Profit": 5,
        "Operating Income": -23,
        "EBIT": -22,
        "Net Income": -21
    },
    "2019-09-30": {
        "Diluted EPS": -0.54,
        "Total Revenue": 30,
        "Gross Profit": 30,
        "Operating Income": 6,
        "EBIT": 6,
        "Net Income": -18
    },
    "2019-06-30": {
        "Diluted EPS": -0.55,
        "Total Revenue": 4,
        "Gross Profit": 4,
        "Operating Income": -18,
        "EBIT": -18,
        "Net Income": -17
    },
    "2019-03-31": {
        "Diluted EPS": -0.46,
        "Total Revenue": 4,
        "Gross Profit": 4,
        "Operating Income": -16,
        "EBIT": -15,
        "Net Income": -14
    },
    "2018-12-31": {
        "Diluted EPS": 88.75,
        "Total Revenue": 3,
        "Gross Profit": 3,
        "Operating Income": -17,
        "EBIT": -17,
        "Net Income": -16
    },
    "2018-09-30": {
        "Diluted EPS": -62.38,
        "Total Revenue": 3,
        "Gross Profit": 3,
        "Operating Income": -14,
        "EBIT": -14,
        "Net Income": -125
    },
    "2018-06-30": {
        "Diluted EPS": -11.96,
        "Total Revenue": 3,
        "Gross Profit": 3,
        "Operating Income": -9,
        "EBIT": -8,
        "Net Income": -23
    },
    "2018-03-31": {
        "Diluted EPS": -39.86,
        "Total Revenue": 4,
        "Gross Profit": 4,
        "Operating Income": -4,
        "EBIT": -4,
        "Net Income": -76
    },
    "2017-12-31": {
        "Diluted EPS": 0.0,
        "Total Revenue": NaN,
        "Gross Profit": NaN,
        "Operating Income": NaN,
        "EBIT": NaN,
        "Net Income": NaN
    },
    "2017-09-30": {
        "Diluted EPS": -3.37,
        "Total Revenue": 2,
        "Gross Profit": 2,
        "Operating Income": -6,
        "EBIT": -6,
        "Net Income": -6
    },
    "2016-12-31": {
        "Diluted EPS": 0.0,
        "Total Revenue": NaN,
        "Gross Profit": NaN,
        "Operating Income": NaN,
        "EBIT": NaN,
        "Net Income": NaN
    },
    "2023-06-30": {
        "Tax Effect Of Unusual Items": 0.0,
        "Tax Rate For Calcs": 0.004,
        "Normalized EBITDA": -73000000.0,
        "Net Income From Continuing Operation Net Minority Interest": -66600000.0,
        "Reconciled Depreciation": 1600000.0,
        "EBITDA": -73000000.0,
        "EBIT": -74600000.0,
        "Net Interest Income": 9000000.0,
        "Interest Income": 9000000.0,
        "Normalized Income": -66600000.0,
        "Net Income From Continuing And Discontinued Operation": -66600000.0,
        "Total Expenses": 129100000.0,
        "Total Operating Income As Reported": -74600000.0,
        "Diluted Average Shares": 53400000.0,
        "Basic Average Shares": 53400000.0,
        "Diluted EPS": -1.25,
        "Basic EPS": -1.25,
        "Diluted NI Availto Com Stockholders": -66600000.0,
        "Net Income Common Stockholders": -66600000.0,
        "Net Income": -66600000.0,
        "Net Income Including Noncontrolling Interests": -66600000.0,
        "Net Income Continuous Operations": -66600000.0,
        "Earnings From Equity Interest Net Of Tax": -1300000.0,
        "Tax Provision": -300000.0,
        "Pretax Income": -65600000.0,
        "Other Income Expense": NaN,
        "Other Non Operating Income Expenses": NaN,
        "Net Non Operating Interest Income Expense": 9000000.0,
        "Interest Income Non Operating": 9000000.0,
        "Operating Income": -74600000.0,
        "Operating Expense": 129100000.0,
        "Research And Development": 103400000.0,
        "Selling General And Administration": 25700000.0,
        "General And Administrative Expense": 25700000.0,
        "Other Gand A": 25700000.0,
        "Total Revenue": 54500000.0,
        "Operating Revenue": 54500000.0
    },
    "2023-09-30": {
        "Tax Effect Of Unusual Items": 0.0,
        "Tax Rate For Calcs": 0.0,
        "Normalized EBITDA": -72200000.0,
        "Net Income From Continuing Operation Net Minority Interest": -64000000.0,
        "Reconciled Depreciation": 1700000.0,
        "EBITDA": -72200000.0,
        "EBIT": -73900000.0,
        "Net Interest Income": 10000000.0,
        "Interest Income": 10000000.0,
        "Normalized Income": -64000000.0,
        "Net Income From Continuing And Discontinued Operation": -64000000.0,
        "Total Expenses": 108500000.0,
        "Total Operating Income As Reported": -73900000.0,
        "Diluted Average Shares": 54100000.0,
        "Basic Average Shares": 54100000.0,
        "Diluted EPS": -1.18,
        "Basic EPS": -1.18,
        "Diluted NI Availto Com Stockholders": -64000000.0,
        "Net Income Common Stockholders": -64000000.0,
        "Net Income": -64000000.0,
        "Net Income Including Noncontrolling Interests": -64000000.0,
        "Net Income Continuous Operations": -64000000.0,
        "Earnings From Equity Interest Net Of Tax": -100000.0,
        "Tax Provision": 0.0,
        "Pretax Income": -63900000.0,
        "Other Income Expense": NaN,
        "Other Non Operating Income Expenses": NaN,
        "Net Non Operating Interest Income Expense": 10000000.0,
        "Interest Income Non Operating": 10000000.0,
        "Operating Income": -73900000.0,
        "Operating Expense": 108500000.0,
        "Research And Development": 85900000.0,
        "Selling General And Administration": 22600000.0,
        "General And Administrative Expense": 22600000.0,
        "Other Gand A": 22600000.0,
        "Total Revenue": 34600000.0,
        "Operating Revenue": 34600000.0
    },
    "2023-12-31": {
        "Tax Effect Of Unusual Items": 0.0,
        "Tax Rate For Calcs": 0.21,
        "Normalized EBITDA": -163600000.0,
        "Net Income From Continuing Operation Net Minority Interest": -154800000.0,
        "Reconciled Depreciation": 1700000.0,
        "EBITDA": -163600000.0,
        "EBIT": -165300000.0,
        "Net Interest Income": 12200000.0,
        "Interest Income": 12200000.0,
        "Normalized Income": -154800000.0,
        "Net Income From Continuing And Discontinued Operation": -154800000.0,
        "Total Expenses": 122200000.0,
        "Total Operating Income As Reported": -165300000.0,
        "Diluted Average Shares": 61100000.0,
        "Basic Average Shares": 61100000.0,
        "Diluted EPS": -2.53,
        "Basic EPS": -2.53,
        "Diluted NI Availto Com Stockholders": -154800000.0,
        "Net Income Common Stockholders": -154800000.0,
        "Net Income": -154800000.0,
        "Net Income Including Noncontrolling Interests": -154800000.0,
        "Net Income Continuous Operations": -154800000.0,
        "Earnings From Equity Interest Net Of Tax": 0.0,
        "Tax Provision": 1600000.0,
        "Pretax Income": -153200000.0,
        "Other Income Expense": -100000.0,
        "Other Non Operating Income Expenses": -100000.0,
        "Net Non Operating Interest Income Expense": 12200000.0,
        "Interest Income Non Operating": 12200000.0,
        "Operating Income": -165300000.0,
        "Operating Expense": 122200000.0,
        "Research And Development": 95200000.0,
        "Selling General And Administration": 27000000.0,
        "General And Administrative Expense": 27000000.0,
        "Other Gand A": 27000000.0,
        "Total Revenue": -43100000.0,
        "Operating Revenue": -43100000.0
    },
    "2024-03-31": {
        "Tax Effect Of Unusual Items": 0.0,
        "Tax Rate For Calcs": 0.4,
        "Normalized EBITDA": -81600000.0,
        "Net Income From Continuing Operation Net Minority Interest": -69400000.0,
        "Reconciled Depreciation": 1700000.0,
        "EBITDA": -81600000.0,
        "EBIT": -83300000.0,
        "Net Interest Income": 14000000.0,
        "Interest Income": 14000000.0,
        "Normalized Income": -69400000.0,
        "Net Income From Continuing And Discontinued Operation": -69400000.0,
        "Total Expenses": 108600000.0,
        "Total Operating Income As Reported": -83300000.0,
        "Diluted Average Shares": 71700000.0,
        "Basic Average Shares": 71700000.0,
        "Diluted EPS": -0.97,
        "Basic EPS": -0.97,
        "Diluted NI Availto Com Stockholders": -69400000.0,
        "Net Income Common Stockholders": -69400000.0,
        "Net Income": -69400000.0,
        "Net Income Including Noncontrolling Interests": -69400000.0,
        "Net Income Continuous Operations": -69400000.0,
        "Earnings From Equity Interest Net Of Tax": 0.0,
        "Tax Provision": 100000.0,
        "Pretax Income": -69300000.0,
        "Other Income Expense": NaN,
        "Other Non Operating Income Expenses": NaN,
        "Net Non Operating Interest Income Expense": 14000000.0,
        "Interest Income Non Operating": 14000000.0,
        "Operating Income": -83300000.0,
        "Operating Expense": 108600000.0,
        "Research And Development": 84300000.0,
        "Selling General And Administration": 24300000.0,
        "General And Administrative Expense": 24300000.0,
        "Other Gand A": 24300000.0,
        "Total Revenue": 25300000.0,
        "Operating Revenue": 25300000.0
    }
}