{
    "2023-03-31": {
        "Tax Effect Of Unusual Items": 1689718.0,
        "Tax Rate For Calcs": 0.218,
        "Normalized EBITDA": 470458000.0,
        "Total Unusual Items": 7751000.0,
        "Total Unusual Items Excluding Goodwill": 7751000.0,
        "Net Income From Continuing Operation Net Minority Interest": 273750000.0,
        "Reconciled Depreciation": 46679000.0,
        "Reconciled Cost Of Revenue": 7622606000.0,
        "EBIT": 431530000.0,
        "Net Interest Income": -79658000.0,
        "Interest Expense": 79658000.0,
        "Normalized Income": 267688718.0,
        "Net Income From Continuing And Discontinued Operation": 273750000.0,
        "Total Expenses": 8312569000.0,
        "Total Operating Income As Reported": 422152000.0,
        "Diluted Average Shares": 59479000.0,
        "Basic Average Shares": 58731000.0,
        "Diluted EPS": 4.6,
        "Basic EPS": 4.66,
        "Diluted NI Availto Com Stockholders": 273750000.0,
        "Net Income Common Stockholders": 273750000.0,
        "Net Income": 273750000.0,
        "Minority Interests": -1575000.0,
        "Net Income Including Noncontrolling Interests": 275325000.0,
        "Net Income Continuous Operations": 275325000.0,
        "Tax Provision": 76547000.0,
        "Pretax Income": 351872000.0,
        "Other Income Expense": 7671000.0,
        "Special Income Charges": -2560000.0,
        "Restructuring And Mergern Acquisition": 2560000.0,
        "Earnings From Equity Interest": -80000.0,
        "Gain On Sale Of Security": 10311000.0,
        "Net Non Operating Interest Income Expense": -79658000.0,
        "Interest Expense Non Operating": 79658000.0,
        "Operating Income": 423859000.0,
        "Operating Expense": 689963000.0,
        "Depreciation Amortization Depletion Income Statement": 46679000.0,
        "Depreciation And Amortization In Income Statement": 46679000.0,
        "Selling General And Administration": 643284000.0,
        "General And Administrative Expense": 643284000.0,
        "Other Gand A": 642431000.0,
        "Salaries And Wages": 853000.0,
        "Gross Profit": 1113822000.0,
        "Cost Of Revenue": 7622606000.0,
        "Total Revenue": 8736428000.0,
        "Operating Revenue": 8736428000.0
    },
    "2022-12-31": {
        "Tax Effect Of Unusual Items": 1399216.0,
        "Tax Rate For Calcs": 0.248,
        "Normalized EBITDA": 572954000.0,
        "Total Unusual Items": 5642000.0,
        "Total Unusual Items Excluding Goodwill": 5642000.0,
        "Net Income From Continuing Operation Net Minority Interest": 349402000.0,
        "Reconciled Depreciation": 45595000.0,
        "Reconciled Cost Of Revenue": 8117028000.0,
        "EBIT": 533001000.0,
        "Net Interest Income": -62221000.0,
        "Interest Expense": 62221000.0,
        "Normalized Income": 345159216.0,
        "Net Income From Continuing And Discontinued Operation": 349402000.0,
        "Total Expenses": 8798602000.0,
        "Total Operating Income As Reported": 522596000.0,
        "Diluted Average Shares": 61739000.0,
        "Basic Average Shares": 61175000.0,
        "Diluted EPS": 5.66,
        "Basic EPS": 5.71,
        "Diluted NI Availto Com Stockholders": 349402000.0,
        "Net Income Common Stockholders": 349402000.0,
        "Net Income": 349402000.0,
        "Minority Interests": -4659000.0,
        "Net Income Including Noncontrolling Interests": 354061000.0,
        "Net Income Continuous Operations": 354061000.0,
        "Tax Provision": 116719000.0,
        "Pretax Income": 470780000.0,
        "Other Income Expense": 8580000.0,
        "Special Income Charges": -2714000.0,
        "Restructuring And Mergern Acquisition": 2714000.0,
        "Earnings From Equity Interest": 2938000.0,
        "Gain On Sale Of Security": 8356000.0,
        "Net Non Operating Interest Income Expense": -62221000.0,
        "Interest Expense Non Operating": 62221000.0,
        "Operating Income": 524421000.0,
        "Operating Expense": 681574000.0,
        "Depreciation Amortization Depletion Income Statement": 45595000.0,
        "Depreciation And Amortization In Income Statement": 45595000.0,
        "Selling General And Administration": 635979000.0,
        "General And Administrative Expense": 635979000.0,
        "Other Gand A": 635090000.0,
        "Salaries And Wages": 889000.0,
        "Gross Profit": 1205995000.0,
        "Cost Of Revenue": 8117028000.0,
        "Total Revenue": 9323023000.0,
        "Operating Revenue": 9323023000.0
    },
    "2022-09-30": {
        "Tax Effect Of Unusual Items": -1672025.0,
        "Tax Rate For Calcs": 0.235,
        "Normalized EBITDA": 553387000.0,
        "Total Unusual Items": -7115000.0,
        "Total Unusual Items Excluding Goodwill": -7115000.0,
        "Net Income From Continuing Operation Net Minority Interest": 342399000.0,
        "Reconciled Depreciation": 46230000.0,
        "Reconciled Cost Of Revenue": 8079520000.0,
        "EBIT": 500042000.0,
        "Net Interest Income": -50936000.0,
        "Interest Expense": 50936000.0,
        "Normalized Income": 347841975.0,
        "Net Income From Continuing And Discontinued Operation": 342399000.0,
        "Total Expenses": 8760993000.0,
        "Total Operating Income As Reported": 502694000.0,
        "Diluted Average Shares": 64979000.0,
        "Basic Average Shares": 64228000.0,
        "Diluted EPS": 5.27,
        "Basic EPS": 5.33,
        "Diluted NI Availto Com Stockholders": 342399000.0,
        "Net Income Common Stockholders": 342399000.0,
        "Net Income": 342399000.0,
        "Minority Interests": -1207000.0,
        "Net Income Including Noncontrolling Interests": 343606000.0,
        "Net Income Continuous Operations": 343606000.0,
        "Tax Provision": 105500000.0,
        "Pretax Income": 449106000.0,
        "Other Income Expense": -5397000.0,
        "Special Income Charges": -3635000.0,
        "Restructuring And Mergern Acquisition": 3635000.0,
        "Earnings From Equity Interest": 1718000.0,
        "Gain On Sale Of Security": -3480000.0,
        "Net Non Operating Interest Income Expense": -50936000.0,
        "Interest Expense Non Operating": 50936000.0,
        "Operating Income": 505439000.0,
        "Operating Expense": 681473000.0,
        "Depreciation Amortization Depletion Income Statement": 46230000.0,
        "Depreciation And Amortization In Income Statement": 46230000.0,
        "Selling General And Administration": 635243000.0,
        "General And Administrative Expense": 635243000.0,
        "Other Gand A": 634353000.0,
        "Salaries And Wages": 890000.0,
        "Gross Profit": 1186912000.0,
        "Cost Of Revenue": 8079520000.0,
        "Total Revenue": 9266432000.0,
        "Operating Revenue": 9266432000.0
    },
    "2022-06-30": {
        "Tax Effect Of Unusual Items": -2875930.0,
        "Tax Rate For Calcs": 0.235,
        "Normalized EBITDA": 583904000.0,
        "Total Unusual Items": -12238000.0,
        "Total Unusual Items Excluding Goodwill": -12238000.0,
        "Net Income From Continuing Operation Net Minority Interest": 370334000.0,
        "Reconciled Depreciation": 47252000.0,
        "Reconciled Cost Of Revenue": 8224628000.0,
        "EBIT": 524414000.0,
        "Net Interest Income": -38506000.0,
        "Interest Expense": 38506000.0,
        "Normalized Income": 379696070.0,
        "Net Income From Continuing And Discontinued Operation": 370334000.0,
        "Total Expenses": 8926355000.0,
        "Total Operating Income As Reported": 532828000.0,
        "Diluted Average Shares": 66851000.0,
        "Basic Average Shares": 66078000.0,
        "Diluted EPS": 5.54,
        "Basic EPS": 5.6,
        "Diluted NI Availto Com Stockholders": 370334000.0,
        "Net Income Common Stockholders": 370334000.0,
        "Net Income": 370334000.0,
        "Minority Interests": -1161000.0,
        "Net Income Including Noncontrolling Interests": 371495000.0,
        "Net Income Continuous Operations": 371495000.0,
        "Tax Provision": 114413000.0,
        "Pretax Income": 485908000.0,
        "Other Income Expense": -10073000.0,
        "Special Income Charges": -2494000.0,
        "Restructuring And Mergern Acquisition": 2494000.0,
        "Earnings From Equity Interest": 2165000.0,
        "Gain On Sale Of Security": -9744000.0,
        "Net Non Operating Interest Income Expense": -38506000.0,
        "Interest Expense Non Operating": 38506000.0,
        "Operating Income": 534487000.0,
        "Operating Expense": 701727000.0,
        "Depreciation Amortization Depletion Income Statement": 47252000.0,
        "Depreciation And Amortization In Income Statement": 47252000.0,
        "Selling General And Administration": 654475000.0,
        "General And Administrative Expense": 654475000.0,
        "Other Gand A": 653640000.0,
        "Salaries And Wages": 835000.0,
        "Gross Profit": 1236214000.0,
        "Cost Of Revenue": 8224628000.0,
        "Total Revenue": 9460842000.0,
        "Operating Revenue": 9460842000.0
    },
    "2023-06-30": {
        "Tax Effect Of Unusual Items": -2295281.248086,
        "Tax Rate For Calcs": 0.233355,
        "Normalized EBITDA": 451105000.0,
        "Total Unusual Items": -9836000.0,
        "Total Unusual Items Excluding Goodwill": -9836000.0,
        "Net Income From Continuing Operation Net Minority Interest": 236559000.0,
        "Reconciled Depreciation": 46264000.0,
        "Reconciled Cost Of Revenue": 7448467000.0,
        "EBIT": 395005000.0,
        "Net Interest Income": -84834000.0,
        "Interest Expense": 84834000.0,
        "Normalized Income": 244099718.751914,
        "Net Income From Continuing And Discontinued Operation": 236559000.0,
        "Total Expenses": 8112736000.0,
        "Total Operating Income As Reported": 392250000.0,
        "Diluted Average Shares": 57355000.0,
        "Basic Average Shares": 56720000.0,
        "Diluted EPS": 4.12,
        "Basic EPS": 4.17,
        "Diluted NI Availto Com Stockholders": 236559000.0,
        "Net Income Common Stockholders": 236559000.0,
        "Net Income": 236559000.0,
        "Minority Interests": -1232000.0,
        "Net Income Including Noncontrolling Interests": 237791000.0,
        "Net Income Continuous Operations": 237791000.0,
        "Tax Provision": 72380000.0,
        "Pretax Income": 310171000.0,
        "Other Income Expense": -6775000.0,
        "Special Income Charges": -10333000.0,
        "Restructuring And Mergern Acquisition": 10333000.0,
        "Earnings From Equity Interest": 3061000.0,
        "Gain On Sale Of Security": 497000.0,
        "Net Non Operating Interest Income Expense": -84834000.0,
        "Interest Expense Non Operating": 84834000.0,
        "Operating Income": 401780000.0,
        "Operating Expense": 664269000.0,
        "Depreciation Amortization Depletion Income Statement": 46264000.0,
        "Depreciation And Amortization In Income Statement": 46264000.0,
        "Selling General And Administration": 618005000.0,
        "General And Administrative Expense": 618005000.0,
        "Other Gand A": 617202000.0,
        "Salaries And Wages": 803000.0,
        "Gross Profit": 1066049000.0,
        "Cost Of Revenue": 7448467000.0,
        "Total Revenue": 8514516000.0,
        "Operating Revenue": 8514516000.0
    },
    "2022-03-31": {
        "Diluted EPS": 5.31,
        "Total Revenue": NaN,
        "Gross Profit": NaN,
        "Operating Income": 510,
        "EBIT": 576,
        "Net Income": 365
    },
    "2021-12-31": {
        "Diluted EPS": 5.15,
        "Total Revenue": NaN,
        "Gross Profit": NaN,
        "Operating Income": 512,
        "EBIT": 567,
        "Net Income": 371
    },
    "2021-09-30": {
        "Diluted EPS": 4.0,
        "Total Revenue": NaN,
        "Gross Profit": NaN,
        "Operating Income": 405,
        "EBIT": 461,
        "Net Income": 290
    },
    "2021-06-30": {
        "Diluted EPS": 3.23,
        "Total Revenue": NaN,
        "Gross Profit": NaN,
        "Operating Income": 341,
        "EBIT": 398,
        "Net Income": 241
    },
    "2021-03-31": {
        "Diluted EPS": 2.72,
        "Total Revenue": NaN,
        "Gross Profit": 930,
        "Operating Income": 300,
        "EBIT": 363,
        "Net Income": 206
    },
    "2020-12-31": {
        "Diluted EPS": 3.01,
        "Total Revenue": NaN,
        "Gross Profit": 924,
        "Operating Income": 321,
        "EBIT": 377,
        "Net Income": 236
    },
    "2020-09-30": {
        "Diluted EPS": 2.13,
        "Total Revenue": NaN,
        "Gross Profit": 789,
        "Operating Income": 238,
        "EBIT": 291,
        "Net Income": 166
    },
    "2020-06-30": {
        "Diluted EPS": 1.68,
        "Total Revenue": NaN,
        "Gross Profit": 750,
        "Operating Income": 197,
        "EBIT": 252,
        "Net Income": 133
    },
    "2020-03-31": {
        "Diluted EPS": 0.61,
        "Total Revenue": NaN,
        "Gross Profit": 728,
        "Operating Income": 138,
        "EBIT": 199,
        "Net Income": 50
    },
    "2019-12-31": {
        "Diluted EPS": 1.31,
        "Total Revenue": NaN,
        "Gross Profit": 823,
        "Operating Income": 238,
        "EBIT": 294,
        "Net Income": 112
    },
    "2019-09-30": {
        "Diluted EPS": 1.1,
        "Total Revenue": NaN,
        "Gross Profit": 799,
        "Operating Income": 173,
        "EBIT": 226,
        "Net Income": 92
    },
    "2019-06-30": {
        "Diluted EPS": -6.48,
        "Total Revenue": NaN,
        "Gross Profit": 815,
        "Operating Income": -549,
        "EBIT": -494,
        "Net Income": -549
    },
    "2019-03-31": {
        "Diluted EPS": 1.63,
        "Total Revenue": NaN,
        "Gross Profit": 862,
        "Operating Income": 246,
        "EBIT": 312,
        "Net Income": 141
    },
    "2018-12-31": {
        "Diluted EPS": 2.63,
        "Total Revenue": NaN,
        "Gross Profit": 975,
        "Operating Income": 334,
        "EBIT": 390,
        "Net Income": 231
    },
    "2018-09-30": {
        "Diluted EPS": 1.99,
        "Total Revenue": NaN,
        "Gross Profit": 924,
        "Operating Income": 290,
        "EBIT": 348,
        "Net Income": 177
    },
    "2018-06-30": {
        "Diluted EPS": 1.92,
        "Total Revenue": NaN,
        "Gross Profit": 933,
        "Operating Income": 287,
        "EBIT": 346,
        "Net Income": 170
    },
    "2018-03-31": {
        "Diluted EPS": 1.56,
        "Total Revenue": NaN,
        "Gross Profit": 869,
        "Operating Income": 236,
        "EBIT": 296,
        "Net Income": 139
    },
    "2017-12-31": {
        "Diluted EPS": 0.6,
        "Total Revenue": NaN,
        "Gross Profit": 929,
        "Operating Income": 287,
        "EBIT": 336,
        "Net Income": 54
    },
    "2017-09-30": {
        "Diluted EPS": 1.5,
        "Total Revenue": NaN,
        "Gross Profit": 843,
        "Operating Income": 235,
        "EBIT": 283,
        "Net Income": 134
    },
    "2017-06-30": {
        "Diluted EPS": 1.11,
        "Total Revenue": NaN,
        "Gross Profit": 824,
        "Operating Income": 230,
        "EBIT": 278,
        "Net Income": 100
    },
    "2017-03-31": {
        "Diluted EPS": 1.27,
        "Total Revenue": NaN,
        "Gross Profit": 761,
        "Operating Income": 193,
        "EBIT": 242,
        "Net Income": 115
    },
    "2016-12-31": {
        "Diluted EPS": 1.81,
        "Total Revenue": NaN,
        "Gross Profit": 823,
        "Operating Income": 273,
        "EBIT": 321,
        "Net Income": 165
    },
    "2016-09-30": {
        "Diluted EPS": 1.28,
        "Total Revenue": NaN,
        "Gross Profit": 773,
        "Operating Income": 199,
        "EBIT": 249,
        "Net Income": 118
    },
    "2016-06-30": {
        "Diluted EPS": 1.45,
        "Total Revenue": NaN,
        "Gross Profit": 799,
        "Operating Income": 224,
        "EBIT": 274,
        "Net Income": 134
    },
    "2016-03-31": {
        "Diluted EPS": 1.14,
        "Total Revenue": NaN,
        "Gross Profit": 749,
        "Operating Income": 181,
        "EBIT": 231,
        "Net Income": 106
    },
    "2015-12-31": {
        "Diluted EPS": 1.68,
        "Total Revenue": NaN,
        "Gross Profit": 839,
        "Operating Income": 254,
        "EBIT": 306,
        "Net Income": 158
    },
    "2015-09-30": {
        "Diluted EPS": 1.15,
        "Total Revenue": NaN,
        "Gross Profit": 742,
        "Operating Income": 186,
        "EBIT": 239,
        "Net Income": 109
    },
    "2015-06-30": {
        "Diluted EPS": 1.28,
        "Total Revenue": NaN,
        "Gross Profit": 769,
        "Operating Income": 207,
        "EBIT": 259,
        "Net Income": 124
    },
    "2015-03-31": {
        "Diluted EPS": 1.09,
        "Total Revenue": NaN,
        "Gross Profit": 685,
        "Operating Income": 177,
        "EBIT": 225,
        "Net Income": 106
    },
    "2014-12-31": {
        "Diluted EPS": 1.18,
        "Total Revenue": NaN,
        "Gross Profit": 816,
        "Operating Income": 176,
        "EBIT": 228,
        "Net Income": 116
    },
    "2014-09-30": {
        "Diluted EPS": 1.47,
        "Total Revenue": NaN,
        "Gross Profit": 729,
        "Operating Income": 200,
        "EBIT": 250,
        "Net Income": 147
    },
    "2014-06-30": {
        "Diluted EPS": 1.27,
        "Total Revenue": NaN,
        "Gross Profit": 748,
        "Operating Income": 208,
        "EBIT": 258,
        "Net Income": 128
    },
    "2014-03-31": {
        "Diluted EPS": 1.06,
        "Total Revenue": NaN,
        "Gross Profit": 704,
        "Operating Income": 178,
        "EBIT": 224,
        "Net Income": 107
    },
    "2013-12-31": {
        "Diluted EPS": 1.32,
        "Total Revenue": NaN,
        "Gross Profit": 788,
        "Operating Income": 237,
        "EBIT": 285,
        "Net Income": 135
    },
    "2013-09-30": {
        "Diluted EPS": 0.95,
        "Total Revenue": NaN,
        "Gross Profit": 672,
        "Operating Income": 163,
        "EBIT": 207,
        "Net Income": 97
    },
    "2013-06-30": {
        "Diluted EPS": 0.86,
        "Total Revenue": NaN,
        "Gross Profit": 690,
        "Operating Income": 156,
        "EBIT": 195,
        "Net Income": 90
    },
    "2013-03-31": {
        "Diluted EPS": 0.72,
        "Total Revenue": NaN,
        "Gross Profit": 642,
        "Operating Income": 138,
        "EBIT": 175,
        "Net Income": 78
    },
    "2012-12-31": {
        "Diluted EPS": 1.6,
        "Total Revenue": NaN,
        "Gross Profit": 707,
        "Operating Income": 264,
        "EBIT": 304,
        "Net Income": 175
    },
    "2012-09-30": {
        "Diluted EPS": 0.94,
        "Total Revenue": NaN,
        "Gross Profit": 663,
        "Operating Income": 164,
        "EBIT": 202,
        "Net Income": 104
    },
    "2012-06-30": {
        "Diluted EPS": 1.02,
        "Total Revenue": NaN,
        "Gross Profit": 687,
        "Operating Income": 189,
        "EBIT": 224,
        "Net Income": 114
    },
    "2012-03-31": {
        "Diluted EPS": 1.0,
        "Total Revenue": NaN,
        "Gross Profit": 681,
        "Operating Income": 187,
        "EBIT": 224,
        "Net Income": 114
    },
    "2011-12-31": {
        "Diluted EPS": 1.53,
        "Total Revenue": NaN,
        "Gross Profit": 745,
        "Operating Income": 232,
        "EBIT": 270,
        "Net Income": 174
    },
    "2011-09-30": {
        "Diluted EPS": 1.15,
        "Total Revenue": NaN,
        "Gross Profit": 711,
        "Operating Income": 209,
        "EBIT": 244,
        "Net Income": 132
    },
    "2011-06-30": {
        "Diluted EPS": 1.33,
        "Total Revenue": NaN,
        "Gross Profit": 770,
        "Operating Income": 248,
        "EBIT": 285,
        "Net Income": 156
    },
    "2011-03-31": {
        "Diluted EPS": 1.16,
        "Total Revenue": NaN,
        "Gross Profit": 723,
        "Operating Income": 219,
        "EBIT": 252,
        "Net Income": 136
    },
    "2010-12-31": {
        "Diluted EPS": 1.34,
        "Total Revenue": NaN,
        "Gross Profit": 683,
        "Operating Income": 232,
        "EBIT": 262,
        "Net Income": 158
    },
    "2010-09-30": {
        "Diluted EPS": 1.0,
        "Total Revenue": NaN,
        "Gross Profit": 609,
        "Operating Income": 185,
        "EBIT": 212,
        "Net Income": 119
    },
    "2010-06-30": {
        "Diluted EPS": 0.96,
        "Total Revenue": NaN,
        "Gross Profit": 588,
        "Operating Income": 189,
        "EBIT": 216,
        "Net Income": 116
    },
    "2010-03-31": {
        "Diluted EPS": 0.71,
        "Total Revenue": NaN,
        "Gross Profit": 538,
        "Operating Income": 145,
        "EBIT": 173,
        "Net Income": 87
    },
    "2009-12-31": {
        "Diluted EPS": 0.53,
        "Total Revenue": NaN,
        "Gross Profit": 497,
        "Operating Income": 115,
        "EBIT": 144,
        "Net Income": 63
    },
    "2009-09-30": {
        "Diluted EPS": 0.1,
        "Total Revenue": NaN,
        "Gross Profit": 421,
        "Operating Income": 45,
        "EBIT": 69,
        "Net Income": 13
    },
    "2009-06-30": {
        "Diluted EPS": 0.18,
        "Total Revenue": NaN,
        "Gross Profit": 402,
        "Operating Income": 51,
        "EBIT": 76,
        "Net Income": 21
    },
    "2009-03-31": {
        "Diluted EPS": 0.22,
        "Total Revenue": NaN,
        "Gross Profit": 431,
        "Operating Income": 61,
        "EBIT": 84,
        "Net Income": 27
    }
}