{
    "2023-03-31": {
        "Tax Effect Of Unusual Items": NaN,
        "Tax Rate For Calcs": NaN,
        "Normalized EBITDA": NaN,
        "Net Income From Continuing Operation Net Minority Interest": NaN,
        "Reconciled Depreciation": NaN,
        "EBITDA": NaN,
        "EBIT": NaN,
        "Net Interest Income": NaN,
        "Interest Expense": NaN,
        "Interest Income": NaN,
        "Normalized Income": NaN,
        "Net Income From Continuing And Discontinued Operation": NaN,
        "Total Expenses": NaN,
        "Total Operating Income As Reported": NaN,
        "Diluted Average Shares": 108143000.0,
        "Basic Average Shares": 106757000.0,
        "Diluted EPS": 0.45,
        "Basic EPS": 0.46,
        "Diluted NI Availto Com Stockholders": NaN,
        "Net Income Common Stockholders": NaN,
        "Net Income": NaN,
        "Minority Interests": NaN,
        "Net Income Including Noncontrolling Interests": NaN,
        "Net Income Continuous Operations": NaN,
        "Tax Provision": NaN,
        "Pretax Income": NaN,
        "Other Income Expense": NaN,
        "Other Non Operating Income Expenses": NaN,
        "Net Non Operating Interest Income Expense": NaN,
        "Interest Expense Non Operating": NaN,
        "Interest Income Non Operating": NaN,
        "Operating Income": NaN,
        "Operating Expense": NaN,
        "Depreciation Amortization Depletion Income Statement": NaN,
        "Depreciation And Amortization In Income Statement": NaN,
        "Research And Development": NaN,
        "Selling General And Administration": NaN,
        "General And Administrative Expense": NaN,
        "Other Gand A": NaN,
        "Salaries And Wages": NaN,
        "Total Revenue": NaN,
        "Operating Revenue": NaN
    },
    "2022-12-31": {
        "Tax Effect Of Unusual Items": NaN,
        "Tax Rate For Calcs": NaN,
        "Normalized EBITDA": NaN,
        "Net Income From Continuing Operation Net Minority Interest": NaN,
        "Reconciled Depreciation": NaN,
        "EBITDA": NaN,
        "EBIT": NaN,
        "Net Interest Income": NaN,
        "Interest Expense": NaN,
        "Interest Income": NaN,
        "Normalized Income": NaN,
        "Net Income From Continuing And Discontinued Operation": NaN,
        "Total Expenses": NaN,
        "Total Operating Income As Reported": NaN,
        "Diluted Average Shares": NaN,
        "Basic Average Shares": NaN,
        "Diluted EPS": NaN,
        "Basic EPS": NaN,
        "Diluted NI Availto Com Stockholders": NaN,
        "Net Income Common Stockholders": NaN,
        "Net Income": NaN,
        "Minority Interests": NaN,
        "Net Income Including Noncontrolling Interests": NaN,
        "Net Income Continuous Operations": NaN,
        "Tax Provision": NaN,
        "Pretax Income": NaN,
        "Other Income Expense": NaN,
        "Other Non Operating Income Expenses": NaN,
        "Net Non Operating Interest Income Expense": NaN,
        "Total Other Finance Cost": 167000.0,
        "Interest Expense Non Operating": NaN,
        "Interest Income Non Operating": NaN,
        "Operating Income": NaN,
        "Operating Expense": NaN,
        "Depreciation Amortization Depletion Income Statement": NaN,
        "Depreciation And Amortization In Income Statement": NaN,
        "Research And Development": NaN,
        "Selling General And Administration": NaN,
        "General And Administrative Expense": NaN,
        "Other Gand A": NaN,
        "Salaries And Wages": NaN,
        "Total Revenue": NaN,
        "Operating Revenue": NaN
    },
    "2022-09-30": {
        "Tax Effect Of Unusual Items": NaN,
        "Tax Rate For Calcs": NaN,
        "Normalized EBITDA": NaN,
        "Net Income From Continuing Operation Net Minority Interest": NaN,
        "Reconciled Depreciation": NaN,
        "EBITDA": NaN,
        "EBIT": NaN,
        "Net Interest Income": NaN,
        "Interest Expense": NaN,
        "Interest Income": NaN,
        "Normalized Income": NaN,
        "Net Income From Continuing And Discontinued Operation": NaN,
        "Total Expenses": NaN,
        "Total Operating Income As Reported": NaN,
        "Diluted Average Shares": NaN,
        "Basic Average Shares": NaN,
        "Diluted EPS": NaN,
        "Basic EPS": NaN,
        "Diluted NI Availto Com Stockholders": NaN,
        "Net Income Common Stockholders": NaN,
        "Net Income": NaN,
        "Minority Interests": NaN,
        "Net Income Including Noncontrolling Interests": NaN,
        "Net Income Continuous Operations": NaN,
        "Tax Provision": NaN,
        "Pretax Income": NaN,
        "Other Income Expense": NaN,
        "Other Non Operating Income Expenses": NaN,
        "Net Non Operating Interest Income Expense": NaN,
        "Total Other Finance Cost": -1583000.0,
        "Interest Expense Non Operating": NaN,
        "Interest Income Non Operating": NaN,
        "Operating Income": NaN,
        "Operating Expense": NaN,
        "Depreciation Amortization Depletion Income Statement": NaN,
        "Depreciation And Amortization In Income Statement": NaN,
        "Research And Development": NaN,
        "Selling General And Administration": NaN,
        "General And Administrative Expense": NaN,
        "Other Gand A": NaN,
        "Salaries And Wages": NaN,
        "Total Revenue": NaN,
        "Operating Revenue": NaN
    },
    "2022-06-30": {
        "Tax Effect Of Unusual Items": 0.0,
        "Tax Rate For Calcs": 0.0,
        "Normalized EBITDA": -70315000.0,
        "Net Income From Continuing Operation Net Minority Interest": -72046000.0,
        "Reconciled Depreciation": 2594000.0,
        "EBITDA": -70315000.0,
        "EBIT": -72909000.0,
        "Net Interest Income": 1240000.0,
        "Interest Expense": NaN,
        "Interest Income": NaN,
        "Normalized Income": -72046000.0,
        "Net Income From Continuing And Discontinued Operation": -72046000.0,
        "Total Expenses": 105321000.0,
        "Total Operating Income As Reported": -72909000.0,
        "Diluted Average Shares": 105753000.0,
        "Basic Average Shares": 105753000.0,
        "Diluted EPS": -0.68,
        "Basic EPS": -0.68,
        "Diluted NI Availto Com Stockholders": -72046000.0,
        "Net Income Common Stockholders": -72046000.0,
        "Net Income": -72046000.0,
        "Minority Interests": NaN,
        "Net Income Including Noncontrolling Interests": -72046000.0,
        "Net Income Continuous Operations": -72046000.0,
        "Tax Provision": 0.0,
        "Pretax Income": -72046000.0,
        "Other Income Expense": -377000.0,
        "Other Non Operating Income Expenses": -377000.0,
        "Net Non Operating Interest Income Expense": 1240000.0,
        "Total Other Finance Cost": -1240000.0,
        "Interest Expense Non Operating": NaN,
        "Interest Income Non Operating": NaN,
        "Operating Income": -72909000.0,
        "Operating Expense": 105321000.0,
        "Depreciation Amortization Depletion Income Statement": 403000.0,
        "Depreciation And Amortization In Income Statement": 403000.0,
        "Research And Development": 72180000.0,
        "Selling General And Administration": 32738000.0,
        "General And Administrative Expense": 32738000.0,
        "Other Gand A": 4271000.0,
        "Salaries And Wages": 28467000.0,
        "Total Revenue": 32412000.0,
        "Operating Revenue": 32412000.0
    },
    "2022-03-31": {
        "Diluted EPS": 0.41,
        "Total Revenue": 152,
        "Gross Profit": 152,
        "Operating Income": 42,
        "EBIT": 45,
        "Net Income": 44
    },
    "2021-12-31": {
        "Diluted EPS": -0.6,
        "Total Revenue": 27,
        "Gross Profit": 27,
        "Operating Income": -63,
        "EBIT": -61,
        "Net Income": -63
    },
    "2021-09-30": {
        "Diluted EPS": -0.61,
        "Total Revenue": 38,
        "Gross Profit": 38,
        "Operating Income": -65,
        "EBIT": -62,
        "Net Income": -63
    },
    "2021-06-30": {
        "Diluted EPS": -0.29,
        "Total Revenue": 46,
        "Gross Profit": 46,
        "Operating Income": -32,
        "EBIT": -30,
        "Net Income": -30
    },
    "2021-03-31": {
        "Diluted EPS": -0.26,
        "Total Revenue": 33,
        "Gross Profit": 33,
        "Operating Income": -28,
        "EBIT": -26,
        "Net Income": -27
    },
    "2020-12-31": {
        "Diluted EPS": -0.2,
        "Total Revenue": 21,
        "Gross Profit": 21,
        "Operating Income": -24,
        "EBIT": -23,
        "Net Income": -21
    },
    "2020-09-30": {
        "Diluted EPS": -0.48,
        "Total Revenue": 8,
        "Gross Profit": 8,
        "Operating Income": -50,
        "EBIT": -48,
        "Net Income": -48
    },
    "2020-06-30": {
        "Diluted EPS": -0.13,
        "Total Revenue": 27,
        "Gross Profit": 27,
        "Operating Income": -16,
        "EBIT": -14,
        "Net Income": -14
    },
    "2020-03-31": {
        "Diluted EPS": -0.2,
        "Total Revenue": 24,
        "Gross Profit": 24,
        "Operating Income": -22,
        "EBIT": -21,
        "Net Income": -20
    },
    "2019-12-31": {
        "Diluted EPS": -0.03,
        "Total Revenue": 29,
        "Gross Profit": 29,
        "Operating Income": -5,
        "EBIT": -3,
        "Net Income": -3
    },
    "2019-09-30": {
        "Diluted EPS": 0.11,
        "Total Revenue": 43,
        "Gross Profit": 43,
        "Operating Income": 10,
        "EBIT": 11,
        "Net Income": 12
    },
    "2019-06-30": {
        "Diluted EPS": 0.21,
        "Total Revenue": 43,
        "Gross Profit": 43,
        "Operating Income": 19,
        "EBIT": 20,
        "Net Income": 20
    },
    "2019-03-31": {
        "Diluted EPS": 0.24,
        "Total Revenue": 48,
        "Gross Profit": 48,
        "Operating Income": 22,
        "EBIT": 24,
        "Net Income": 24
    },
    "2018-12-31": {
        "Diluted EPS": 0.13,
        "Total Revenue": 35,
        "Gross Profit": 35,
        "Operating Income": 11,
        "EBIT": 12,
        "Net Income": 12
    },
    "2018-09-30": {
        "Diluted EPS": -0.11,
        "Total Revenue": 11,
        "Gross Profit": 11,
        "Operating Income": -11,
        "EBIT": -10,
        "Net Income": -11
    },
    "2018-06-30": {
        "Diluted EPS": -0.18,
        "Total Revenue": 1,
        "Gross Profit": 1,
        "Operating Income": -16,
        "EBIT": -15,
        "Net Income": -16
    },
    "2018-03-31": {
        "Diluted EPS": -0.18,
        "Total Revenue": 1,
        "Gross Profit": 1,
        "Operating Income": -15,
        "EBIT": -14,
        "Net Income": -15
    },
    "2017-12-31": {
        "Diluted EPS": -0.18,
        "Total Revenue": 4,
        "Gross Profit": 4,
        "Operating Income": -14,
        "EBIT": -13,
        "Net Income": -13
    },
    "2017-09-30": {
        "Diluted EPS": -0.15,
        "Total Revenue": 9,
        "Gross Profit": 9,
        "Operating Income": -10,
        "EBIT": -9,
        "Net Income": -11
    },
    "2017-06-30": {
        "Diluted EPS": -0.07,
        "Total Revenue": 9,
        "Gross Profit": 9,
        "Operating Income": -6,
        "EBIT": -5,
        "Net Income": -6
    },
    "2017-03-31": {
        "Diluted EPS": -0.08,
        "Total Revenue": 9,
        "Gross Profit": 9,
        "Operating Income": -6,
        "EBIT": -5,
        "Net Income": -6
    },
    "2016-12-31": {
        "Diluted EPS": -0.17,
        "Total Revenue": 4,
        "Gross Profit": 4,
        "Operating Income": -15,
        "EBIT": -14,
        "Net Income": -12
    },
    "2016-09-30": {
        "Diluted EPS": -0.35,
        "Total Revenue": 0,
        "Gross Profit": 0,
        "Operating Income": -22,
        "EBIT": -21,
        "Net Income": -22
    },
    "2016-06-30": {
        "Diluted EPS": -0.32,
        "Total Revenue": 0,
        "Gross Profit": 0,
        "Operating Income": -19,
        "EBIT": -19,
        "Net Income": -19
    },
    "2016-03-31": {
        "Diluted EPS": -0.35,
        "Total Revenue": 0,
        "Gross Profit": 0,
        "Operating Income": -21,
        "EBIT": -20,
        "Net Income": -21
    },
    "2015-12-31": {
        "Diluted EPS": -0.32,
        "Total Revenue": 0,
        "Gross Profit": 0,
        "Operating Income": -19,
        "EBIT": -18,
        "Net Income": -19
    },
    "2015-09-30": {
        "Diluted EPS": -0.41,
        "Total Revenue": 0,
        "Gross Profit": 0,
        "Operating Income": -25,
        "EBIT": -24,
        "Net Income": -25
    },
    "2015-06-30": {
        "Diluted EPS": -0.27,
        "Total Revenue": 0,
        "Gross Profit": 0,
        "Operating Income": -16,
        "EBIT": -15,
        "Net Income": -16
    },
    "2015-03-31": {
        "Diluted EPS": -0.51,
        "Total Revenue": 0,
        "Gross Profit": 0,
        "Operating Income": -30,
        "EBIT": -29,
        "Net Income": -29
    },
    "2014-12-31": {
        "Diluted EPS": -0.41,
        "Total Revenue": 0,
        "Gross Profit": 0,
        "Operating Income": -25,
        "EBIT": -24,
        "Net Income": -23
    },
    "2014-09-30": {
        "Diluted EPS": -0.44,
        "Total Revenue": 0,
        "Gross Profit": 0,
        "Operating Income": -22,
        "EBIT": -22,
        "Net Income": -22
    },
    "2014-06-30": {
        "Diluted EPS": -0.22,
        "Total Revenue": 0,
        "Gross Profit": 0,
        "Operating Income": -13,
        "EBIT": -12,
        "Net Income": -12
    },
    "2014-03-31": {
        "Diluted EPS": -0.31,
        "Total Revenue": 0,
        "Gross Profit": 0,
        "Operating Income": -11,
        "EBIT": -11,
        "Net Income": -14
    },
    "2013-12-31": {
        "Diluted EPS": -0.28,
        "Total Revenue": 0,
        "Gross Profit": 0,
        "Operating Income": -7,
        "EBIT": -7,
        "Net Income": -11
    },
    "2013-09-30": {
        "Diluted EPS": -0.33,
        "Total Revenue": 0,
        "Gross Profit": 0,
        "Operating Income": -8,
        "EBIT": -8,
        "Net Income": -14
    },
    "2013-06-30": {
        "Diluted EPS": -0.23,
        "Total Revenue": 0,
        "Gross Profit": 0,
        "Operating Income": -6,
        "EBIT": -6,
        "Net Income": -6
    },
    "2013-03-31": {
        "Diluted EPS": -0.41,
        "Total Revenue": 0,
        "Gross Profit": 0,
        "Operating Income": -5,
        "EBIT": -5,
        "Net Income": -7
    },
    "2012-12-31": {
        "Diluted EPS": -0.33,
        "Total Revenue": 0,
        "Gross Profit": 0,
        "Operating Income": -5,
        "EBIT": -4,
        "Net Income": -5
    },
    "2012-09-30": {
        "Diluted EPS": -0.44,
        "Total Revenue": 0,
        "Gross Profit": 0,
        "Operating Income": -5,
        "EBIT": -5,
        "Net Income": -5
    },
    "2012-06-30": {
        "Diluted EPS": -0.71,
        "Total Revenue": 0,
        "Gross Profit": 0,
        "Operating Income": -7,
        "EBIT": -6,
        "Net Income": -8
    },
    "2012-03-31": {
        "Diluted EPS": -0.5,
        "Total Revenue": 0,
        "Gross Profit": 0,
        "Operating Income": -5,
        "EBIT": -4,
        "Net Income": -5
    },
    "2011-12-31": {
        "Diluted EPS": -0.25,
        "Total Revenue": 0,
        "Gross Profit": 0,
        "Operating Income": -4,
        "EBIT": -4,
        "Net Income": -2
    },
    "2011-09-30": {
        "Diluted EPS": -0.36,
        "Total Revenue": NaN,
        "Gross Profit": NaN,
        "Operating Income": -3,
        "EBIT": -3,
        "Net Income": -3
    },
    "2011-06-30": {
        "Diluted EPS": -0.25,
        "Total Revenue": NaN,
        "Gross Profit": NaN,
        "Operating Income": -2,
        "EBIT": -2,
        "Net Income": -2
    },
    "2011-03-31": {
        "Diluted EPS": 0.37,
        "Total Revenue": NaN,
        "Gross Profit": NaN,
        "Operating Income": -2,
        "EBIT": -2,
        "Net Income": 3
    },
    "2010-12-31": {
        "Diluted EPS": -0.2,
        "Total Revenue": 0,
        "Gross Profit": 0,
        "Operating Income": -3,
        "EBIT": -3,
        "Net Income": -1
    },
    "2010-09-30": {
        "Diluted EPS": -0.2,
        "Total Revenue": NaN,
        "Gross Profit": NaN,
        "Operating Income": -1,
        "EBIT": -1,
        "Net Income": -2
    },
    "2010-06-30": {
        "Diluted EPS": -0.1,
        "Total Revenue": NaN,
        "Gross Profit": NaN,
        "Operating Income": -1,
        "EBIT": -1,
        "Net Income": 0
    },
    "2010-03-31": {
        "Diluted EPS": -0.3,
        "Total Revenue": NaN,
        "Gross Profit": NaN,
        "Operating Income": -1,
        "EBIT": -1,
        "Net Income": -2
    },
    "2009-12-31": {
        "Diluted EPS": -0.3,
        "Total Revenue": 0,
        "Gross Profit": 0,
        "Operating Income": -2,
        "EBIT": -2,
        "Net Income": -2
    },
    "2009-09-30": {
        "Diluted EPS": -0.6,
        "Total Revenue": 0,
        "Gross Profit": 0,
        "Operating Income": -3,
        "EBIT": -3,
        "Net Income": -3
    },
    "2009-06-30": {
        "Diluted EPS": -0.6,
        "Total Revenue": 3,
        "Gross Profit": 3,
        "Operating Income": -2,
        "EBIT": -2,
        "Net Income": -3
    },
    "2009-03-31": {
        "Diluted EPS": -1.2,
        "Total Revenue": 0,
        "Gross Profit": 0,
        "Operating Income": -5,
        "EBIT": -5,
        "Net Income": -5
    },
    "2023-06-30": {
        "Tax Effect Of Unusual Items": NaN,
        "Tax Rate For Calcs": NaN,
        "Normalized EBITDA": NaN,
        "Net Income From Continuing Operation Net Minority Interest": NaN,
        "Reconciled Depreciation": NaN,
        "EBITDA": NaN,
        "EBIT": NaN,
        "Net Interest Income": NaN,
        "Interest Expense": NaN,
        "Interest Income": NaN,
        "Normalized Income": NaN,
        "Net Income From Continuing And Discontinued Operation": NaN,
        "Total Expenses": NaN,
        "Total Operating Income As Reported": NaN,
        "Diluted Average Shares": 107004000.0,
        "Basic Average Shares": 107004000.0,
        "Diluted EPS": -0.96,
        "Basic EPS": -0.96,
        "Diluted NI Availto Com Stockholders": NaN,
        "Net Income Common Stockholders": NaN,
        "Net Income": NaN,
        "Minority Interests": NaN,
        "Net Income Including Noncontrolling Interests": NaN,
        "Net Income Continuous Operations": NaN,
        "Tax Provision": NaN,
        "Pretax Income": NaN,
        "Other Income Expense": NaN,
        "Other Non Operating Income Expenses": NaN,
        "Net Non Operating Interest Income Expense": NaN,
        "Interest Expense Non Operating": NaN,
        "Interest Income Non Operating": NaN,
        "Operating Income": NaN,
        "Operating Expense": NaN,
        "Depreciation Amortization Depletion Income Statement": NaN,
        "Depreciation And Amortization In Income Statement": NaN,
        "Research And Development": NaN,
        "Selling General And Administration": NaN,
        "General And Administrative Expense": NaN,
        "Other Gand A": NaN,
        "Salaries And Wages": NaN,
        "Total Revenue": NaN,
        "Operating Revenue": NaN
    },
    "2023-09-30": {
        "Tax Effect Of Unusual Items": 0.0,
        "Tax Rate For Calcs": 0.21,
        "Normalized EBITDA": -99869000.0,
        "Net Income From Continuing Operation Net Minority Interest": -109679000.0,
        "Reconciled Depreciation": 3859000.0,
        "EBITDA": -99869000.0,
        "EBIT": -103728000.0,
        "Net Interest Income": -1377000.0,
        "Interest Expense": 5262000.0,
        "Interest Income": 3885000.0,
        "Normalized Income": -109679000.0,
        "Net Income From Continuing And Discontinued Operation": -109679000.0,
        "Total Expenses": 124427000.0,
        "Total Operating Income As Reported": -108330000.0,
        "Diluted Average Shares": NaN,
        "Basic Average Shares": NaN,
        "Diluted EPS": NaN,
        "Basic EPS": NaN,
        "Diluted NI Availto Com Stockholders": -109679000.0,
        "Net Income Common Stockholders": -109679000.0,
        "Net Income": -109679000.0,
        "Minority Interests": 1336000.0,
        "Net Income Including Noncontrolling Interests": -111015000.0,
        "Net Income Continuous Operations": -111015000.0,
        "Tax Provision": 2025000.0,
        "Pretax Income": -108990000.0,
        "Other Income Expense": 717000.0,
        "Other Non Operating Income Expenses": 717000.0,
        "Net Non Operating Interest Income Expense": -1377000.0,
        "Interest Expense Non Operating": 5262000.0,
        "Interest Income Non Operating": 3885000.0,
        "Operating Income": -108330000.0,
        "Operating Expense": 124427000.0,
        "Depreciation Amortization Depletion Income Statement": 405000.0,
        "Depreciation And Amortization In Income Statement": 405000.0,
        "Research And Development": 99855000.0,
        "Selling General And Administration": 24167000.0,
        "General And Administrative Expense": 24167000.0,
        "Other Gand A": 5465000.0,
        "Salaries And Wages": 18702000.0,
        "Total Revenue": 16097000.0,
        "Operating Revenue": 16097000.0
    },
    "2023-12-31": {
        "Tax Effect Of Unusual Items": 0.0,
        "Tax Rate For Calcs": 0.023888,
        "Normalized EBITDA": -129059000.0,
        "Net Income From Continuing Operation Net Minority Interest": -132864000.0,
        "Reconciled Depreciation": 4263000.0,
        "EBITDA": -129059000.0,
        "EBIT": -133322000.0,
        "Net Interest Income": -2565000.0,
        "Interest Expense": 5367000.0,
        "Interest Income": 2802000.0,
        "Normalized Income": -132864000.0,
        "Net Income From Continuing And Discontinued Operation": -132864000.0,
        "Total Expenses": 140096000.0,
        "Total Operating Income As Reported": -136545000.0,
        "Diluted Average Shares": 107415000.0,
        "Basic Average Shares": 107415000.0,
        "Diluted EPS": -1.24,
        "Basic EPS": -1.24,
        "Diluted NI Availto Com Stockholders": -132864000.0,
        "Net Income Common Stockholders": -132864000.0,
        "Net Income": -132864000.0,
        "Minority Interests": 2512000.0,
        "Net Income Including Noncontrolling Interests": -135376000.0,
        "Net Income Continuous Operations": -135376000.0,
        "Tax Provision": -3313000.0,
        "Pretax Income": -138689000.0,
        "Other Income Expense": 421000.0,
        "Other Non Operating Income Expenses": 421000.0,
        "Net Non Operating Interest Income Expense": -2565000.0,
        "Interest Expense Non Operating": 5367000.0,
        "Interest Income Non Operating": 2802000.0,
        "Operating Income": -136545000.0,
        "Operating Expense": 140096000.0,
        "Depreciation Amortization Depletion Income Statement": 412000.0,
        "Depreciation And Amortization In Income Statement": 412000.0,
        "Research And Development": 116491000.0,
        "Selling General And Administration": 23193000.0,
        "General And Administrative Expense": 23193000.0,
        "Other Gand A": 6247000.0,
        "Salaries And Wages": 16946000.0,
        "Total Revenue": 3551000.0,
        "Operating Revenue": 3551000.0
    },
    "2024-03-31": {
        "Tax Effect Of Unusual Items": 0.0,
        "Tax Rate For Calcs": 0.0,
        "Normalized EBITDA": -115227000.0,
        "Net Income From Continuing Operation Net Minority Interest": -125300000.0,
        "Reconciled Depreciation": 4525000.0,
        "EBITDA": -115227000.0,
        "EBIT": -119752000.0,
        "Net Interest Income": -994000.0,
        "Interest Expense": 7244000.0,
        "Interest Income": 6250000.0,
        "Normalized Income": -125300000.0,
        "Net Income From Continuing And Discontinued Operation": -125300000.0,
        "Total Expenses": 126191000.0,
        "Total Operating Income As Reported": -126191000.0,
        "Diluted Average Shares": 123285000.0,
        "Basic Average Shares": 123285000.0,
        "Diluted EPS": -1.02,
        "Basic EPS": -1.02,
        "Diluted NI Availto Com Stockholders": -125300000.0,
        "Net Income Common Stockholders": -125300000.0,
        "Net Income": -125300000.0,
        "Minority Interests": 1696000.0,
        "Net Income Including Noncontrolling Interests": -126996000.0,
        "Net Income Continuous Operations": -126996000.0,
        "Tax Provision": 0.0,
        "Pretax Income": -126996000.0,
        "Other Income Expense": 189000.0,
        "Other Non Operating Income Expenses": 189000.0,
        "Net Non Operating Interest Income Expense": -994000.0,
        "Interest Expense Non Operating": 7244000.0,
        "Interest Income Non Operating": 6250000.0,
        "Operating Income": -126191000.0,
        "Operating Expense": 126191000.0,
        "Depreciation Amortization Depletion Income Statement": 425000.0,
        "Depreciation And Amortization In Income Statement": 425000.0,
        "Research And Development": 101122000.0,
        "Selling General And Administration": 24644000.0,
        "General And Administrative Expense": 24644000.0,
        "Other Gand A": 7293000.0,
        "Salaries And Wages": 17351000.0,
        "Total Revenue": 0.0,
        "Operating Revenue": 0.0
    },
    "2024-06-30": {
        "Tax Effect Of Unusual Items": 0.0,
        "Tax Rate For Calcs": 0.0,
        "Normalized EBITDA": -164101000.0,
        "Net Income From Continuing Operation Net Minority Interest": -170793000.0,
        "Reconciled Depreciation": 4782000.0,
        "EBITDA": -164101000.0,
        "EBIT": -168883000.0,
        "Net Interest Income": 1404000.0,
        "Interest Expense": 5094000.0,
        "Interest Income": 6498000.0,
        "Normalized Income": -170793000.0,
        "Net Income From Continuing And Discontinued Operation": -170793000.0,
        "Total Expenses": 176141000.0,
        "Total Operating Income As Reported": -176141000.0,
        "Diluted Average Shares": 124199000.0,
        "Basic Average Shares": 124199000.0,
        "Diluted EPS": -1.38,
        "Basic EPS": -1.38,
        "Diluted NI Availto Com Stockholders": -170793000.0,
        "Net Income Common Stockholders": -170793000.0,
        "Net Income": -170793000.0,
        "Minority Interests": 3184000.0,
        "Net Income Including Noncontrolling Interests": -173977000.0,
        "Net Income Continuous Operations": -173977000.0,
        "Tax Provision": 0.0,
        "Pretax Income": -173977000.0,
        "Other Income Expense": 760000.0,
        "Other Non Operating Income Expenses": 760000.0,
        "Net Non Operating Interest Income Expense": 1404000.0,
        "Interest Expense Non Operating": 5094000.0,
        "Interest Income Non Operating": 6498000.0,
        "Operating Income": -176141000.0,
        "Operating Expense": 176141000.0,
        "Depreciation Amortization Depletion Income Statement": 513000.0,
        "Depreciation And Amortization In Income Statement": 513000.0,
        "Research And Development": 152431000.0,
        "Selling General And Administration": 23197000.0,
        "General And Administrative Expense": 23197000.0,
        "Other Gand A": 6648000.0,
        "Salaries And Wages": 16549000.0,
        "Total Revenue": 0.0,
        "Operating Revenue": 0.0
    },
    "2024-09-30": {
        "Tax Effect Of Unusual Items": 0.0,
        "Tax Rate For Calcs": 0.21,
        "Normalized EBITDA": -153126000.0,
        "Net Income From Continuing Operation Net Minority Interest": -170536000.0,
        "Reconciled Depreciation": 5025000.0,
        "EBITDA": -153126000.0,
        "EBIT": -158151000.0,
        "Net Interest Income": -7477000.0,
        "Interest Expense": 14647000.0,
        "Interest Income": 7170000.0,
        "Normalized Income": -170536000.0,
        "Net Income From Continuing And Discontinued Operation": -170536000.0,
        "Total Expenses": 162203000.0,
        "Total Operating Income As Reported": -162203000.0,
        "Diluted Average Shares": NaN,
        "Basic Average Shares": NaN,
        "Diluted EPS": NaN,
        "Basic EPS": NaN,
        "Diluted NI Availto Com Stockholders": -170536000.0,
        "Net Income Common Stockholders": -170536000.0,
        "Net Income": -170536000.0,
        "Minority Interests": 2808000.0,
        "Net Income Including Noncontrolling Interests": -173344000.0,
        "Net Income Continuous Operations": -173344000.0,
        "Tax Provision": 546000.0,
        "Pretax Income": -172798000.0,
        "Other Income Expense": -3118000.0,
        "Other Non Operating Income Expenses": -3118000.0,
        "Net Non Operating Interest Income Expense": -7477000.0,
        "Interest Expense Non Operating": 14647000.0,
        "Interest Income Non Operating": 7170000.0,
        "Operating Income": -162203000.0,
        "Operating Expense": 162203000.0,
        "Depreciation Amortization Depletion Income Statement": 591000.0,
        "Depreciation And Amortization In Income Statement": 591000.0,
        "Research And Development": 135826000.0,
        "Selling General And Administration": 25786000.0,
        "General And Administrative Expense": 25786000.0,
        "Other Gand A": 8661000.0,
        "Salaries And Wages": 17125000.0,
        "Total Revenue": 0.0,
        "Operating Revenue": 0.0
    }
}