{
    "2023-12-31": {
        "Tax Effect Of Unusual Items": -861000.0,
        "Tax Rate For Calcs": 0.21,
        "Normalized EBITDA": 124900000.0,
        "Total Unusual Items": -4100000.0,
        "Total Unusual Items Excluding Goodwill": -4100000.0,
        "Net Income From Continuing Operation Net Minority Interest": -93000000.0,
        "Reconciled Depreciation": 62400000.0,
        "Reconciled Cost Of Revenue": 631800000.0,
        "EBITDA": 120800000.0,
        "EBIT": 58400000.0,
        "Net Interest Income": -108200000.0,
        "Interest Expense": 113500000.0,
        "Interest Income": 6000000.0,
        "Normalized Income": -89761000.0,
        "Net Income From Continuing And Discontinued Operation": -93000000.0,
        "Total Expenses": 1258300000.0,
        "Total Operating Income As Reported": 59900000.0,
        "Diluted Average Shares": NaN,
        "Basic Average Shares": NaN,
        "Diluted EPS": NaN,
        "Basic EPS": NaN,
        "Diluted NI Availto Com Stockholders": -93000000.0,
        "Net Income Common Stockholders": -93000000.0,
        "Net Income": -93000000.0,
        "Minority Interests": 1500000.0,
        "Net Income Including Noncontrolling Interests": -94900000.0,
        "Net Income Discontinuous Operations": 0.0,
        "Net Income Continuous Operations": -94900000.0,
        "Tax Provision": 39800000.0,
        "Pretax Income": -55100000.0,
        "Other Income Expense": -4100000.0,
        "Special Income Charges": 2700000.0,
        "Other Special Charges": NaN,
        "Write Off": -2200000.0,
        "Impairment Of Capital Assets": -2200000.0,
        "Gain On Sale Of Security": -6800000.0,
        "Net Non Operating Interest Income Expense": -108200000.0,
        "Total Other Finance Cost": 700000.0,
        "Interest Expense Non Operating": 113500000.0,
        "Interest Income Non Operating": 6000000.0,
        "Operating Income": 56800000.0,
        "Operating Expense": 626500000.0,
        "Other Operating Expenses": -7000000.0,
        "Selling General And Administration": 633500000.0,
        "Selling And Marketing Expense": 424900000.0,
        "General And Administrative Expense": 208600000.0,
        "Other Gand A": 208600000.0,
        "Gross Profit": 683300000.0,
        "Cost Of Revenue": 631800000.0,
        "Total Revenue": 1315000000.0,
        "Operating Revenue": 1315000000.0
    },
    "2023-09-30": {
        "Tax Effect Of Unusual Items": 609000.0,
        "Tax Rate For Calcs": 0.21,
        "Normalized EBITDA": 157300000.0,
        "Total Unusual Items": 2900000.0,
        "Total Unusual Items Excluding Goodwill": 2900000.0,
        "Net Income From Continuing Operation Net Minority Interest": -37700000.0,
        "Reconciled Depreciation": 54100000.0,
        "Reconciled Cost Of Revenue": 564900000.0,
        "EBITDA": 160200000.0,
        "EBIT": 106100000.0,
        "Net Interest Income": -108000000.0,
        "Interest Expense": 109400000.0,
        "Interest Income": 1400000.0,
        "Normalized Income": -39991000.0,
        "Net Income From Continuing And Discontinued Operation": -37700000.0,
        "Total Expenses": 1051300000.0,
        "Total Operating Income As Reported": 104700000.0,
        "Diluted Average Shares": 489499607.0,
        "Basic Average Shares": 489499607.0,
        "Diluted EPS": -0.077017,
        "Basic EPS": -0.077017,
        "Diluted NI Availto Com Stockholders": -37700000.0,
        "Net Income Common Stockholders": -37700000.0,
        "Net Income": -37700000.0,
        "Minority Interests": -1800000.0,
        "Net Income Including Noncontrolling Interests": -35900000.0,
        "Net Income Discontinuous Operations": 0.0,
        "Net Income Continuous Operations": -35900000.0,
        "Tax Provision": 32600000.0,
        "Pretax Income": -3300000.0,
        "Other Income Expense": 2900000.0,
        "Special Income Charges": 2900000.0,
        "Other Special Charges": NaN,
        "Write Off": -2900000.0,
        "Impairment Of Capital Assets": -2900000.0,
        "Gain On Sale Of Security": 300000.0,
        "Net Non Operating Interest Income Expense": -108000000.0,
        "Total Other Finance Cost": 2700000.0,
        "Interest Expense Non Operating": 109400000.0,
        "Interest Income Non Operating": 1400000.0,
        "Operating Income": 101800000.0,
        "Operating Expense": 486400000.0,
        "Other Operating Expenses": -1700000.0,
        "Selling General And Administration": 488100000.0,
        "Selling And Marketing Expense": 334200000.0,
        "General And Administrative Expense": 147100000.0,
        "Other Gand A": 147100000.0,
        "Gross Profit": 588200000.0,
        "Cost Of Revenue": 564900000.0,
        "Total Revenue": 1153100000.0,
        "Operating Revenue": 1153100000.0
    },
    "2023-06-30": {
        "Tax Effect Of Unusual Items": NaN,
        "Tax Rate For Calcs": NaN,
        "Normalized EBITDA": NaN,
        "Total Unusual Items": NaN,
        "Total Unusual Items Excluding Goodwill": NaN,
        "Net Income From Continuing Operation Net Minority Interest": NaN,
        "Reconciled Depreciation": 52400000.0,
        "Reconciled Cost Of Revenue": NaN,
        "EBITDA": NaN,
        "EBIT": NaN,
        "Net Interest Income": NaN,
        "Interest Expense": NaN,
        "Interest Income": NaN,
        "Normalized Income": NaN,
        "Net Income From Continuing And Discontinued Operation": NaN,
        "Total Expenses": NaN,
        "Total Operating Income As Reported": NaN,
        "Diluted Average Shares": 489499607.0,
        "Basic Average Shares": 489499607.0,
        "Diluted EPS": -0.197957,
        "Basic EPS": -0.197957,
        "Diluted NI Availto Com Stockholders": NaN,
        "Net Income Common Stockholders": NaN,
        "Net Income": NaN,
        "Minority Interests": NaN,
        "Net Income Including Noncontrolling Interests": NaN,
        "Net Income Discontinuous Operations": 0.0,
        "Net Income Continuous Operations": NaN,
        "Tax Provision": NaN,
        "Pretax Income": NaN,
        "Other Income Expense": -4700000.0,
        "Special Income Charges": NaN,
        "Other Special Charges": NaN,
        "Write Off": NaN,
        "Impairment Of Capital Assets": 4700000.0,
        "Gain On Sale Of Security": -1300000.0,
        "Net Non Operating Interest Income Expense": NaN,
        "Total Other Finance Cost": 2200000.0,
        "Interest Expense Non Operating": NaN,
        "Interest Income Non Operating": NaN,
        "Operating Income": NaN,
        "Operating Expense": NaN,
        "Other Operating Expenses": NaN,
        "Selling General And Administration": NaN,
        "Selling And Marketing Expense": 318800000.0,
        "General And Administrative Expense": 126500000.0,
        "Other Gand A": 126500000.0,
        "Gross Profit": NaN,
        "Cost Of Revenue": NaN,
        "Total Revenue": NaN,
        "Operating Revenue": NaN
    },
    "2022-12-31": {
        "Tax Effect Of Unusual Items": NaN,
        "Tax Rate For Calcs": NaN,
        "Normalized EBITDA": NaN,
        "Total Unusual Items": NaN,
        "Total Unusual Items Excluding Goodwill": NaN,
        "Net Income From Continuing Operation Net Minority Interest": NaN,
        "Reconciled Depreciation": NaN,
        "Reconciled Cost Of Revenue": NaN,
        "EBITDA": NaN,
        "EBIT": NaN,
        "Net Interest Income": NaN,
        "Interest Expense": NaN,
        "Interest Income": NaN,
        "Normalized Income": NaN,
        "Net Income From Continuing And Discontinued Operation": NaN,
        "Total Expenses": NaN,
        "Total Operating Income As Reported": NaN,
        "Diluted Average Shares": NaN,
        "Basic Average Shares": NaN,
        "Diluted EPS": NaN,
        "Basic EPS": NaN,
        "Diluted NI Availto Com Stockholders": NaN,
        "Net Income Common Stockholders": NaN,
        "Net Income": NaN,
        "Minority Interests": NaN,
        "Net Income Including Noncontrolling Interests": NaN,
        "Net Income Discontinuous Operations": 0.0,
        "Net Income Continuous Operations": NaN,
        "Tax Provision": NaN,
        "Pretax Income": NaN,
        "Other Income Expense": NaN,
        "Special Income Charges": NaN,
        "Other Special Charges": NaN,
        "Write Off": NaN,
        "Impairment Of Capital Assets": NaN,
        "Gain On Sale Of Security": 8300000.0,
        "Net Non Operating Interest Income Expense": NaN,
        "Total Other Finance Cost": NaN,
        "Interest Expense Non Operating": NaN,
        "Interest Income Non Operating": NaN,
        "Operating Income": NaN,
        "Operating Expense": NaN,
        "Other Operating Expenses": NaN,
        "Selling General And Administration": NaN,
        "Selling And Marketing Expense": 353300000.0,
        "General And Administrative Expense": 115300000.0,
        "Other Gand A": 115300000.0,
        "Gross Profit": NaN,
        "Cost Of Revenue": NaN,
        "Total Revenue": NaN,
        "Operating Revenue": NaN
    },
    "2022-09-30": {
        "Tax Effect Of Unusual Items": NaN,
        "Tax Rate For Calcs": NaN,
        "Normalized EBITDA": NaN,
        "Total Unusual Items": NaN,
        "Total Unusual Items Excluding Goodwill": NaN,
        "Net Income From Continuing Operation Net Minority Interest": NaN,
        "Reconciled Depreciation": NaN,
        "Reconciled Cost Of Revenue": NaN,
        "EBITDA": NaN,
        "EBIT": NaN,
        "Net Interest Income": NaN,
        "Interest Expense": NaN,
        "Interest Income": NaN,
        "Normalized Income": NaN,
        "Net Income From Continuing And Discontinued Operation": NaN,
        "Total Expenses": NaN,
        "Total Operating Income As Reported": NaN,
        "Diluted Average Shares": 489499607.0,
        "Basic Average Shares": 489499607.0,
        "Diluted EPS": -0.004699,
        "Basic EPS": -0.004699,
        "Diluted NI Availto Com Stockholders": NaN,
        "Net Income Common Stockholders": NaN,
        "Net Income": NaN,
        "Minority Interests": NaN,
        "Net Income Including Noncontrolling Interests": NaN,
        "Net Income Discontinuous Operations": -500000.0,
        "Net Income Continuous Operations": NaN,
        "Tax Provision": NaN,
        "Pretax Income": NaN,
        "Other Income Expense": NaN,
        "Special Income Charges": NaN,
        "Other Special Charges": NaN,
        "Impairment Of Capital Assets": NaN,
        "Gain On Sale Of Security": NaN,
        "Net Non Operating Interest Income Expense": NaN,
        "Total Other Finance Cost": NaN,
        "Interest Expense Non Operating": NaN,
        "Interest Income Non Operating": NaN,
        "Operating Income": NaN,
        "Operating Expense": NaN,
        "Other Operating Expenses": NaN,
        "Selling General And Administration": NaN,
        "Selling And Marketing Expense": 263600000.0,
        "General And Administrative Expense": 100500000.0,
        "Other Gand A": 100500000.0,
        "Gross Profit": NaN,
        "Cost Of Revenue": NaN,
        "Total Revenue": NaN,
        "Operating Revenue": NaN
    },
    "2024-03-31": {
        "Tax Effect Of Unusual Items": -5733000.0,
        "Tax Rate For Calcs": 0.21,
        "Normalized EBITDA": 173200000.0,
        "Total Unusual Items": -27300000.0,
        "Total Unusual Items Excluding Goodwill": -27300000.0,
        "Net Income From Continuing Operation Net Minority Interest": 5100000.0,
        "Reconciled Depreciation": 62500000.0,
        "Reconciled Cost Of Revenue": 544400000.0,
        "EBITDA": 145900000.0,
        "EBIT": 83400000.0,
        "Net Interest Income": -67900000.0,
        "Interest Expense": 68300000.0,
        "Interest Income": 2700000.0,
        "Normalized Income": 26667000.0,
        "Net Income From Continuing And Discontinued Operation": 5100000.0,
        "Total Expenses": 1072600000.0,
        "Total Operating Income As Reported": 109000000.0,
        "Diluted Average Shares": 466345776.0,
        "Basic Average Shares": 463422683.0,
        "Diluted EPS": 0.01,
        "Basic EPS": 0.01,
        "Diluted NI Availto Com Stockholders": 5100000.0,
        "Net Income Common Stockholders": 5100000.0,
        "Net Income": 5100000.0,
        "Minority Interests": -1800000.0,
        "Net Income Including Noncontrolling Interests": 6900000.0,
        "Net Income Discontinuous Operations": NaN,
        "Net Income Continuous Operations": 6900000.0,
        "Tax Provision": 8200000.0,
        "Pretax Income": 15100000.0,
        "Other Income Expense": -27300000.0,
        "Special Income Charges": -15600000.0,
        "Other Special Charges": 14300000.0,
        "Write Off": 1300000.0,
        "Impairment Of Capital Assets": 1300000.0,
        "Gain On Sale Of Security": -11700000.0,
        "Net Non Operating Interest Income Expense": -67900000.0,
        "Total Other Finance Cost": 2300000.0,
        "Interest Expense Non Operating": 68300000.0,
        "Interest Income Non Operating": 2700000.0,
        "Operating Income": 110300000.0,
        "Operating Expense": 528200000.0,
        "Other Operating Expenses": -6000000.0,
        "Selling General And Administration": 534200000.0,
        "Selling And Marketing Expense": NaN,
        "General And Administrative Expense": NaN,
        "Other Gand A": NaN,
        "Gross Profit": 638500000.0,
        "Cost Of Revenue": 544400000.0,
        "Total Revenue": 1182900000.0,
        "Operating Revenue": 1182900000.0
    },
    "2023-03-31": {
        "Tax Effect Of Unusual Items": NaN,
        "Tax Rate For Calcs": NaN,
        "Normalized EBITDA": NaN,
        "Total Unusual Items": NaN,
        "Total Unusual Items Excluding Goodwill": NaN,
        "Net Income From Continuing Operation Net Minority Interest": NaN,
        "Reconciled Depreciation": 52000000.0,
        "Reconciled Cost Of Revenue": NaN,
        "EBITDA": NaN,
        "EBIT": NaN,
        "Net Interest Income": NaN,
        "Interest Expense": NaN,
        "Interest Income": NaN,
        "Normalized Income": NaN,
        "Net Income From Continuing And Discontinued Operation": NaN,
        "Total Expenses": NaN,
        "Total Operating Income As Reported": NaN,
        "Diluted Average Shares": NaN,
        "Basic Average Shares": NaN,
        "Diluted EPS": NaN,
        "Basic EPS": NaN,
        "Diluted NI Availto Com Stockholders": NaN,
        "Net Income Common Stockholders": NaN,
        "Net Income": NaN,
        "Minority Interests": NaN,
        "Net Income Including Noncontrolling Interests": NaN,
        "Net Income Discontinuous Operations": NaN,
        "Net Income Continuous Operations": NaN,
        "Tax Provision": NaN,
        "Pretax Income": NaN,
        "Other Income Expense": NaN,
        "Special Income Charges": NaN,
        "Other Special Charges": NaN,
        "Write Off": NaN,
        "Impairment Of Capital Assets": 2800000.0,
        "Gain On Sale Of Security": NaN,
        "Net Non Operating Interest Income Expense": NaN,
        "Total Other Finance Cost": 2500000.0,
        "Interest Expense Non Operating": NaN,
        "Interest Income Non Operating": NaN,
        "Operating Income": NaN,
        "Operating Expense": NaN,
        "Other Operating Expenses": NaN,
        "Selling General And Administration": NaN,
        "Selling And Marketing Expense": NaN,
        "General And Administrative Expense": NaN,
        "Other Gand A": NaN,
        "Gross Profit": NaN,
        "Cost Of Revenue": NaN,
        "Total Revenue": NaN,
        "Operating Revenue": NaN
    },
    "2024-06-30": {
        "Tax Effect Of Unusual Items": -252000.0,
        "Tax Rate For Calcs": 0.21,
        "Normalized EBITDA": -4800000.0,
        "Total Unusual Items": -1200000.0,
        "Total Unusual Items Excluding Goodwill": -1200000.0,
        "Net Income From Continuing Operation Net Minority Interest": -3700000.0,
        "Reconciled Depreciation": NaN,
        "Reconciled Cost Of Revenue": 442500000.0,
        "EBITDA": -6000000.0,
        "EBIT": -6000000.0,
        "Net Interest Income": -45200000.0,
        "Interest Expense": 47700000.0,
        "Interest Income": 2500000.0,
        "Normalized Income": -2752000.0,
        "Net Income From Continuing And Discontinued Operation": -3700000.0,
        "Total Expenses": 1001100000.0,
        "Total Operating Income As Reported": -8500000.0,
        "Diluted Average Shares": 505249607.0,
        "Basic Average Shares": 505249607.0,
        "Diluted EPS": -0.01,
        "Basic EPS": -0.01,
        "Diluted NI Availto Com Stockholders": -3700000.0,
        "Net Income Common Stockholders": -3700000.0,
        "Net Income": -3700000.0,
        "Minority Interests": -1900000.0,
        "Net Income Including Noncontrolling Interests": -1800000.0,
        "Net Income Discontinuous Operations": NaN,
        "Net Income Continuous Operations": -1800000.0,
        "Tax Provision": -51900000.0,
        "Pretax Income": -53700000.0,
        "Other Income Expense": -1200000.0,
        "Special Income Charges": -1200000.0,
        "Other Special Charges": NaN,
        "Write Off": 1200000.0,
        "Impairment Of Capital Assets": NaN,
        "Gain On Sale Of Security": NaN,
        "Net Non Operating Interest Income Expense": -45200000.0,
        "Total Other Finance Cost": NaN,
        "Interest Expense Non Operating": 47700000.0,
        "Interest Income Non Operating": 2500000.0,
        "Operating Income": -7300000.0,
        "Operating Expense": 558600000.0,
        "Other Operating Expenses": -1600000.0,
        "Selling General And Administration": 560200000.0,
        "Selling And Marketing Expense": NaN,
        "General And Administrative Expense": NaN,
        "Other Gand A": NaN,
        "Gross Profit": 551300000.0,
        "Cost Of Revenue": 442500000.0,
        "Total Revenue": 993800000.0,
        "Operating Revenue": 993800000.0
    },
    "2024-09-30": {
        "Tax Effect Of Unusual Items": 0.0,
        "Tax Rate For Calcs": 0.21,
        "Normalized EBITDA": 177800000.0,
        "Total Unusual Items": 0.0,
        "Total Unusual Items Excluding Goodwill": 0.0,
        "Net Income From Continuing Operation Net Minority Interest": 55800000.0,
        "Reconciled Depreciation": NaN,
        "Reconciled Cost Of Revenue": 606500000.0,
        "EBITDA": 177800000.0,
        "EBIT": 177800000.0,
        "Net Interest Income": -47800000.0,
        "Interest Expense": 48900000.0,
        "Interest Income": 1100000.0,
        "Normalized Income": 55800000.0,
        "Net Income From Continuing And Discontinued Operation": 55800000.0,
        "Total Expenses": 1177100000.0,
        "Total Operating Income As Reported": 176700000.0,
        "Diluted Average Shares": 507716795.0,
        "Basic Average Shares": 505412690.0,
        "Diluted EPS": 0.11,
        "Basic EPS": 0.11,
        "Diluted NI Availto Com Stockholders": 55800000.0,
        "Net Income Common Stockholders": 55800000.0,
        "Net Income": 55800000.0,
        "Minority Interests": -400000.0,
        "Net Income Including Noncontrolling Interests": 56200000.0,
        "Net Income Discontinuous Operations": NaN,
        "Net Income Continuous Operations": 56200000.0,
        "Tax Provision": 72700000.0,
        "Pretax Income": 128900000.0,
        "Other Income Expense": NaN,
        "Special Income Charges": 0.0,
        "Other Special Charges": NaN,
        "Write Off": 0.0,
        "Impairment Of Capital Assets": NaN,
        "Gain On Sale Of Security": NaN,
        "Net Non Operating Interest Income Expense": -47800000.0,
        "Total Other Finance Cost": NaN,
        "Interest Expense Non Operating": 48900000.0,
        "Interest Income Non Operating": 1100000.0,
        "Operating Income": 176700000.0,
        "Operating Expense": 570600000.0,
        "Other Operating Expenses": -15900000.0,
        "Selling General And Administration": 586500000.0,
        "Selling And Marketing Expense": NaN,
        "General And Administrative Expense": NaN,
        "Other Gand A": NaN,
        "Gross Profit": 747300000.0,
        "Cost Of Revenue": 606500000.0,
        "Total Revenue": 1353800000.0,
        "Operating Revenue": 1353800000.0
    }
}