{
    "2023-06-30": {
        "Tax Effect Of Unusual Items": NaN,
        "Tax Rate For Calcs": NaN,
        "Normalized EBITDA": NaN,
        "Total Unusual Items": NaN,
        "Total Unusual Items Excluding Goodwill": NaN,
        "Net Income From Continuing Operation Net Minority Interest": NaN,
        "Reconciled Depreciation": NaN,
        "Reconciled Cost Of Revenue": NaN,
        "EBITDA": NaN,
        "EBIT": NaN,
        "Net Interest Income": NaN,
        "Interest Expense": NaN,
        "Interest Income": NaN,
        "Normalized Income": NaN,
        "Net Income From Continuing And Discontinued Operation": NaN,
        "Total Expenses": NaN,
        "Total Operating Income As Reported": NaN,
        "Diluted Average Shares": 271564105.0,
        "Basic Average Shares": 270481144.0,
        "Diluted EPS": 0.57445,
        "Basic EPS": 0.57675,
        "Diluted NI Availto Com Stockholders": NaN,
        "Net Income Common Stockholders": NaN,
        "Net Income": NaN,
        "Net Income Including Noncontrolling Interests": NaN,
        "Net Income Continuous Operations": NaN,
        "Tax Provision": NaN,
        "Pretax Income": NaN,
        "Other Income Expense": NaN,
        "Special Income Charges": NaN,
        "Gain On Sale Of Ppe": NaN,
        "Other Special Charges": NaN,
        "Restructuring And Mergern Acquisition": NaN,
        "Earnings From Equity Interest": NaN,
        "Gain On Sale Of Security": NaN,
        "Net Non Operating Interest Income Expense": NaN,
        "Total Other Finance Cost": NaN,
        "Interest Expense Non Operating": NaN,
        "Interest Income Non Operating": NaN,
        "Operating Income": NaN,
        "Operating Expense": NaN,
        "Other Operating Expenses": 18000000.0,
        "Depreciation Amortization Depletion Income Statement": NaN,
        "Depreciation And Amortization In Income Statement": NaN,
        "Selling General And Administration": NaN,
        "Selling And Marketing Expense": NaN,
        "General And Administrative Expense": NaN,
        "Other Gand A": NaN,
        "Gross Profit": NaN,
        "Cost Of Revenue": NaN,
        "Total Revenue": NaN,
        "Excise Taxes": NaN,
        "Operating Revenue": NaN
    },
    "2023-03-31": {
        "Tax Effect Of Unusual Items": NaN,
        "Tax Rate For Calcs": NaN,
        "Normalized EBITDA": NaN,
        "Total Unusual Items": 23000000.0,
        "Total Unusual Items Excluding Goodwill": 23000000.0,
        "Net Income From Continuing Operation Net Minority Interest": NaN,
        "Reconciled Depreciation": NaN,
        "Reconciled Cost Of Revenue": NaN,
        "EBITDA": NaN,
        "EBIT": NaN,
        "Net Interest Income": NaN,
        "Interest Expense": NaN,
        "Interest Income": NaN,
        "Normalized Income": NaN,
        "Net Income From Continuing And Discontinued Operation": NaN,
        "Total Expenses": NaN,
        "Total Operating Income As Reported": NaN,
        "Diluted Average Shares": NaN,
        "Basic Average Shares": NaN,
        "Diluted EPS": NaN,
        "Basic EPS": NaN,
        "Diluted NI Availto Com Stockholders": NaN,
        "Net Income Common Stockholders": NaN,
        "Net Income": NaN,
        "Net Income Including Noncontrolling Interests": NaN,
        "Net Income Continuous Operations": NaN,
        "Tax Provision": NaN,
        "Pretax Income": NaN,
        "Other Income Expense": NaN,
        "Special Income Charges": 4000000.0,
        "Gain On Sale Of Ppe": 6000000.0,
        "Other Special Charges": NaN,
        "Restructuring And Mergern Acquisition": 2000000.0,
        "Earnings From Equity Interest": NaN,
        "Gain On Sale Of Security": 19000000.0,
        "Net Non Operating Interest Income Expense": NaN,
        "Total Other Finance Cost": 94000000.0,
        "Interest Expense Non Operating": NaN,
        "Interest Income Non Operating": NaN,
        "Operating Income": NaN,
        "Operating Expense": NaN,
        "Other Operating Expenses": -4000000.0,
        "Depreciation Amortization Depletion Income Statement": NaN,
        "Depreciation And Amortization In Income Statement": NaN,
        "Selling General And Administration": NaN,
        "Selling And Marketing Expense": NaN,
        "General And Administrative Expense": NaN,
        "Other Gand A": NaN,
        "Gross Profit": NaN,
        "Cost Of Revenue": NaN,
        "Total Revenue": NaN,
        "Excise Taxes": 1471000000.0,
        "Operating Revenue": NaN
    },
    "2022-12-31": {
        "Tax Effect Of Unusual Items": NaN,
        "Tax Rate For Calcs": NaN,
        "Normalized EBITDA": NaN,
        "Total Unusual Items": NaN,
        "Total Unusual Items Excluding Goodwill": NaN,
        "Net Income From Continuing Operation Net Minority Interest": NaN,
        "Reconciled Depreciation": NaN,
        "Reconciled Cost Of Revenue": NaN,
        "EBITDA": NaN,
        "EBIT": NaN,
        "Net Interest Income": NaN,
        "Interest Expense": NaN,
        "Interest Income": NaN,
        "Normalized Income": NaN,
        "Net Income From Continuing And Discontinued Operation": NaN,
        "Total Expenses": NaN,
        "Total Operating Income As Reported": NaN,
        "Diluted Average Shares": NaN,
        "Basic Average Shares": NaN,
        "Diluted EPS": NaN,
        "Basic EPS": NaN,
        "Diluted NI Availto Com Stockholders": NaN,
        "Net Income Common Stockholders": NaN,
        "Net Income": NaN,
        "Net Income Including Noncontrolling Interests": NaN,
        "Net Income Continuous Operations": NaN,
        "Tax Provision": NaN,
        "Pretax Income": NaN,
        "Other Income Expense": NaN,
        "Special Income Charges": NaN,
        "Gain On Sale Of Ppe": NaN,
        "Other Special Charges": NaN,
        "Restructuring And Mergern Acquisition": NaN,
        "Earnings From Equity Interest": NaN,
        "Gain On Sale Of Security": NaN,
        "Net Non Operating Interest Income Expense": NaN,
        "Total Other Finance Cost": NaN,
        "Interest Expense Non Operating": NaN,
        "Interest Income Non Operating": NaN,
        "Operating Income": NaN,
        "Operating Expense": NaN,
        "Other Operating Expenses": -40000000.0,
        "Depreciation Amortization Depletion Income Statement": NaN,
        "Depreciation And Amortization In Income Statement": NaN,
        "Selling General And Administration": NaN,
        "Selling And Marketing Expense": NaN,
        "General And Administrative Expense": NaN,
        "Other Gand A": NaN,
        "Gross Profit": NaN,
        "Cost Of Revenue": NaN,
        "Total Revenue": NaN,
        "Excise Taxes": NaN,
        "Operating Revenue": NaN
    },
    "2022-09-30": {
        "Tax Effect Of Unusual Items": NaN,
        "Tax Rate For Calcs": NaN,
        "Normalized EBITDA": NaN,
        "Total Unusual Items": NaN,
        "Total Unusual Items Excluding Goodwill": NaN,
        "Net Income From Continuing Operation Net Minority Interest": NaN,
        "Reconciled Depreciation": NaN,
        "Reconciled Cost Of Revenue": NaN,
        "EBITDA": NaN,
        "EBIT": NaN,
        "Net Interest Income": NaN,
        "Interest Expense": NaN,
        "Interest Income": NaN,
        "Normalized Income": NaN,
        "Net Income From Continuing And Discontinued Operation": NaN,
        "Total Expenses": NaN,
        "Total Operating Income As Reported": NaN,
        "Diluted Average Shares": NaN,
        "Basic Average Shares": NaN,
        "Diluted EPS": NaN,
        "Basic EPS": NaN,
        "Diluted NI Availto Com Stockholders": NaN,
        "Net Income Common Stockholders": NaN,
        "Net Income": NaN,
        "Net Income Including Noncontrolling Interests": NaN,
        "Net Income Continuous Operations": NaN,
        "Tax Provision": NaN,
        "Pretax Income": NaN,
        "Other Income Expense": NaN,
        "Special Income Charges": NaN,
        "Gain On Sale Of Ppe": NaN,
        "Other Special Charges": NaN,
        "Restructuring And Mergern Acquisition": NaN,
        "Earnings From Equity Interest": NaN,
        "Gain On Sale Of Security": NaN,
        "Net Non Operating Interest Income Expense": NaN,
        "Total Other Finance Cost": NaN,
        "Interest Expense Non Operating": NaN,
        "Interest Income Non Operating": NaN,
        "Operating Income": NaN,
        "Operating Expense": NaN,
        "Other Operating Expenses": 17000000.0,
        "Depreciation Amortization Depletion Income Statement": NaN,
        "Depreciation And Amortization In Income Statement": NaN,
        "Selling General And Administration": NaN,
        "Selling And Marketing Expense": NaN,
        "General And Administrative Expense": NaN,
        "Other Gand A": NaN,
        "Gross Profit": NaN,
        "Cost Of Revenue": NaN,
        "Total Revenue": NaN,
        "Excise Taxes": NaN,
        "Operating Revenue": NaN
    },
    "2022-06-30": {
        "Tax Effect Of Unusual Items": 0.0,
        "Tax Rate For Calcs": 0.16273,
        "Normalized EBITDA": 1021000000.0,
        "Net Income From Continuing Operation Net Minority Interest": 319000000.0,
        "Reconciled Depreciation": 235000000.0,
        "Reconciled Cost Of Revenue": 11124000000.0,
        "EBITDA": 1021000000.0,
        "EBIT": 786000000.0,
        "Net Interest Income": -328000000.0,
        "Interest Expense": 405000000.0,
        "Interest Income": 77000000.0,
        "Normalized Income": 319000000.0,
        "Net Income From Continuing And Discontinued Operation": 319000000.0,
        "Total Expenses": 12592000000.0,
        "Total Operating Income As Reported": 709000000.0,
        "Diluted Average Shares": 270600000.0,
        "Basic Average Shares": 269400000.0,
        "Diluted EPS": 1.178175,
        "Basic EPS": 1.184625,
        "Diluted NI Availto Com Stockholders": 319000000.0,
        "Net Income Common Stockholders": 319000000.0,
        "Net Income": 319000000.0,
        "Net Income Including Noncontrolling Interests": 319000000.0,
        "Net Income Continuous Operations": 319000000.0,
        "Tax Provision": 62000000.0,
        "Pretax Income": 381000000.0,
        "Other Income Expense": 10000000.0,
        "Earnings From Equity Interest": 10000000.0,
        "Net Non Operating Interest Income Expense": -328000000.0,
        "Interest Expense Non Operating": 405000000.0,
        "Interest Income Non Operating": 77000000.0,
        "Operating Income": 699000000.0,
        "Operating Expense": 1446000000.0,
        "Other Operating Expenses": 34000000.0,
        "Depreciation Amortization Depletion Income Statement": 213000000.0,
        "Depreciation And Amortization In Income Statement": 213000000.0,
        "Selling General And Administration": 1199000000.0,
        "Selling And Marketing Expense": 1006000000.0,
        "General And Administrative Expense": 193000000.0,
        "Other Gand A": 193000000.0,
        "Gross Profit": 2145000000.0,
        "Cost Of Revenue": 11146000000.0,
        "Total Revenue": 13291000000.0,
        "Operating Revenue": 13291000000.0
    },
    "2021-09-30": {
        "Diluted EPS": 0.12,
        "Total Revenue": NaN,
        "Gross Profit": 369,
        "Operating Income": 153,
        "EBIT": 187,
        "Net Income": 103
    },
    "2021-06-30": {
        "Diluted EPS": 0.22,
        "Total Revenue": NaN,
        "Gross Profit": 325,
        "Operating Income": 113,
        "EBIT": 113,
        "Net Income": 58
    },
    "2020-12-31": {
        "Diluted EPS": 0.0,
        "Total Revenue": NaN,
        "Gross Profit": NaN,
        "Operating Income": NaN,
        "EBIT": NaN,
        "Net Income": NaN
    },
    "2023-09-30": {
        "Tax Effect Of Unusual Items": 0.0,
        "Tax Rate For Calcs": 0.34,
        "Normalized EBITDA": 1360000000.0,
        "Total Unusual Items": NaN,
        "Total Unusual Items Excluding Goodwill": NaN,
        "Net Income From Continuing Operation Net Minority Interest": 185000000.0,
        "Reconciled Depreciation": 390000000.0,
        "Reconciled Cost Of Revenue": 14225000000.0,
        "EBITDA": 1360000000.0,
        "EBIT": 970000000.0,
        "Net Interest Income": -737000000.0,
        "Interest Expense": 820000000.0,
        "Interest Income": 83000000.0,
        "Normalized Income": 185000000.0,
        "Net Income From Continuing And Discontinued Operation": 185000000.0,
        "Total Expenses": 16127000000.0,
        "Total Operating Income As Reported": 887000000.0,
        "Diluted Average Shares": 270428300.0,
        "Basic Average Shares": 269090909.0,
        "Diluted EPS": 0.6841,
        "Basic EPS": 0.6875,
        "Diluted NI Availto Com Stockholders": 185000000.0,
        "Net Income Common Stockholders": 185000000.0,
        "Net Income": 185000000.0,
        "Net Income Including Noncontrolling Interests": 185000000.0,
        "Net Income Continuous Operations": 185000000.0,
        "Tax Provision": -35000000.0,
        "Pretax Income": 150000000.0,
        "Other Income Expense": 12000000.0,
        "Special Income Charges": NaN,
        "Gain On Sale Of Ppe": NaN,
        "Other Special Charges": NaN,
        "Restructuring And Mergern Acquisition": NaN,
        "Earnings From Equity Interest": 12000000.0,
        "Gain On Sale Of Security": NaN,
        "Net Non Operating Interest Income Expense": -737000000.0,
        "Total Other Finance Cost": NaN,
        "Interest Expense Non Operating": 820000000.0,
        "Interest Income Non Operating": 83000000.0,
        "Operating Income": 875000000.0,
        "Operating Expense": 1882000000.0,
        "Other Operating Expenses": -65000000.0,
        "Depreciation Amortization Depletion Income Statement": 370000000.0,
        "Depreciation And Amortization In Income Statement": 370000000.0,
        "Selling General And Administration": 1577000000.0,
        "Selling And Marketing Expense": 1368000000.0,
        "General And Administrative Expense": 209000000.0,
        "Other Gand A": 209000000.0,
        "Gross Profit": 2757000000.0,
        "Cost Of Revenue": 14245000000.0,
        "Total Revenue": 17002000000.0,
        "Excise Taxes": NaN,
        "Operating Revenue": 17002000000.0
    },
    "2023-12-31": {
        "Tax Effect Of Unusual Items": -58823.529412,
        "Tax Rate For Calcs": 0.029412,
        "Normalized EBITDA": 1422000000.0,
        "Total Unusual Items": -2000000.0,
        "Total Unusual Items Excluding Goodwill": -2000000.0,
        "Net Income From Continuing Operation Net Minority Interest": 297000000.0,
        "Reconciled Depreciation": 392000000.0,
        "Reconciled Cost Of Revenue": 15327000000.0,
        "EBITDA": 1420000000.0,
        "EBIT": 1028000000.0,
        "Net Interest Income": -736000000.0,
        "Interest Expense": 722000000.0,
        "Interest Income": 20000000.0,
        "Normalized Income": 298941176.470588,
        "Net Income From Continuing And Discontinued Operation": 297000000.0,
        "Total Expenses": 17392000000.0,
        "Total Operating Income As Reported": 1042000000.0,
        "Diluted Average Shares": NaN,
        "Basic Average Shares": NaN,
        "Diluted EPS": NaN,
        "Basic EPS": NaN,
        "Diluted NI Availto Com Stockholders": 297000000.0,
        "Net Income Common Stockholders": 297000000.0,
        "Net Income": 297000000.0,
        "Net Income Including Noncontrolling Interests": 297000000.0,
        "Net Income Continuous Operations": 297000000.0,
        "Tax Provision": 9000000.0,
        "Pretax Income": 306000000.0,
        "Other Income Expense": 13000000.0,
        "Special Income Charges": -2000000.0,
        "Gain On Sale Of Ppe": -1000000.0,
        "Other Special Charges": 0.0,
        "Restructuring And Mergern Acquisition": 1000000.0,
        "Earnings From Equity Interest": 15000000.0,
        "Gain On Sale Of Security": NaN,
        "Net Non Operating Interest Income Expense": -736000000.0,
        "Total Other Finance Cost": 34000000.0,
        "Interest Expense Non Operating": 722000000.0,
        "Interest Income Non Operating": 20000000.0,
        "Operating Income": 1029000000.0,
        "Operating Expense": 2043000000.0,
        "Other Operating Expenses": NaN,
        "Depreciation Amortization Depletion Income Statement": 370000000.0,
        "Depreciation And Amortization In Income Statement": 370000000.0,
        "Selling General And Administration": 1673000000.0,
        "Selling And Marketing Expense": 1434000000.0,
        "General And Administrative Expense": 239000000.0,
        "Other Gand A": 239000000.0,
        "Gross Profit": 3072000000.0,
        "Cost Of Revenue": 15349000000.0,
        "Total Revenue": 18421000000.0,
        "Excise Taxes": 1696000000.0,
        "Operating Revenue": 20162000000.0
    },
    "2024-03-31": {
        "Tax Effect Of Unusual Items": -21080000.0,
        "Tax Rate For Calcs": 0.34,
        "Normalized EBITDA": 1216000000.0,
        "Total Unusual Items": -62000000.0,
        "Total Unusual Items Excluding Goodwill": -62000000.0,
        "Net Income From Continuing Operation Net Minority Interest": 60000000.0,
        "Reconciled Depreciation": 399000000.0,
        "Reconciled Cost Of Revenue": 14400000000.0,
        "EBITDA": 1154000000.0,
        "EBIT": 755000000.0,
        "Net Interest Income": -702000000.0,
        "Interest Expense": 701000000.0,
        "Interest Income": 16000000.0,
        "Normalized Income": 100920000.0,
        "Net Income From Continuing And Discontinued Operation": 60000000.0,
        "Total Expenses": 16420000000.0,
        "Total Operating Income As Reported": 814000000.0,
        "Diluted Average Shares": 271000000.0,
        "Basic Average Shares": 270400000.0,
        "Diluted EPS": 0.22325,
        "Basic EPS": 0.22375,
        "Diluted NI Availto Com Stockholders": 60000000.0,
        "Net Income Common Stockholders": 60000000.0,
        "Net Income": 60000000.0,
        "Net Income Including Noncontrolling Interests": 60000000.0,
        "Net Income Continuous Operations": 60000000.0,
        "Tax Provision": -6000000.0,
        "Pretax Income": 54000000.0,
        "Other Income Expense": -46000000.0,
        "Special Income Charges": -4000000.0,
        "Gain On Sale Of Ppe": -4000000.0,
        "Other Special Charges": NaN,
        "Restructuring And Mergern Acquisition": 0.0,
        "Earnings From Equity Interest": 16000000.0,
        "Gain On Sale Of Security": -58000000.0,
        "Net Non Operating Interest Income Expense": -702000000.0,
        "Total Other Finance Cost": 17000000.0,
        "Interest Expense Non Operating": 701000000.0,
        "Interest Income Non Operating": 16000000.0,
        "Operating Income": 802000000.0,
        "Operating Expense": 2000000000.0,
        "Other Operating Expenses": NaN,
        "Depreciation Amortization Depletion Income Statement": 379000000.0,
        "Depreciation And Amortization In Income Statement": 379000000.0,
        "Selling General And Administration": 1621000000.0,
        "Selling And Marketing Expense": 1416000000.0,
        "General And Administrative Expense": 205000000.0,
        "Other Gand A": 205000000.0,
        "Gross Profit": 2802000000.0,
        "Cost Of Revenue": 14420000000.0,
        "Total Revenue": 17222000000.0,
        "Excise Taxes": 1604000000.0,
        "Operating Revenue": 18826000000.0
    },
    "2024-06-30": {
        "Tax Effect Of Unusual Items": 0.0,
        "Tax Rate For Calcs": 0.221519,
        "Normalized EBITDA": 1338000000.0,
        "Total Unusual Items": NaN,
        "Total Unusual Items Excluding Goodwill": NaN,
        "Net Income From Continuing Operation Net Minority Interest": 123000000.0,
        "Reconciled Depreciation": 407000000.0,
        "Reconciled Cost Of Revenue": 14901000000.0,
        "EBITDA": 1338000000.0,
        "EBIT": 931000000.0,
        "Net Interest Income": -719000000.0,
        "Interest Expense": 773000000.0,
        "Interest Income": 54000000.0,
        "Normalized Income": 123000000.0,
        "Net Income From Continuing And Discontinued Operation": 123000000.0,
        "Total Expenses": 17010000000.0,
        "Total Operating Income As Reported": 877000000.0,
        "Diluted Average Shares": 273181566.0,
        "Basic Average Shares": 272364925.0,
        "Diluted EPS": 0.45025,
        "Basic EPS": 0.4516,
        "Diluted NI Availto Com Stockholders": 123000000.0,
        "Net Income Common Stockholders": 123000000.0,
        "Net Income": 123000000.0,
        "Net Income Including Noncontrolling Interests": 123000000.0,
        "Net Income Continuous Operations": 123000000.0,
        "Tax Provision": 35000000.0,
        "Pretax Income": 158000000.0,
        "Other Income Expense": 16000000.0,
        "Special Income Charges": NaN,
        "Gain On Sale Of Ppe": NaN,
        "Other Special Charges": NaN,
        "Restructuring And Mergern Acquisition": NaN,
        "Earnings From Equity Interest": 16000000.0,
        "Gain On Sale Of Security": NaN,
        "Net Non Operating Interest Income Expense": -719000000.0,
        "Total Other Finance Cost": NaN,
        "Interest Expense Non Operating": 773000000.0,
        "Interest Income Non Operating": 54000000.0,
        "Operating Income": 861000000.0,
        "Operating Expense": 2087000000.0,
        "Other Operating Expenses": 4000000.0,
        "Depreciation Amortization Depletion Income Statement": 385000000.0,
        "Depreciation And Amortization In Income Statement": 385000000.0,
        "Selling General And Administration": 1698000000.0,
        "Selling And Marketing Expense": 1504000000.0,
        "General And Administrative Expense": 194000000.0,
        "Other Gand A": 194000000.0,
        "Gross Profit": 2948000000.0,
        "Cost Of Revenue": 14923000000.0,
        "Total Revenue": 17871000000.0,
        "Excise Taxes": NaN,
        "Operating Revenue": 17871000000.0
    },
    "2024-09-30": {
        "Tax Effect Of Unusual Items": 0.0,
        "Tax Rate For Calcs": 0.2,
        "Normalized EBITDA": 1443000000.0,
        "Total Unusual Items": NaN,
        "Total Unusual Items Excluding Goodwill": NaN,
        "Net Income From Continuing Operation Net Minority Interest": 156000000.0,
        "Reconciled Depreciation": 411000000.0,
        "Reconciled Cost Of Revenue": 15490000000.0,
        "EBITDA": 1443000000.0,
        "EBIT": 1032000000.0,
        "Net Interest Income": -761000000.0,
        "Interest Expense": 837000000.0,
        "Interest Income": 76000000.0,
        "Normalized Income": 156000000.0,
        "Net Income From Continuing And Discontinued Operation": 156000000.0,
        "Total Expenses": 17624000000.0,
        "Total Operating Income As Reported": 956000000.0,
        "Diluted Average Shares": 270340525.0,
        "Basic Average Shares": 269151139.0,
        "Diluted EPS": 0.57705,
        "Basic EPS": 0.5796,
        "Diluted NI Availto Com Stockholders": 156000000.0,
        "Net Income Common Stockholders": 156000000.0,
        "Net Income": 156000000.0,
        "Net Income Including Noncontrolling Interests": 156000000.0,
        "Net Income Continuous Operations": 156000000.0,
        "Tax Provision": 39000000.0,
        "Pretax Income": 195000000.0,
        "Other Income Expense": 17000000.0,
        "Special Income Charges": NaN,
        "Gain On Sale Of Ppe": NaN,
        "Other Special Charges": NaN,
        "Restructuring And Mergern Acquisition": NaN,
        "Earnings From Equity Interest": 17000000.0,
        "Gain On Sale Of Security": NaN,
        "Net Non Operating Interest Income Expense": -761000000.0,
        "Total Other Finance Cost": NaN,
        "Interest Expense Non Operating": 837000000.0,
        "Interest Income Non Operating": 76000000.0,
        "Operating Income": 939000000.0,
        "Operating Expense": 2114000000.0,
        "Other Operating Expenses": -6000000.0,
        "Depreciation Amortization Depletion Income Statement": 391000000.0,
        "Depreciation And Amortization In Income Statement": 391000000.0,
        "Selling General And Administration": 1729000000.0,
        "Selling And Marketing Expense": 1476000000.0,
        "General And Administrative Expense": 253000000.0,
        "Other Gand A": 253000000.0,
        "Gross Profit": 3053000000.0,
        "Cost Of Revenue": 15510000000.0,
        "Total Revenue": 18563000000.0,
        "Excise Taxes": NaN,
        "Operating Revenue": 18563000000.0
    }
}