{
    "2023-03-31": {
        "Tax Effect Of Unusual Items": NaN,
        "Tax Rate For Calcs": NaN,
        "Normalized EBITDA": NaN,
        "Net Income From Continuing Operation Net Minority Interest": NaN,
        "Reconciled Depreciation": NaN,
        "EBITDA": NaN,
        "EBIT": NaN,
        "Net Interest Income": NaN,
        "Interest Income": NaN,
        "Normalized Income": NaN,
        "Net Income From Continuing And Discontinued Operation": NaN,
        "Total Expenses": NaN,
        "Total Operating Income As Reported": NaN,
        "Diluted Average Shares": 4251037.0,
        "Basic Average Shares": 4251037.0,
        "Diluted EPS": -4.46,
        "Basic EPS": -4.46,
        "Diluted NI Availto Com Stockholders": NaN,
        "Net Income Common Stockholders": NaN,
        "Net Income": NaN,
        "Net Income Including Noncontrolling Interests": NaN,
        "Net Income Continuous Operations": NaN,
        "Tax Provision": NaN,
        "Pretax Income": NaN,
        "Net Non Operating Interest Income Expense": NaN,
        "Interest Income Non Operating": NaN,
        "Operating Income": NaN,
        "Operating Expense": NaN,
        "Research And Development": NaN,
        "Selling General And Administration": NaN,
        "General And Administrative Expense": NaN,
        "Other Gand A": NaN,
        "Total Revenue": NaN,
        "Operating Revenue": NaN
    },
    "2022-12-31": {
        "Tax Effect Of Unusual Items": 0.0,
        "Tax Rate For Calcs": 0.0,
        "Normalized EBITDA": -22854000.0,
        "Net Income From Continuing Operation Net Minority Interest": -22395000.0,
        "Reconciled Depreciation": 124000.0,
        "EBITDA": -22854000.0,
        "EBIT": -22978000.0,
        "Net Interest Income": 583000.0,
        "Interest Income": 583000.0,
        "Normalized Income": -22395000.0,
        "Net Income From Continuing And Discontinued Operation": -22395000.0,
        "Total Expenses": 22978000.0,
        "Total Operating Income As Reported": -22978000.0,
        "Diluted Average Shares": NaN,
        "Basic Average Shares": NaN,
        "Diluted EPS": NaN,
        "Basic EPS": NaN,
        "Diluted NI Availto Com Stockholders": -22395000.0,
        "Net Income Common Stockholders": -22395000.0,
        "Net Income": -22395000.0,
        "Net Income Including Noncontrolling Interests": -22395000.0,
        "Net Income Continuous Operations": -22395000.0,
        "Pretax Income": -22395000.0,
        "Net Non Operating Interest Income Expense": 583000.0,
        "Interest Income Non Operating": 583000.0,
        "Operating Income": -22978000.0,
        "Operating Expense": 22978000.0,
        "Research And Development": 16853000.0,
        "Selling General And Administration": 6125000.0,
        "General And Administrative Expense": 6125000.0,
        "Other Gand A": 6125000.0,
        "Total Revenue": 0.0,
        "Operating Revenue": 0.0
    },
    "2022-09-30": {
        "Tax Effect Of Unusual Items": NaN,
        "Tax Rate For Calcs": NaN,
        "Normalized EBITDA": NaN,
        "Net Income From Continuing Operation Net Minority Interest": NaN,
        "Reconciled Depreciation": NaN,
        "EBITDA": NaN,
        "EBIT": NaN,
        "Net Interest Income": NaN,
        "Interest Income": NaN,
        "Normalized Income": NaN,
        "Net Income From Continuing And Discontinued Operation": NaN,
        "Total Expenses": NaN,
        "Total Operating Income As Reported": NaN,
        "Diluted Average Shares": 4037366.0,
        "Basic Average Shares": 4037366.0,
        "Diluted EPS": -5.76,
        "Basic EPS": -5.76,
        "Diluted NI Availto Com Stockholders": NaN,
        "Net Income Common Stockholders": NaN,
        "Net Income": NaN,
        "Net Income Including Noncontrolling Interests": NaN,
        "Net Income Continuous Operations": NaN,
        "Pretax Income": NaN,
        "Net Non Operating Interest Income Expense": NaN,
        "Interest Income Non Operating": NaN,
        "Operating Income": NaN,
        "Operating Expense": NaN,
        "Research And Development": NaN,
        "Selling General And Administration": NaN,
        "General And Administrative Expense": NaN,
        "Other Gand A": NaN,
        "Total Revenue": NaN,
        "Operating Revenue": NaN
    },
    "2022-06-30": {
        "Tax Effect Of Unusual Items": 0.0,
        "Tax Rate For Calcs": 0.0,
        "Normalized EBITDA": -24453000.0,
        "Net Income From Continuing Operation Net Minority Interest": -24461000.0,
        "Reconciled Depreciation": 120000.0,
        "EBITDA": -24453000.0,
        "EBIT": -24573000.0,
        "Net Interest Income": 112000.0,
        "Interest Income": 112000.0,
        "Normalized Income": -24461000.0,
        "Net Income From Continuing And Discontinued Operation": -24461000.0,
        "Total Expenses": 24573000.0,
        "Total Operating Income As Reported": -24573000.0,
        "Diluted Average Shares": 48293495.0,
        "Basic Average Shares": 48293495.0,
        "Diluted EPS": -0.51,
        "Basic EPS": -0.51,
        "Diluted NI Availto Com Stockholders": -24461000.0,
        "Net Income Common Stockholders": -24461000.0,
        "Net Income": -24461000.0,
        "Net Income Including Noncontrolling Interests": -24461000.0,
        "Net Income Continuous Operations": -24461000.0,
        "Pretax Income": -24461000.0,
        "Net Non Operating Interest Income Expense": 112000.0,
        "Interest Income Non Operating": 112000.0,
        "Operating Income": -24573000.0,
        "Operating Expense": 24573000.0,
        "Research And Development": 17792000.0,
        "Selling General And Administration": 6781000.0,
        "General And Administrative Expense": 6781000.0,
        "Other Gand A": 6781000.0,
        "Total Revenue": 0.0,
        "Operating Revenue": 0.0
    },
    "2022-03-31": {
        "Diluted EPS": -0.48,
        "Total Revenue": NaN,
        "Gross Profit": NaN,
        "Operating Income": -23,
        "EBIT": -23,
        "Net Income": -23
    },
    "2021-12-31": {
        "Diluted EPS": -1.35,
        "Total Revenue": NaN,
        "Gross Profit": NaN,
        "Operating Income": -63,
        "EBIT": -21,
        "Net Income": -60
    },
    "2021-09-30": {
        "Diluted EPS": -0.41,
        "Total Revenue": 6,
        "Gross Profit": 6,
        "Operating Income": -19,
        "EBIT": -19,
        "Net Income": -19
    },
    "2021-06-30": {
        "Diluted EPS": -0.55,
        "Total Revenue": NaN,
        "Gross Profit": NaN,
        "Operating Income": -24,
        "EBIT": -23,
        "Net Income": -24
    },
    "2021-03-31": {
        "Diluted EPS": -0.69,
        "Total Revenue": NaN,
        "Gross Profit": NaN,
        "Operating Income": -27,
        "EBIT": -27,
        "Net Income": -27
    },
    "2020-12-31": {
        "Diluted EPS": -1.09,
        "Total Revenue": 1,
        "Gross Profit": 1,
        "Operating Income": -40,
        "EBIT": -39,
        "Net Income": -39
    },
    "2020-09-30": {
        "Diluted EPS": -0.09,
        "Total Revenue": 35,
        "Gross Profit": 35,
        "Operating Income": -4,
        "EBIT": -4,
        "Net Income": -3
    },
    "2020-06-30": {
        "Diluted EPS": 0.19,
        "Total Revenue": 39,
        "Gross Profit": 39,
        "Operating Income": 7,
        "EBIT": 7,
        "Net Income": 7
    },
    "2020-03-31": {
        "Diluted EPS": -0.76,
        "Total Revenue": 4,
        "Gross Profit": 4,
        "Operating Income": -28,
        "EBIT": -28,
        "Net Income": -27
    },
    "2019-12-31": {
        "Diluted EPS": -0.99,
        "Total Revenue": 5,
        "Gross Profit": 5,
        "Operating Income": -29,
        "EBIT": -29,
        "Net Income": -27
    },
    "2019-09-30": {
        "Diluted EPS": -0.96,
        "Total Revenue": 4,
        "Gross Profit": 4,
        "Operating Income": -26,
        "EBIT": -26,
        "Net Income": -25
    },
    "2019-06-30": {
        "Diluted EPS": -0.72,
        "Total Revenue": 3,
        "Gross Profit": 3,
        "Operating Income": -20,
        "EBIT": -20,
        "Net Income": -19
    },
    "2019-03-31": {
        "Diluted EPS": -1.05,
        "Total Revenue": 4,
        "Gross Profit": 4,
        "Operating Income": -28,
        "EBIT": -29,
        "Net Income": -27
    },
    "2018-12-31": {
        "Diluted EPS": -1.01,
        "Total Revenue": 4,
        "Gross Profit": 4,
        "Operating Income": -26,
        "EBIT": -27,
        "Net Income": -26
    },
    "2018-09-30": {
        "Diluted EPS": -0.87,
        "Total Revenue": 4,
        "Gross Profit": 4,
        "Operating Income": -23,
        "EBIT": -22,
        "Net Income": -22
    },
    "2018-06-30": {
        "Diluted EPS": -1.3,
        "Total Revenue": 3,
        "Gross Profit": 3,
        "Operating Income": -27,
        "EBIT": -27,
        "Net Income": -27
    },
    "2018-03-31": {
        "Diluted EPS": -0.8,
        "Total Revenue": 4,
        "Gross Profit": 4,
        "Operating Income": -17,
        "EBIT": -17,
        "Net Income": -16
    },
    "2017-12-31": {
        "Diluted EPS": -0.11,
        "Total Revenue": 3,
        "Gross Profit": 3,
        "Operating Income": -12,
        "EBIT": -13,
        "Net Income": -3
    },
    "2017-09-30": {
        "Diluted EPS": -0.71,
        "Total Revenue": 3,
        "Gross Profit": 3,
        "Operating Income": -12,
        "EBIT": -12,
        "Net Income": -12
    },
    "2017-06-30": {
        "Diluted EPS": -0.78,
        "Total Revenue": 2,
        "Gross Profit": 2,
        "Operating Income": -14,
        "EBIT": -14,
        "Net Income": -14
    },
    "2017-03-31": {
        "Diluted EPS": -0.81,
        "Total Revenue": 1,
        "Gross Profit": 1,
        "Operating Income": -14,
        "EBIT": -14,
        "Net Income": -14
    },
    "2016-12-31": {
        "Diluted EPS": -0.67,
        "Total Revenue": NaN,
        "Gross Profit": NaN,
        "Operating Income": -12,
        "EBIT": -12,
        "Net Income": -12
    },
    "2016-09-30": {
        "Diluted EPS": -0.67,
        "Total Revenue": NaN,
        "Gross Profit": NaN,
        "Operating Income": -12,
        "EBIT": -12,
        "Net Income": -12
    },
    "2016-06-30": {
        "Diluted EPS": -0.59,
        "Total Revenue": NaN,
        "Gross Profit": NaN,
        "Operating Income": -10,
        "EBIT": -10,
        "Net Income": -10
    },
    "2016-03-31": {
        "Diluted EPS": -0.64,
        "Total Revenue": NaN,
        "Gross Profit": NaN,
        "Operating Income": -11,
        "EBIT": -11,
        "Net Income": -11
    },
    "2015-12-31": {
        "Diluted EPS": -0.38,
        "Total Revenue": NaN,
        "Gross Profit": NaN,
        "Operating Income": -8,
        "EBIT": -8,
        "Net Income": -8
    },
    "2015-09-30": {
        "Diluted EPS": -0.38,
        "Total Revenue": NaN,
        "Gross Profit": NaN,
        "Operating Income": -7,
        "EBIT": -7,
        "Net Income": -7
    },
    "2015-06-30": {
        "Diluted EPS": -0.41,
        "Total Revenue": NaN,
        "Gross Profit": NaN,
        "Operating Income": -7,
        "EBIT": -7,
        "Net Income": -7
    },
    "2015-03-31": {
        "Diluted EPS": -0.64,
        "Total Revenue": NaN,
        "Gross Profit": NaN,
        "Operating Income": -7,
        "EBIT": -7,
        "Net Income": -7
    },
    "2014-12-31": {
        "Diluted EPS": -0.63,
        "Total Revenue": NaN,
        "Gross Profit": NaN,
        "Operating Income": -6,
        "EBIT": -6,
        "Net Income": -6
    },
    "2014-09-30": {
        "Diluted EPS": -1.33,
        "Total Revenue": NaN,
        "Gross Profit": NaN,
        "Operating Income": -11,
        "EBIT": -11,
        "Net Income": -11
    },
    "2014-06-30": {
        "Diluted EPS": -0.52,
        "Total Revenue": NaN,
        "Gross Profit": NaN,
        "Operating Income": -3,
        "EBIT": -3,
        "Net Income": -2
    },
    "2014-03-31": {
        "Diluted EPS": -0.92,
        "Total Revenue": NaN,
        "Gross Profit": NaN,
        "Operating Income": -4,
        "EBIT": -4,
        "Net Income": -4
    },
    "2013-12-31": {
        "Diluted EPS": -1.47,
        "Total Revenue": NaN,
        "Gross Profit": NaN,
        "Operating Income": -6,
        "EBIT": -6,
        "Net Income": -6
    },
    "2013-09-30": {
        "Diluted EPS": -1.23,
        "Total Revenue": NaN,
        "Gross Profit": NaN,
        "Operating Income": -5,
        "EBIT": -5,
        "Net Income": -5
    },
    "2013-06-30": {
        "Diluted EPS": -1.2,
        "Total Revenue": NaN,
        "Gross Profit": NaN,
        "Operating Income": -5,
        "EBIT": -5,
        "Net Income": -5
    },
    "2013-03-31": {
        "Diluted EPS": -1.1,
        "Total Revenue": NaN,
        "Gross Profit": NaN,
        "Operating Income": -4,
        "EBIT": -4,
        "Net Income": -4
    },
    "2012-12-31": {
        "Diluted EPS": -1.4,
        "Total Revenue": NaN,
        "Gross Profit": NaN,
        "Operating Income": -4,
        "EBIT": -4,
        "Net Income": -4
    },
    "2012-09-30": {
        "Diluted EPS": -2.05,
        "Total Revenue": NaN,
        "Gross Profit": NaN,
        "Operating Income": -5,
        "EBIT": -5,
        "Net Income": -5
    },
    "2012-06-30": {
        "Diluted EPS": -2.95,
        "Total Revenue": NaN,
        "Gross Profit": NaN,
        "Operating Income": -7,
        "EBIT": -7,
        "Net Income": -7
    },
    "2012-03-31": {
        "Diluted EPS": -3.3,
        "Total Revenue": NaN,
        "Gross Profit": NaN,
        "Operating Income": -8,
        "EBIT": -8,
        "Net Income": -8
    },
    "2011-12-31": {
        "Diluted EPS": -8.6,
        "Total Revenue": NaN,
        "Gross Profit": NaN,
        "Operating Income": -19,
        "EBIT": -19,
        "Net Income": -19
    },
    "2011-09-30": {
        "Diluted EPS": -2.5,
        "Total Revenue": NaN,
        "Gross Profit": NaN,
        "Operating Income": -6,
        "EBIT": -5,
        "Net Income": -6
    },
    "2011-06-30": {
        "Diluted EPS": -4.85,
        "Total Revenue": NaN,
        "Gross Profit": NaN,
        "Operating Income": -7,
        "EBIT": -7,
        "Net Income": -7
    },
    "2011-03-31": {
        "Diluted EPS": -1.9,
        "Total Revenue": NaN,
        "Gross Profit": NaN,
        "Operating Income": -3,
        "EBIT": -3,
        "Net Income": -3
    },
    "2010-12-31": {
        "Diluted EPS": -58.7,
        "Total Revenue": NaN,
        "Gross Profit": NaN,
        "Operating Income": -3,
        "EBIT": -3,
        "Net Income": -10
    },
    "2010-09-30": {
        "Diluted EPS": -19.85,
        "Total Revenue": NaN,
        "Gross Profit": NaN,
        "Operating Income": -1,
        "EBIT": 0,
        "Net Income": -2
    },
    "2010-06-30": {
        "Diluted EPS": -23.8,
        "Total Revenue": NaN,
        "Gross Profit": NaN,
        "Operating Income": -1,
        "EBIT": 0,
        "Net Income": -2
    },
    "2010-03-31": {
        "Diluted EPS": -21.0,
        "Total Revenue": NaN,
        "Gross Profit": NaN,
        "Operating Income": 0,
        "EBIT": 0,
        "Net Income": -2
    },
    "2009-12-31": {
        "Diluted EPS": 0.0,
        "Total Revenue": NaN,
        "Gross Profit": NaN,
        "Operating Income": NaN,
        "EBIT": NaN,
        "Net Income": NaN
    },
    "2023-06-30": {
        "Tax Effect Of Unusual Items": NaN,
        "Tax Rate For Calcs": NaN,
        "Normalized EBITDA": NaN,
        "Net Income From Continuing Operation Net Minority Interest": NaN,
        "Reconciled Depreciation": NaN,
        "EBITDA": NaN,
        "EBIT": NaN,
        "Net Interest Income": NaN,
        "Interest Income": NaN,
        "Normalized Income": NaN,
        "Net Income From Continuing And Discontinued Operation": NaN,
        "Total Expenses": NaN,
        "Total Operating Income As Reported": NaN,
        "Diluted Average Shares": 4355007.0,
        "Basic Average Shares": 4355007.0,
        "Diluted EPS": -3.88,
        "Basic EPS": -3.88,
        "Diluted NI Availto Com Stockholders": NaN,
        "Net Income Common Stockholders": NaN,
        "Net Income": NaN,
        "Net Income Including Noncontrolling Interests": NaN,
        "Net Income Continuous Operations": NaN,
        "Tax Provision": 0.0,
        "Pretax Income": NaN,
        "Net Non Operating Interest Income Expense": NaN,
        "Interest Income Non Operating": NaN,
        "Operating Income": NaN,
        "Operating Expense": NaN,
        "Research And Development": NaN,
        "Selling General And Administration": NaN,
        "General And Administrative Expense": NaN,
        "Other Gand A": NaN,
        "Total Revenue": NaN,
        "Operating Revenue": NaN
    },
    "2023-09-30": {
        "Tax Effect Of Unusual Items": 0.0,
        "Tax Rate For Calcs": 0.0,
        "Normalized EBITDA": -14932000.0,
        "Net Income From Continuing Operation Net Minority Interest": -14420000.0,
        "Reconciled Depreciation": 116000.0,
        "EBITDA": -14932000.0,
        "EBIT": -15048000.0,
        "Net Interest Income": 628000.0,
        "Interest Income": 628000.0,
        "Normalized Income": -14420000.0,
        "Net Income From Continuing And Discontinued Operation": -14420000.0,
        "Total Expenses": 15048000.0,
        "Total Operating Income As Reported": -15048000.0,
        "Diluted Average Shares": 4380444.0,
        "Basic Average Shares": 4380444.0,
        "Diluted EPS": -3.29,
        "Basic EPS": -3.29,
        "Diluted NI Availto Com Stockholders": -14420000.0,
        "Net Income Common Stockholders": -14420000.0,
        "Net Income": -14420000.0,
        "Net Income Including Noncontrolling Interests": -14420000.0,
        "Net Income Continuous Operations": -14420000.0,
        "Tax Provision": 0.0,
        "Pretax Income": -14420000.0,
        "Net Non Operating Interest Income Expense": 628000.0,
        "Interest Income Non Operating": 628000.0,
        "Operating Income": -15048000.0,
        "Operating Expense": 15048000.0,
        "Research And Development": 10824000.0,
        "Selling General And Administration": 4224000.0,
        "General And Administrative Expense": 4224000.0,
        "Other Gand A": 4224000.0,
        "Total Revenue": 0.0,
        "Operating Revenue": 0.0
    },
    "2023-12-31": {
        "Tax Effect Of Unusual Items": 0.0,
        "Tax Rate For Calcs": 0.0,
        "Normalized EBITDA": -12467000.0,
        "Net Income From Continuing Operation Net Minority Interest": -10962000.0,
        "Reconciled Depreciation": 84000.0,
        "EBITDA": -12467000.0,
        "EBIT": -12551000.0,
        "Net Interest Income": 1622000.0,
        "Interest Income": 1622000.0,
        "Normalized Income": -10962000.0,
        "Net Income From Continuing And Discontinued Operation": -10962000.0,
        "Total Expenses": 19714000.0,
        "Total Operating Income As Reported": -12551000.0,
        "Diluted Average Shares": NaN,
        "Basic Average Shares": NaN,
        "Diluted EPS": NaN,
        "Basic EPS": NaN,
        "Diluted NI Availto Com Stockholders": -10962000.0,
        "Net Income Common Stockholders": -10962000.0,
        "Net Income": -10962000.0,
        "Net Income Including Noncontrolling Interests": -10962000.0,
        "Net Income Continuous Operations": -10962000.0,
        "Tax Provision": NaN,
        "Pretax Income": -10929000.0,
        "Net Non Operating Interest Income Expense": 1622000.0,
        "Interest Income Non Operating": 1622000.0,
        "Operating Income": -12551000.0,
        "Operating Expense": 19714000.0,
        "Research And Development": 11006000.0,
        "Selling General And Administration": 8708000.0,
        "General And Administrative Expense": 8708000.0,
        "Other Gand A": 8708000.0,
        "Total Revenue": 7163000.0,
        "Operating Revenue": 7163000.0
    },
    "2024-03-31": {
        "Tax Effect Of Unusual Items": 0.0,
        "Tax Rate For Calcs": 0.0,
        "Normalized EBITDA": -10697000.0,
        "Net Income From Continuing Operation Net Minority Interest": -9077000.0,
        "Reconciled Depreciation": 32000.0,
        "EBITDA": -10697000.0,
        "EBIT": -10729000.0,
        "Net Interest Income": 1652000.0,
        "Interest Income": 1652000.0,
        "Normalized Income": -9077000.0,
        "Net Income From Continuing And Discontinued Operation": -9077000.0,
        "Total Expenses": 16514000.0,
        "Total Operating Income As Reported": -10729000.0,
        "Diluted Average Shares": 5483313.0,
        "Basic Average Shares": 5483313.0,
        "Diluted EPS": -1.66,
        "Basic EPS": -1.66,
        "Diluted NI Availto Com Stockholders": -9077000.0,
        "Net Income Common Stockholders": -9077000.0,
        "Net Income": -9077000.0,
        "Net Income Including Noncontrolling Interests": -9077000.0,
        "Net Income Continuous Operations": -9077000.0,
        "Tax Provision": NaN,
        "Pretax Income": -9077000.0,
        "Net Non Operating Interest Income Expense": 1652000.0,
        "Interest Income Non Operating": 1652000.0,
        "Operating Income": -10729000.0,
        "Operating Expense": 16514000.0,
        "Research And Development": 11879000.0,
        "Selling General And Administration": 4635000.0,
        "General And Administrative Expense": 4635000.0,
        "Other Gand A": 4635000.0,
        "Total Revenue": 5785000.0,
        "Operating Revenue": 5785000.0
    },
    "2024-06-30": {
        "Tax Effect Of Unusual Items": 0.0,
        "Tax Rate For Calcs": 0.21,
        "Normalized EBITDA": -12171000.0,
        "Net Income From Continuing Operation Net Minority Interest": -11152000.0,
        "Reconciled Depreciation": 32000.0,
        "EBITDA": -12171000.0,
        "EBIT": -12203000.0,
        "Net Interest Income": 1457000.0,
        "Interest Income": 1457000.0,
        "Normalized Income": -11152000.0,
        "Net Income From Continuing And Discontinued Operation": -11152000.0,
        "Total Expenses": 20736000.0,
        "Total Operating Income As Reported": -12203000.0,
        "Diluted Average Shares": 5642752.0,
        "Basic Average Shares": 5642752.0,
        "Diluted EPS": -1.98,
        "Basic EPS": -1.98,
        "Diluted NI Availto Com Stockholders": -11152000.0,
        "Net Income Common Stockholders": -11152000.0,
        "Net Income": -11152000.0,
        "Net Income Including Noncontrolling Interests": -11152000.0,
        "Net Income Continuous Operations": -11152000.0,
        "Tax Provision": 406000.0,
        "Pretax Income": -10746000.0,
        "Net Non Operating Interest Income Expense": 1457000.0,
        "Interest Income Non Operating": 1457000.0,
        "Operating Income": -12203000.0,
        "Operating Expense": 20736000.0,
        "Research And Development": 16259000.0,
        "Selling General And Administration": 4477000.0,
        "General And Administrative Expense": 4477000.0,
        "Other Gand A": 4477000.0,
        "Total Revenue": 8533000.0,
        "Operating Revenue": 8533000.0
    },
    "2024-09-30": {
        "Tax Effect Of Unusual Items": 0.0,
        "Tax Rate For Calcs": 0.0,
        "Normalized EBITDA": -10923000.0,
        "Net Income From Continuing Operation Net Minority Interest": -9613000.0,
        "Reconciled Depreciation": 33000.0,
        "EBITDA": -10923000.0,
        "EBIT": -10956000.0,
        "Net Interest Income": 1343000.0,
        "Interest Income": 1343000.0,
        "Normalized Income": -9613000.0,
        "Net Income From Continuing And Discontinued Operation": -9613000.0,
        "Total Expenses": 17801000.0,
        "Total Operating Income As Reported": -10956000.0,
        "Diluted Average Shares": 6351431.0,
        "Basic Average Shares": 6351431.0,
        "Diluted EPS": -1.51,
        "Basic EPS": -1.51,
        "Diluted NI Availto Com Stockholders": -9613000.0,
        "Net Income Common Stockholders": -9613000.0,
        "Net Income": -9613000.0,
        "Net Income Including Noncontrolling Interests": -9613000.0,
        "Net Income Continuous Operations": -9613000.0,
        "Tax Provision": 0.0,
        "Pretax Income": -9613000.0,
        "Net Non Operating Interest Income Expense": 1343000.0,
        "Interest Income Non Operating": 1343000.0,
        "Operating Income": -10956000.0,
        "Operating Expense": 17801000.0,
        "Research And Development": 13515000.0,
        "Selling General And Administration": 4286000.0,
        "General And Administrative Expense": 4286000.0,
        "Other Gand A": 4286000.0,
        "Total Revenue": 6845000.0,
        "Operating Revenue": 6845000.0
    }
}