{
    "2023-06-30": {
        "Tax Effect Of Unusual Items": 0.0,
        "Tax Rate For Calcs": 0.177172,
        "Normalized EBITDA": 2444200000.0,
        "Net Income From Continuing Operation Net Minority Interest": 1875800000.0,
        "Reconciled Depreciation": 181200000.0,
        "Reconciled Cost Of Revenue": 3358300000.0,
        "EBIT": 2263000000.0,
        "Net Interest Income": 16700000.0,
        "Interest Expense": NaN,
        "Normalized Income": 1875800000.0,
        "Net Income From Continuing And Discontinued Operation": 1875800000.0,
        "Total Expenses": 4639300000.0,
        "Total Operating Income As Reported": 2263000000.0,
        "Diluted Average Shares": 394000000.0,
        "Basic Average Shares": 393800000.0,
        "Diluted EPS": 4.93,
        "Basic EPS": 4.93,
        "Diluted NI Availto Com Stockholders": 1941700000.0,
        "Net Income Common Stockholders": 1941700000.0,
        "Otherunder Preferred Stock Dividend": -65900000.0,
        "Net Income": 1875800000.0,
        "Net Income Including Noncontrolling Interests": 1875800000.0,
        "Net Income Continuous Operations": 1875800000.0,
        "Tax Provision": 403900000.0,
        "Pretax Income": 2279700000.0,
        "Net Non Operating Interest Income Expense": 16700000.0,
        "Total Other Finance Cost": -16700000.0,
        "Interest Expense Non Operating": NaN,
        "Operating Income": 2263000000.0,
        "Operating Expense": 1281000000.0,
        "Research And Development": 999900000.0,
        "Selling General And Administration": 281100000.0,
        "Gross Profit": 3544000000.0,
        "Cost Of Revenue": 3358300000.0,
        "Total Revenue": 6902300000.0,
        "Operating Revenue": 6902300000.0
    },
    "2023-03-31": {
        "Tax Effect Of Unusual Items": 0.0,
        "Tax Rate For Calcs": 0.136,
        "Normalized EBITDA": 2375300000.0,
        "Net Income From Continuing Operation Net Minority Interest": 1914600000.0,
        "Reconciled Depreciation": 170300000.0,
        "Reconciled Cost Of Revenue": 3333000000.0,
        "EBIT": 2205000000.0,
        "Net Interest Income": 12200000.0,
        "Interest Expense": NaN,
        "Normalized Income": 1914600000.0,
        "Net Income From Continuing And Discontinued Operation": 1914600000.0,
        "Total Expenses": 4541200000.0,
        "Total Operating Income As Reported": 2205000000.0,
        "Diluted Average Shares": 394800000.0,
        "Basic Average Shares": 394500000.0,
        "Diluted EPS": 4.95,
        "Basic EPS": 4.96,
        "Diluted NI Availto Com Stockholders": 1955800000.0,
        "Net Income Common Stockholders": 1955800000.0,
        "Otherunder Preferred Stock Dividend": -41200000.0,
        "Net Income": 1914600000.0,
        "Net Income Including Noncontrolling Interests": 1914600000.0,
        "Net Income Continuous Operations": 1914600000.0,
        "Tax Provision": 302600000.0,
        "Pretax Income": 2217200000.0,
        "Net Non Operating Interest Income Expense": 12200000.0,
        "Total Other Finance Cost": -12200000.0,
        "Interest Expense Non Operating": NaN,
        "Operating Income": 2205000000.0,
        "Operating Expense": 1208200000.0,
        "Research And Development": 947900000.0,
        "Selling General And Administration": 260300000.0,
        "Gross Profit": 3413200000.0,
        "Cost Of Revenue": 3333000000.0,
        "Total Revenue": 6746200000.0,
        "Operating Revenue": 6746200000.0
    },
    "2022-12-31": {
        "Tax Effect Of Unusual Items": 0.0,
        "Tax Rate For Calcs": 0.16845,
        "Normalized EBITDA": 2307400000.0,
        "Net Income From Continuing Operation Net Minority Interest": 1763800000.0,
        "Reconciled Depreciation": 183200000.0,
        "Reconciled Cost Of Revenue": 3119300000.0,
        "EBIT": 2124200000.0,
        "Net Interest Income": -3100000.0,
        "Interest Expense": 19300000.0,
        "Normalized Income": 1763800000.0,
        "Net Income From Continuing And Discontinued Operation": 1763800000.0,
        "Total Expenses": 4306000000.0,
        "Total Operating Income As Reported": 2124200000.0,
        "Diluted Average Shares": 395200000.0,
        "Basic Average Shares": 394900000.0,
        "Diluted EPS": 4.6,
        "Basic EPS": 4.6,
        "Diluted NI Availto Com Stockholders": 1816500000.0,
        "Net Income Common Stockholders": 1816500000.0,
        "Otherunder Preferred Stock Dividend": -52700000.0,
        "Net Income": 1763800000.0,
        "Net Income Including Noncontrolling Interests": 1763800000.0,
        "Net Income Continuous Operations": 1763800000.0,
        "Tax Provision": 357300000.0,
        "Pretax Income": 2121100000.0,
        "Net Non Operating Interest Income Expense": -3100000.0,
        "Total Other Finance Cost": 3100000.0,
        "Interest Expense Non Operating": 19300000.0,
        "Operating Income": 2124200000.0,
        "Operating Expense": 1186700000.0,
        "Research And Development": 906300000.0,
        "Selling General And Administration": 280400000.0,
        "Gross Profit": 3310900000.0,
        "Cost Of Revenue": 3119300000.0,
        "Total Revenue": 6430200000.0,
        "Operating Revenue": 6430200000.0
    },
    "2022-09-30": {
        "Tax Effect Of Unusual Items": 0.0,
        "Tax Rate For Calcs": 0.131018,
        "Normalized EBITDA": 2076400000.0,
        "Net Income From Continuing Operation Net Minority Interest": 1671400000.0,
        "Reconciled Depreciation": 137900000.0,
        "Reconciled Cost Of Revenue": 2784600000.0,
        "EBIT": 1938500000.0,
        "Net Interest Income": -15100000.0,
        "Interest Expense": 15100000.0,
        "Normalized Income": 1671400000.0,
        "Net Income From Continuing And Discontinued Operation": 1671400000.0,
        "Total Expenses": 3839800000.0,
        "Total Operating Income As Reported": 1938500000.0,
        "Diluted Average Shares": 396600000.0,
        "Basic Average Shares": 396200000.0,
        "Diluted EPS": 4.29,
        "Basic EPS": 4.29,
        "Diluted NI Availto Com Stockholders": 1701500000.0,
        "Net Income Common Stockholders": 1701500000.0,
        "Otherunder Preferred Stock Dividend": -30100000.0,
        "Net Income": 1671400000.0,
        "Net Income Including Noncontrolling Interests": 1671400000.0,
        "Net Income Continuous Operations": 1671400000.0,
        "Tax Provision": 252000000.0,
        "Pretax Income": 1923400000.0,
        "Net Non Operating Interest Income Expense": -15100000.0,
        "Total Other Finance Cost": NaN,
        "Interest Expense Non Operating": 15100000.0,
        "Operating Income": 1938500000.0,
        "Operating Expense": 1055200000.0,
        "Research And Development": 819400000.0,
        "Selling General And Administration": 235800000.0,
        "Gross Profit": 2993700000.0,
        "Cost Of Revenue": 2784600000.0,
        "Total Revenue": 5778300000.0,
        "Operating Revenue": 5778300000.0
    },
    "2022-06-30": {
        "Tax Effect Of Unusual Items": 0.0,
        "Tax Rate For Calcs": 0.149884,
        "Normalized EBITDA": 1784900000.0,
        "Net Income From Continuing Operation Net Minority Interest": 1396400000.0,
        "Reconciled Depreciation": 131500000.0,
        "Reconciled Cost Of Revenue": 2766000000.0,
        "EBIT": 1653400000.0,
        "Net Interest Income": -10800000.0,
        "Interest Expense": 10800000.0,
        "Normalized Income": 1396400000.0,
        "Net Income From Continuing And Discontinued Operation": 1396400000.0,
        "Total Expenses": 3777100000.0,
        "Total Operating Income As Reported": 1653400000.0,
        "Diluted Average Shares": 398600000.0,
        "Basic Average Shares": 398300000.0,
        "Diluted EPS": 3.54,
        "Basic EPS": 3.54,
        "Diluted NI Availto Com Stockholders": 1410900000.0,
        "Net Income Common Stockholders": 1410900000.0,
        "Otherunder Preferred Stock Dividend": -14500000.0,
        "Net Income": 1396400000.0,
        "Net Income Including Noncontrolling Interests": 1396400000.0,
        "Net Income Continuous Operations": 1396400000.0,
        "Tax Provision": 246200000.0,
        "Pretax Income": 1642600000.0,
        "Net Non Operating Interest Income Expense": -10800000.0,
        "Total Other Finance Cost": 10800000.0,
        "Interest Expense Non Operating": 10800000.0,
        "Operating Income": 1653400000.0,
        "Operating Expense": 1011100000.0,
        "Research And Development": 789100000.0,
        "Selling General And Administration": 222000000.0,
        "Gross Profit": 2664500000.0,
        "Cost Of Revenue": 2766000000.0,
        "Total Revenue": 5430500000.0,
        "Operating Revenue": 5430500000.0
    },
    "2022-03-31": {
        "Diluted EPS": 1.94,
        "Total Revenue": NaN,
        "Gross Profit": NaN,
        "Operating Income": 880,
        "EBIT": NaN,
        "Net Income": 780
    },
    "2021-12-31": {
        "Diluted EPS": 5.05,
        "Total Revenue": NaN,
        "Gross Profit": NaN,
        "Operating Income": NaN,
        "EBIT": NaN,
        "Net Income": NaN
    },
    "2021-09-30": {
        "Diluted EPS": 5.02,
        "Total Revenue": NaN,
        "Gross Profit": NaN,
        "Operating Income": NaN,
        "EBIT": NaN,
        "Net Income": NaN
    },
    "2021-06-30": {
        "Diluted EPS": 3.04,
        "Total Revenue": NaN,
        "Gross Profit": NaN,
        "Operating Income": NaN,
        "EBIT": NaN,
        "Net Income": NaN
    },
    "2021-03-31": {
        "Diluted EPS": 3.86,
        "Total Revenue": NaN,
        "Gross Profit": NaN,
        "Operating Income": NaN,
        "EBIT": NaN,
        "Net Income": NaN
    },
    "2020-12-31": {
        "Diluted EPS": 3.73,
        "Total Revenue": NaN,
        "Gross Profit": NaN,
        "Operating Income": NaN,
        "EBIT": NaN,
        "Net Income": NaN
    },
    "2020-09-30": {
        "Diluted EPS": 2.96,
        "Total Revenue": NaN,
        "Gross Profit": NaN,
        "Operating Income": NaN,
        "EBIT": NaN,
        "Net Income": NaN
    },
    "2020-06-30": {
        "Diluted EPS": 1.97,
        "Total Revenue": NaN,
        "Gross Profit": NaN,
        "Operating Income": 997,
        "EBIT": NaN,
        "Net Income": 827
    },
    "2020-03-31": {
        "Diluted EPS": 1.03,
        "Total Revenue": NaN,
        "Gross Profit": NaN,
        "Operating Income": 471,
        "EBIT": 601,
        "Net Income": 431
    },
    "2019-12-31": {
        "Diluted EPS": 3.01,
        "Total Revenue": NaN,
        "Gross Profit": NaN,
        "Operating Income": NaN,
        "EBIT": NaN,
        "Net Income": NaN
    },
    "2019-09-30": {
        "Diluted EPS": 1.65,
        "Total Revenue": NaN,
        "Gross Profit": NaN,
        "Operating Income": 762,
        "EBIT": 885,
        "Net Income": 697
    },
    "2019-06-30": {
        "Diluted EPS": 1.27,
        "Total Revenue": NaN,
        "Gross Profit": NaN,
        "Operating Income": 556,
        "EBIT": 676,
        "Net Income": 535
    },
    "2019-03-31": {
        "Diluted EPS": 0.95,
        "Total Revenue": NaN,
        "Gross Profit": NaN,
        "Operating Income": 380,
        "EBIT": 499,
        "Net Income": 404
    },
    "2018-12-31": {
        "Diluted EPS": 2.14,
        "Total Revenue": NaN,
        "Gross Profit": NaN,
        "Operating Income": 940,
        "EBIT": NaN,
        "Net Income": 910
    },
    "2018-09-30": {
        "Diluted EPS": 1.86,
        "Total Revenue": NaN,
        "Gross Profit": NaN,
        "Operating Income": 951,
        "EBIT": NaN,
        "Net Income": 791
    },
    "2018-06-30": {
        "Diluted EPS": 1.63,
        "Total Revenue": NaN,
        "Gross Profit": NaN,
        "Operating Income": 822,
        "EBIT": 937,
        "Net Income": 696
    },
    "2018-03-31": {
        "Diluted EPS": 1.55,
        "Total Revenue": NaN,
        "Gross Profit": NaN,
        "Operating Income": 789,
        "EBIT": 916,
        "Net Income": 663
    },
    "2017-12-31": {
        "Diluted EPS": 1.72,
        "Total Revenue": NaN,
        "Gross Profit": NaN,
        "Operating Income": 870,
        "EBIT": 971,
        "Net Income": 745
    },
    "2017-09-30": {
        "Diluted EPS": 1.52,
        "Total Revenue": NaN,
        "Gross Profit": NaN,
        "Operating Income": 771,
        "EBIT": 906,
        "Net Income": 655
    },
    "2017-06-30": {
        "Diluted EPS": 1.19,
        "Total Revenue": NaN,
        "Gross Profit": NaN,
        "Operating Income": 611,
        "EBIT": 730,
        "Net Income": 513
    },
    "2017-03-31": {
        "Diluted EPS": 1.12,
        "Total Revenue": NaN,
        "Gross Profit": 985,
        "Operating Income": 570,
        "EBIT": 687,
        "Net Income": 482
    },
    "2016-12-31": {
        "Diluted EPS": 1.32,
        "Total Revenue": NaN,
        "Gross Profit": 974,
        "Operating Income": 573,
        "EBIT": 685,
        "Net Income": 569
    },
    "2016-09-30": {
        "Diluted EPS": 1.04,
        "Total Revenue": NaN,
        "Gross Profit": 931,
        "Operating Income": 553,
        "EBIT": 648,
        "Net Income": 442
    },
    "2016-06-30": {
        "Diluted EPS": 0.94,
        "Total Revenue": NaN,
        "Gross Profit": 838,
        "Operating Income": 457,
        "EBIT": 554,
        "Net Income": 400
    },
    "2016-03-31": {
        "Diluted EPS": 0.51,
        "Total Revenue": NaN,
        "Gross Profit": 627,
        "Operating Income": 252,
        "EBIT": 342,
        "Net Income": 218
    },
    "2015-12-31": {
        "Diluted EPS": 0.74,
        "Total Revenue": NaN,
        "Gross Profit": 720,
        "Operating Income": 346,
        "EBIT": 435,
        "Net Income": 318
    },
    "2015-09-30": {
        "Diluted EPS": 0.84,
        "Total Revenue": NaN,
        "Gross Profit": 783,
        "Operating Income": 414,
        "EBIT": 501,
        "Net Income": 359
    },
    "2015-06-30": {
        "Diluted EPS": 0.94,
        "Total Revenue": NaN,
        "Gross Profit": 834,
        "Operating Income": 463,
        "EBIT": 542,
        "Net Income": 409
    },
    "2015-03-31": {
        "Diluted EPS": 1.05,
        "Total Revenue": NaN,
        "Gross Profit": 879,
        "Operating Income": 514,
        "EBIT": 589,
        "Net Income": 455
    },
    "2014-12-31": {
        "Diluted EPS": 0.81,
        "Total Revenue": NaN,
        "Gross Profit": 710,
        "Operating Income": 282,
        "EBIT": 258,
        "Net Income": 353
    },
    "2014-09-30": {
        "Diluted EPS": 0.74,
        "Total Revenue": NaN,
        "Gross Profit": 767,
        "Operating Income": 347,
        "Net Income": 324
    },
    "2014-06-30": {
        "Diluted EPS": 1.24,
        "Total Revenue": NaN,
        "Gross Profit": NaN,
        "Operating Income": 536,
        "EBIT": 448,
        "Net Income": 543
    },
    "2014-03-31": {
        "Diluted EPS": 0.62,
        "Total Revenue": NaN,
        "Gross Profit": 455,
        "Operating Income": -44,
        "EBIT": 45,
        "Net Income": 274
    },
    "2013-12-31": {
        "Diluted EPS": 1.46,
        "Total Revenue": NaN,
        "Gross Profit": NaN,
        "Operating Income": 660,
        "EBIT": 750,
        "Net Income": 652
    },
    "2013-09-30": {
        "Diluted EPS": 0.58,
        "Total Revenue": NaN,
        "Gross Profit": 741,
        "Operating Income": 297,
        "EBIT": 338,
        "Net Income": 261
    },
    "2013-06-30": {
        "Diluted EPS": 0.67,
        "Total Revenue": NaN,
        "Gross Profit": 608,
        "Operating Income": 365,
        "EBIT": 478,
        "Net Income": 289
    },
    "2013-03-31": {
        "Diluted EPS": 0.3,
        "Total Revenue": NaN,
        "Gross Profit": 447,
        "Operating Income": 121,
        "EBIT": 179,
        "Net Income": 127
    },
    "2012-12-31": {
        "Diluted EPS": 0.87,
        "Total Revenue": NaN,
        "Gross Profit": 668,
        "Operating Income": 74,
        "EBIT": 39,
        "Net Income": 396
    },
    "2012-09-30": {
        "Diluted EPS": 1.1,
        "Total Revenue": NaN,
        "Gross Profit": 701,
        "Operating Income": 538,
        "EBIT": 676,
        "Net Income": 360
    },
    "2012-06-30": {
        "Diluted EPS": 1.13,
        "Total Revenue": NaN,
        "Gross Profit": 590,
        "Operating Income": 432,
        "EBIT": 503,
        "Net Income": 358
    },
    "2012-03-31": {
        "Diluted EPS": 1.16,
        "Total Revenue": NaN,
        "Gross Profit": 654,
        "Operating Income": 478,
        "EBIT": 543,
        "Net Income": 370
    },
    "2011-12-31": {
        "Diluted EPS": 1.13,
        "Total Revenue": NaN,
        "Gross Profit": 571,
        "Operating Income": 361,
        "EBIT": 439,
        "Net Income": 364
    },
    "2011-09-30": {
        "Diluted EPS": 1.48,
        "Total Revenue": NaN,
        "Gross Profit": 749,
        "Operating Income": 481,
        "EBIT": 575,
        "Net Income": 483
    },
    "2011-06-30": {
        "Diluted EPS": 1.82,
        "Total Revenue": NaN,
        "Gross Profit": 888,
        "Operating Income": 629,
        "EBIT": 735,
        "Net Income": 604
    },
    "2011-03-31": {
        "Diluted EPS": 1.69,
        "Total Revenue": NaN,
        "Gross Profit": 966,
        "Operating Income": 716,
        "EBIT": 808,
        "Net Income": 571
    },
    "2010-12-31": {
        "Diluted EPS": 1.61,
        "Total Revenue": NaN,
        "Gross Profit": 760,
        "Operating Income": 534,
        "EBIT": 615,
        "Net Income": 543
    },
    "2010-09-30": {
        "Diluted EPS": 1.03,
        "Total Revenue": NaN,
        "Gross Profit": 600,
        "Operating Income": 398,
        "EBIT": 582,
        "Net Income": 346
    },
    "2010-06-30": {
        "Diluted EPS": 0.88,
        "Total Revenue": NaN,
        "Gross Profit": 572,
        "Operating Income": 359,
        "EBIT": 401,
        "Net Income": 302
    },
    "2010-03-31": {
        "Diluted EPS": 0.43,
        "Total Revenue": NaN,
        "Gross Profit": 394,
        "Operating Income": 170,
        "EBIT": 218,
        "Net Income": 146
    },
    "2009-12-31": {
        "Diluted EPS": 0.22,
        "Total Revenue": 833,
        "Gross Profit": 320,
        "Operating Income": 94,
        "EBIT": 134,
        "Net Income": 72
    },
    "2009-09-30": {
        "Diluted EPS": 0.08,
        "Total Revenue": 793,
        "Gross Profit": 273,
        "Operating Income": 55,
        "EBIT": 116,
        "Net Income": 28
    },
    "2009-06-30": {
        "Diluted EPS": -0.44,
        "Total Revenue": 387,
        "Gross Profit": 57,
        "Operating Income": -160,
        "EBIT": -115,
        "Net Income": -145
    },
    "2009-03-31": {
        "Diluted EPS": -0.47,
        "Total Revenue": 244,
        "Gross Profit": 20,
        "Operating Income": -188,
        "EBIT": -138,
        "Net Income": -156
    }
}