{
    "2023-03-31": {
        "Tax Effect Of Unusual Items": 0.0,
        "Tax Rate For Calcs": 0.22,
        "Normalized EBITDA": -95231000.0,
        "Net Income From Continuing Operation Net Minority Interest": -110914000.0,
        "Reconciled Depreciation": 4546000.0,
        "Reconciled Cost Of Revenue": 4621000.0,
        "EBITDA": -95231000.0,
        "EBIT": -99777000.0,
        "Net Interest Income": 35295000.0,
        "Interest Expense": 9840000.0,
        "Interest Income": 45135000.0,
        "Normalized Income": -110914000.0,
        "Net Income From Continuing And Discontinued Operation": -110914000.0,
        "Total Expenses": 177274000.0,
        "Total Operating Income As Reported": -143685000.0,
        "Diluted Average Shares": 56091927.0,
        "Basic Average Shares": 56091927.0,
        "Diluted EPS": -1.98,
        "Basic EPS": -1.98,
        "Diluted NI Availto Com Stockholders": -110914000.0,
        "Net Income Common Stockholders": -110914000.0,
        "Net Income": -110914000.0,
        "Net Income Including Noncontrolling Interests": -110914000.0,
        "Net Income Continuous Operations": -110914000.0,
        "Tax Provision": 1297000.0,
        "Pretax Income": -109617000.0,
        "Other Income Expense": -1227000.0,
        "Earnings From Equity Interest": -1227000.0,
        "Net Non Operating Interest Income Expense": 35295000.0,
        "Interest Expense Non Operating": 9840000.0,
        "Interest Income Non Operating": 45135000.0,
        "Operating Income": -143685000.0,
        "Operating Expense": 172653000.0,
        "Research And Development": 106114000.0,
        "Selling General And Administration": 66539000.0,
        "Gross Profit": 28968000.0,
        "Cost Of Revenue": 4621000.0,
        "Total Revenue": 33589000.0,
        "Operating Revenue": 33589000.0
    },
    "2022-12-31": {
        "Tax Effect Of Unusual Items": 0.0,
        "Tax Rate For Calcs": 0.22,
        "Normalized EBITDA": -176648000.0,
        "Net Income From Continuing Operation Net Minority Interest": -207418000.0,
        "Reconciled Depreciation": 4637000.0,
        "Reconciled Cost Of Revenue": 5112000.0,
        "EBITDA": -176648000.0,
        "EBIT": -181285000.0,
        "Net Interest Income": -91477000.0,
        "Interest Expense": 20784000.0,
        "Interest Income": -66371000.0,
        "Normalized Income": -207418000.0,
        "Net Income From Continuing And Discontinued Operation": -207418000.0,
        "Total Expenses": 170282000.0,
        "Total Operating Income As Reported": -147386000.0,
        "Diluted Average Shares": NaN,
        "Basic Average Shares": NaN,
        "Diluted EPS": NaN,
        "Basic EPS": NaN,
        "Diluted NI Availto Com Stockholders": -207418000.0,
        "Net Income Common Stockholders": -207418000.0,
        "Net Income": -207418000.0,
        "Net Income Including Noncontrolling Interests": -207418000.0,
        "Net Income Continuous Operations": -207418000.0,
        "Tax Provision": 5349000.0,
        "Pretax Income": -202069000.0,
        "Other Income Expense": 36794000.0,
        "Earnings From Equity Interest": -7961000.0,
        "Net Non Operating Interest Income Expense": -91477000.0,
        "Interest Expense Non Operating": 20784000.0,
        "Interest Income Non Operating": -66371000.0,
        "Operating Income": -147386000.0,
        "Operating Expense": 165170000.0,
        "Research And Development": 108618000.0,
        "Selling General And Administration": 56552000.0,
        "Gross Profit": 17784000.0,
        "Cost Of Revenue": 5112000.0,
        "Total Revenue": 22896000.0,
        "Operating Revenue": 22896000.0
    },
    "2022-09-30": {
        "Tax Effect Of Unusual Items": 0.0,
        "Tax Rate For Calcs": 0.000987,
        "Normalized EBITDA": -123360000.0,
        "Net Income From Continuing Operation Net Minority Interest": -168955000.0,
        "Reconciled Depreciation": 4515000.0,
        "Reconciled Cost Of Revenue": 1693000.0,
        "EBITDA": -123360000.0,
        "EBIT": -127875000.0,
        "Net Interest Income": -20921000.0,
        "Interest Expense": 41247000.0,
        "Interest Income": 20326000.0,
        "Normalized Income": -168955000.0,
        "Net Income From Continuing And Discontinued Operation": -168955000.0,
        "Total Expenses": 159795000.0,
        "Total Operating Income As Reported": -144505000.0,
        "Diluted Average Shares": 55831561.0,
        "Basic Average Shares": 55831561.0,
        "Diluted EPS": -3.03,
        "Basic EPS": -3.03,
        "Diluted NI Availto Com Stockholders": -168955000.0,
        "Net Income Common Stockholders": -168955000.0,
        "Net Income": -168955000.0,
        "Net Income Including Noncontrolling Interests": -168955000.0,
        "Net Income Continuous Operations": -168955000.0,
        "Tax Provision": -167000.0,
        "Pretax Income": -169122000.0,
        "Other Income Expense": -3696000.0,
        "Earnings From Equity Interest": -3696000.0,
        "Net Non Operating Interest Income Expense": -20921000.0,
        "Interest Expense Non Operating": 41247000.0,
        "Interest Income Non Operating": 20326000.0,
        "Operating Income": -144505000.0,
        "Operating Expense": 158102000.0,
        "Research And Development": 97431000.0,
        "Selling General And Administration": 60671000.0,
        "Gross Profit": 13597000.0,
        "Cost Of Revenue": 1693000.0,
        "Total Revenue": 15290000.0,
        "Operating Revenue": 15290000.0
    },
    "2022-06-30": {
        "Tax Effect Of Unusual Items": 0.0,
        "Tax Rate For Calcs": 0.000578,
        "Normalized EBITDA": -67541000.0,
        "Net Income From Continuing Operation Net Minority Interest": -81319000.0,
        "Reconciled Depreciation": 4391000.0,
        "Reconciled Cost Of Revenue": 1086000.0,
        "EBITDA": -67541000.0,
        "EBIT": -71932000.0,
        "Net Interest Income": 61693000.0,
        "Interest Expense": 9434000.0,
        "Interest Income": 71127000.0,
        "Normalized Income": -81319000.0,
        "Net Income From Continuing And Discontinued Operation": -81319000.0,
        "Total Expenses": 148053000.0,
        "Total Operating Income As Reported": -141893000.0,
        "Diluted Average Shares": 55805486.0,
        "Basic Average Shares": 55805486.0,
        "Diluted EPS": -1.46,
        "Basic EPS": -1.46,
        "Diluted NI Availto Com Stockholders": -81319000.0,
        "Net Income Common Stockholders": -81319000.0,
        "Net Income": -81319000.0,
        "Net Income Including Noncontrolling Interests": -81319000.0,
        "Net Income Continuous Operations": -81319000.0,
        "Tax Provision": -47000.0,
        "Pretax Income": -81366000.0,
        "Other Income Expense": -1166000.0,
        "Earnings From Equity Interest": -1166000.0,
        "Net Non Operating Interest Income Expense": 61693000.0,
        "Interest Expense Non Operating": 9434000.0,
        "Interest Income Non Operating": 71127000.0,
        "Operating Income": -141893000.0,
        "Operating Expense": 146967000.0,
        "Research And Development": 90383000.0,
        "Selling General And Administration": 56584000.0,
        "Gross Profit": 5074000.0,
        "Cost Of Revenue": 1086000.0,
        "Total Revenue": 6160000.0,
        "Operating Revenue": 6160000.0
    },
    "2022-03-31": {
        "Diluted EPS": -2.48,
        "Total Revenue": 8,
        "Gross Profit": 3,
        "Operating Income": -144,
        "EBIT": -139,
        "Net Income": -141
    },
    "2021-12-31": {
        "Diluted EPS": -2.13,
        "Total Revenue": 6,
        "Gross Profit": 6,
        "Operating Income": -128,
        "EBIT": -123,
        "Net Income": -121
    },
    "2021-09-30": {
        "Diluted EPS": -1.73,
        "Total Revenue": 1,
        "Gross Profit": 1,
        "Operating Income": -114,
        "EBIT": -110,
        "Net Income": -95
    },
    "2021-06-30": {
        "Diluted EPS": -3.01,
        "Total Revenue": 1,
        "Gross Profit": 1,
        "Operating Income": -142,
        "EBIT": -137,
        "Net Income": -162
    },
    "2021-03-31": {
        "Diluted EPS": -1.41,
        "Total Revenue": 1,
        "Gross Profit": 1,
        "Operating Income": -150,
        "EBIT": -146,
        "Net Income": -76
    },
    "2020-12-31": {
        "Diluted EPS": -3.13,
        "Total Revenue": 1,
        "Gross Profit": 1,
        "Operating Income": -113,
        "EBIT": -110,
        "Net Income": -162
    },
    "2020-09-30": {
        "Diluted EPS": -2.7,
        "Total Revenue": 3,
        "Gross Profit": 3,
        "Operating Income": -92,
        "EBIT": -89,
        "Net Income": -142
    },
    "2020-06-30": {
        "Diluted EPS": -2.17,
        "Total Revenue": 2,
        "Gross Profit": 2,
        "Operating Income": -91,
        "EBIT": -89,
        "Net Income": -105
    },
    "2020-03-31": {
        "Diluted EPS": -1.46,
        "Total Revenue": 2,
        "Gross Profit": 2,
        "Operating Income": -81,
        "EBIT": -79,
        "Net Income": -70
    },
    "2019-12-31": {
        "Diluted EPS": -1.85,
        "Total Revenue": 3,
        "Gross Profit": 3,
        "Operating Income": -72,
        "EBIT": -70,
        "Net Income": -89
    },
    "2019-09-30": {
        "Diluted EPS": -0.59,
        "Total Revenue": 2,
        "Gross Profit": 2,
        "Operating Income": -60,
        "EBIT": -58,
        "Net Income": -28
    },
    "2019-06-30": {
        "Diluted EPS": -1.41,
        "Total Revenue": 4,
        "Gross Profit": 4,
        "Operating Income": -58,
        "EBIT": -56,
        "Net Income": -66
    },
    "2019-03-31": {
        "Diluted EPS": -1.41,
        "Total Revenue": 6,
        "Gross Profit": 6,
        "Operating Income": -64,
        "EBIT": -62,
        "Net Income": -61
    },
    "2018-12-31": {
        "Diluted EPS": -0.83,
        "Total Revenue": 12,
        "Gross Profit": 12,
        "Operating Income": -41,
        "EBIT": -41,
        "Net Income": -36
    },
    "2018-09-30": {
        "Diluted EPS": -0.94,
        "Total Revenue": 0,
        "Gross Profit": 0,
        "Operating Income": -45,
        "EBIT": -44,
        "Net Income": -39
    },
    "2018-06-30": {
        "Diluted EPS": -0.66,
        "Total Revenue": 0,
        "Gross Profit": 0,
        "Operating Income": -54,
        "EBIT": -54,
        "Net Income": -27
    },
    "2018-03-31": {
        "Diluted EPS": -1.32,
        "Total Revenue": 0,
        "Gross Profit": 0,
        "Operating Income": -43,
        "EBIT": -43,
        "Net Income": -51
    },
    "2017-12-31": {
        "Diluted EPS": -1.07,
        "Total Revenue": 0,
        "Gross Profit": 0,
        "Operating Income": -37,
        "EBIT": -37,
        "Net Income": -40
    },
    "2017-09-30": {
        "Diluted EPS": -1.22,
        "Total Revenue": 1,
        "Gross Profit": 1,
        "Operating Income": -37,
        "EBIT": -37,
        "Net Income": -40
    },
    "2017-06-30": {
        "Diluted EPS": -1.03,
        "Total Revenue": 0,
        "Gross Profit": 0,
        "Operating Income": -27,
        "EBIT": -27,
        "Net Income": -34
    },
    "2017-03-31": {
        "Diluted EPS": -0.83,
        "Total Revenue": 0,
        "Gross Profit": 0,
        "Operating Income": -25,
        "EBIT": -25,
        "Net Income": -27
    },
    "2016-12-31": {
        "Diluted EPS": -0.55,
        "Total Revenue": 1,
        "Gross Profit": 1,
        "Operating Income": -24,
        "EBIT": -24,
        "Net Income": -18
    },
    "2016-09-30": {
        "Diluted EPS": -0.8,
        "Total Revenue": 1,
        "Gross Profit": 1,
        "Operating Income": -20,
        "EBIT": -20,
        "Net Income": -20
    },
    "2016-06-30": {
        "Diluted EPS": -0.6,
        "Total Revenue": 1,
        "Gross Profit": 1,
        "Operating Income": -17,
        "EBIT": -17,
        "Net Income": -15
    },
    "2016-03-31": {
        "Diluted EPS": -0.91,
        "Total Revenue": 1,
        "Gross Profit": 1,
        "Operating Income": -20,
        "EBIT": -20,
        "Net Income": -23
    },
    "2015-12-31": {
        "Diluted EPS": -0.58,
        "Total Revenue": 2,
        "Gross Profit": 2,
        "Operating Income": -15,
        "EBIT": -15,
        "Net Income": -13
    },
    "2015-09-30": {
        "Diluted EPS": -0.33,
        "Total Revenue": 2,
        "Gross Profit": 2,
        "Operating Income": -8,
        "EBIT": -8,
        "Net Income": -8
    },
    "2015-06-30": {
        "Diluted EPS": -0.7,
        "Total Revenue": 2,
        "Gross Profit": 2,
        "Operating Income": -14,
        "EBIT": -14,
        "Net Income": -17
    },
    "2015-03-31": {
        "Diluted EPS": 0.07,
        "Total Revenue": 2,
        "Gross Profit": 2,
        "Operating Income": -9,
        "EBIT": -9,
        "Net Income": 2
    },
    "2014-12-31": {
        "Diluted EPS": 0.0,
        "Total Revenue": NaN,
        "Gross Profit": NaN,
        "Operating Income": NaN,
        "EBIT": NaN,
        "Net Income": NaN
    },
    "2014-03-31": {
        "Diluted EPS": -0.07,
        "Total Revenue": 5,
        "Gross Profit": 5,
        "Operating Income": 5,
        "EBIT": 5,
        "Net Income": -1
    },
    "2023-06-30": {
        "Tax Effect Of Unusual Items": 0.0,
        "Tax Rate For Calcs": 0.00352,
        "Normalized EBITDA": -107883000.0,
        "Net Income From Continuing Operation Net Minority Interest": -121433000.0,
        "Reconciled Depreciation": 4645000.0,
        "Reconciled Cost Of Revenue": 12929000.0,
        "EBITDA": -107883000.0,
        "EBIT": -112528000.0,
        "Net Interest Income": 26427000.0,
        "Interest Expense": 9334000.0,
        "Interest Income": 35761000.0,
        "Normalized Income": -121433000.0,
        "Net Income From Continuing And Discontinued Operation": -121433000.0,
        "Total Expenses": 188231000.0,
        "Total Operating Income As Reported": -140838000.0,
        "Diluted Average Shares": 56218257.0,
        "Basic Average Shares": 56218257.0,
        "Diluted EPS": -2.16,
        "Basic EPS": -2.16,
        "Diluted NI Availto Com Stockholders": -121433000.0,
        "Net Income Common Stockholders": -121433000.0,
        "Net Income": -121433000.0,
        "Net Income Including Noncontrolling Interests": -121433000.0,
        "Net Income Continuous Operations": -121433000.0,
        "Tax Provision": -429000.0,
        "Pretax Income": -121862000.0,
        "Other Income Expense": -7451000.0,
        "Earnings From Equity Interest": -7451000.0,
        "Net Non Operating Interest Income Expense": 26427000.0,
        "Interest Expense Non Operating": 9334000.0,
        "Interest Income Non Operating": 35761000.0,
        "Operating Income": -140838000.0,
        "Operating Expense": 175302000.0,
        "Research And Development": 105021000.0,
        "Selling General And Administration": 70281000.0,
        "Gross Profit": 34464000.0,
        "Cost Of Revenue": 12929000.0,
        "Total Revenue": 47393000.0,
        "Operating Revenue": 47393000.0
    },
    "2023-09-30": {
        "Tax Effect Of Unusual Items": 0.0,
        "Tax Rate For Calcs": 0.22,
        "Normalized EBITDA": -132316000.0,
        "Net Income From Continuing Operation Net Minority Interest": -162223000.0,
        "Reconciled Depreciation": 4743000.0,
        "Reconciled Cost Of Revenue": 7388000.0,
        "EBITDA": -132316000.0,
        "EBIT": -137059000.0,
        "Net Interest Income": -20377000.0,
        "Interest Expense": 24519000.0,
        "Interest Income": 4142000.0,
        "Normalized Income": -162223000.0,
        "Net Income From Continuing And Discontinued Operation": -162223000.0,
        "Total Expenses": 182441000.0,
        "Total Operating Income As Reported": -134407000.0,
        "Diluted Average Shares": 56272698.0,
        "Basic Average Shares": 56272698.0,
        "Diluted EPS": -2.88,
        "Basic EPS": -2.88,
        "Diluted NI Availto Com Stockholders": -162223000.0,
        "Net Income Common Stockholders": -162223000.0,
        "Net Income": -162223000.0,
        "Net Income Including Noncontrolling Interests": -162223000.0,
        "Net Income Continuous Operations": -162223000.0,
        "Tax Provision": 645000.0,
        "Pretax Income": -161578000.0,
        "Other Income Expense": -6794000.0,
        "Earnings From Equity Interest": -6794000.0,
        "Net Non Operating Interest Income Expense": -20377000.0,
        "Interest Expense Non Operating": 24519000.0,
        "Interest Income Non Operating": 4142000.0,
        "Operating Income": -134407000.0,
        "Operating Expense": 175053000.0,
        "Research And Development": 111439000.0,
        "Selling General And Administration": 63614000.0,
        "Gross Profit": 40646000.0,
        "Cost Of Revenue": 7388000.0,
        "Total Revenue": 48034000.0,
        "Operating Revenue": 48034000.0
    },
    "2023-12-31": {
        "Tax Effect Of Unusual Items": 0.0,
        "Tax Rate For Calcs": 0.22,
        "Normalized EBITDA": -67686000.0,
        "Net Income From Continuing Operation Net Minority Interest": -86878000.0,
        "Reconciled Depreciation": 4977000.0,
        "Reconciled Cost Of Revenue": 19457000.0,
        "EBITDA": -67686000.0,
        "EBIT": -72663000.0,
        "Net Interest Income": -68553000.0,
        "Interest Expense": 8425000.0,
        "Interest Income": -60128000.0,
        "Normalized Income": -86878000.0,
        "Net Income From Continuing And Discontinued Operation": -86878000.0,
        "Total Expenses": 174313000.0,
        "Total Operating Income As Reported": -36611000.0,
        "Diluted Average Shares": NaN,
        "Basic Average Shares": NaN,
        "Diluted EPS": NaN,
        "Basic EPS": NaN,
        "Diluted NI Availto Com Stockholders": -86878000.0,
        "Net Income Common Stockholders": -86878000.0,
        "Net Income": -86878000.0,
        "Net Income Including Noncontrolling Interests": -86878000.0,
        "Net Income Continuous Operations": -86878000.0,
        "Tax Provision": 5790000.0,
        "Pretax Income": -81088000.0,
        "Other Income Expense": 24076000.0,
        "Earnings From Equity Interest": -2924000.0,
        "Net Non Operating Interest Income Expense": -68553000.0,
        "Interest Expense Non Operating": 8425000.0,
        "Interest Income Non Operating": -60128000.0,
        "Operating Income": -36611000.0,
        "Operating Expense": 154856000.0,
        "Research And Development": 90881000.0,
        "Selling General And Administration": 63975000.0,
        "Gross Profit": 118245000.0,
        "Cost Of Revenue": 19457000.0,
        "Total Revenue": 137702000.0,
        "Operating Revenue": 137702000.0
    }
}