{
    "2023-03-31": {
        "Tax Effect Of Unusual Items": NaN,
        "Tax Rate For Calcs": NaN,
        "Normalized EBITDA": NaN,
        "Net Income From Continuing Operation Net Minority Interest": NaN,
        "Reconciled Depreciation": NaN,
        "Reconciled Cost Of Revenue": NaN,
        "EBITDA": NaN,
        "EBIT": NaN,
        "Net Interest Income": NaN,
        "Interest Expense": NaN,
        "Interest Income": 148000.0,
        "Normalized Income": NaN,
        "Net Income From Continuing And Discontinued Operation": NaN,
        "Total Expenses": NaN,
        "Total Operating Income As Reported": NaN,
        "Diluted Average Shares": 1734160.0,
        "Basic Average Shares": 1734160.0,
        "Diluted EPS": -1.09,
        "Basic EPS": -1.09,
        "Diluted NI Availto Com Stockholders": NaN,
        "Net Income Common Stockholders": NaN,
        "Net Income": NaN,
        "Net Income Including Noncontrolling Interests": NaN,
        "Net Income Continuous Operations": NaN,
        "Pretax Income": NaN,
        "Net Non Operating Interest Income Expense": NaN,
        "Total Other Finance Cost": NaN,
        "Interest Expense Non Operating": NaN,
        "Interest Income Non Operating": 148000.0,
        "Operating Income": NaN,
        "Operating Expense": NaN,
        "Other Operating Expenses": NaN,
        "Research And Development": NaN,
        "Selling General And Administration": NaN,
        "Selling And Marketing Expense": NaN,
        "General And Administrative Expense": NaN,
        "Other Gand A": NaN,
        "Gross Profit": NaN,
        "Cost Of Revenue": NaN,
        "Total Revenue": NaN,
        "Operating Revenue": NaN
    },
    "2022-12-31": {
        "Tax Effect Of Unusual Items": 0.0,
        "Tax Rate For Calcs": 0.0,
        "Normalized EBITDA": -6055000.0,
        "Net Income From Continuing Operation Net Minority Interest": -2482000.0,
        "Reconciled Depreciation": -6000.0,
        "Reconciled Cost Of Revenue": 1463000.0,
        "EBITDA": -6055000.0,
        "EBIT": -6055000.0,
        "Net Interest Income": 65000.0,
        "Interest Expense": -3573000.0,
        "Normalized Income": -2482000.0,
        "Net Income From Continuing And Discontinued Operation": -2482000.0,
        "Total Expenses": 4538000.0,
        "Total Operating Income As Reported": -2004000.0,
        "Diluted Average Shares": NaN,
        "Basic Average Shares": NaN,
        "Diluted EPS": NaN,
        "Basic EPS": NaN,
        "Diluted NI Availto Com Stockholders": -2482000.0,
        "Net Income Common Stockholders": -2482000.0,
        "Net Income": -2482000.0,
        "Net Income Including Noncontrolling Interests": -2482000.0,
        "Net Income Continuous Operations": -2482000.0,
        "Pretax Income": -2482000.0,
        "Net Non Operating Interest Income Expense": 65000.0,
        "Total Other Finance Cost": NaN,
        "Interest Expense Non Operating": -3573000.0,
        "Operating Income": -2004000.0,
        "Operating Expense": 3075000.0,
        "Research And Development": 717000.0,
        "Selling General And Administration": 2358000.0,
        "Selling And Marketing Expense": 925000.0,
        "General And Administrative Expense": 1433000.0,
        "Other Gand A": 1433000.0,
        "Gross Profit": 1071000.0,
        "Cost Of Revenue": 1463000.0,
        "Total Revenue": 2534000.0,
        "Operating Revenue": 2534000.0
    },
    "2022-09-30": {
        "Tax Effect Of Unusual Items": NaN,
        "Tax Rate For Calcs": NaN,
        "Normalized EBITDA": NaN,
        "Net Income From Continuing Operation Net Minority Interest": NaN,
        "Reconciled Depreciation": NaN,
        "Reconciled Cost Of Revenue": NaN,
        "EBITDA": NaN,
        "EBIT": NaN,
        "Net Interest Income": NaN,
        "Interest Expense": NaN,
        "Normalized Income": NaN,
        "Net Income From Continuing And Discontinued Operation": NaN,
        "Total Expenses": NaN,
        "Total Operating Income As Reported": NaN,
        "Diluted Average Shares": 1731753.0,
        "Basic Average Shares": 1731753.0,
        "Diluted EPS": -1.27,
        "Basic EPS": -1.27,
        "Diluted NI Availto Com Stockholders": NaN,
        "Net Income Common Stockholders": NaN,
        "Net Income": NaN,
        "Net Income Including Noncontrolling Interests": NaN,
        "Net Income Continuous Operations": NaN,
        "Pretax Income": NaN,
        "Net Non Operating Interest Income Expense": NaN,
        "Total Other Finance Cost": NaN,
        "Interest Expense Non Operating": NaN,
        "Operating Income": NaN,
        "Operating Expense": NaN,
        "Research And Development": NaN,
        "Selling General And Administration": NaN,
        "Selling And Marketing Expense": NaN,
        "General And Administrative Expense": NaN,
        "Other Gand A": NaN,
        "Gross Profit": NaN,
        "Cost Of Revenue": NaN,
        "Total Revenue": NaN,
        "Operating Revenue": NaN
    },
    "2022-06-30": {
        "Tax Effect Of Unusual Items": 0.0,
        "Tax Rate For Calcs": 0.0,
        "Normalized EBITDA": -648000.0,
        "Net Income From Continuing Operation Net Minority Interest": -1654000.0,
        "Reconciled Depreciation": 10000.0,
        "Reconciled Cost Of Revenue": 1159000.0,
        "EBITDA": -648000.0,
        "EBIT": -658000.0,
        "Net Interest Income": -996000.0,
        "Interest Expense": 996000.0,
        "Normalized Income": -1654000.0,
        "Net Income From Continuing And Discontinued Operation": -1654000.0,
        "Total Expenses": 3739000.0,
        "Total Operating Income As Reported": -658000.0,
        "Diluted Average Shares": 952223.0,
        "Basic Average Shares": 952223.0,
        "Diluted EPS": -1.74,
        "Basic EPS": -1.74,
        "Diluted NI Availto Com Stockholders": -1654000.0,
        "Net Income Common Stockholders": -1654000.0,
        "Net Income": -1654000.0,
        "Net Income Including Noncontrolling Interests": -1654000.0,
        "Net Income Continuous Operations": -1654000.0,
        "Pretax Income": -1654000.0,
        "Net Non Operating Interest Income Expense": -996000.0,
        "Total Other Finance Cost": NaN,
        "Interest Expense Non Operating": 996000.0,
        "Operating Income": -658000.0,
        "Operating Expense": 2580000.0,
        "Research And Development": 676000.0,
        "Selling General And Administration": 1904000.0,
        "Selling And Marketing Expense": 837000.0,
        "General And Administrative Expense": 1067000.0,
        "Other Gand A": 1067000.0,
        "Gross Profit": 1922000.0,
        "Cost Of Revenue": 1159000.0,
        "Total Revenue": 3081000.0,
        "Operating Revenue": 3081000.0
    },
    "2022-03-31": {
        "Diluted EPS": -22.6,
        "Total Revenue": 2,
        "Gross Profit": 1,
        "Operating Income": -1,
        "EBIT": -1,
        "Net Income": -5
    },
    "2021-12-31": {
        "Diluted EPS": -16.3,
        "Total Revenue": 3,
        "Gross Profit": 1,
        "Operating Income": -1,
        "EBIT": -1,
        "Net Income": -3
    },
    "2021-09-30": {
        "Diluted EPS": -5.8,
        "Total Revenue": 1,
        "Gross Profit": 1,
        "Operating Income": -1,
        "EBIT": -1,
        "Net Income": -1
    },
    "2021-06-30": {
        "Diluted EPS": -0.2,
        "Total Revenue": 3,
        "Gross Profit": 2,
        "Operating Income": 0,
        "EBIT": 0,
        "Net Income": 0
    },
    "2021-03-31": {
        "Diluted EPS": -3.3,
        "Total Revenue": 2,
        "Gross Profit": 1,
        "Operating Income": -1,
        "EBIT": -1,
        "Net Income": -1
    },
    "2020-12-31": {
        "Diluted EPS": 0.0,
        "Total Revenue": NaN,
        "Gross Profit": NaN,
        "Operating Income": NaN,
        "EBIT": NaN,
        "Net Income": NaN
    },
    "2023-06-30": {
        "Tax Effect Of Unusual Items": NaN,
        "Tax Rate For Calcs": NaN,
        "Normalized EBITDA": NaN,
        "Net Income From Continuing Operation Net Minority Interest": NaN,
        "Reconciled Depreciation": NaN,
        "Reconciled Cost Of Revenue": NaN,
        "EBITDA": NaN,
        "EBIT": NaN,
        "Net Interest Income": NaN,
        "Interest Expense": NaN,
        "Interest Income": 296000.0,
        "Normalized Income": NaN,
        "Net Income From Continuing And Discontinued Operation": NaN,
        "Total Expenses": NaN,
        "Total Operating Income As Reported": NaN,
        "Diluted Average Shares": 2333381.0,
        "Basic Average Shares": 2333381.0,
        "Diluted EPS": -0.68,
        "Basic EPS": -0.68,
        "Diluted NI Availto Com Stockholders": NaN,
        "Net Income Common Stockholders": NaN,
        "Net Income": NaN,
        "Net Income Including Noncontrolling Interests": NaN,
        "Net Income Continuous Operations": NaN,
        "Pretax Income": NaN,
        "Net Non Operating Interest Income Expense": NaN,
        "Total Other Finance Cost": -296000.0,
        "Interest Expense Non Operating": NaN,
        "Interest Income Non Operating": 296000.0,
        "Operating Income": NaN,
        "Operating Expense": NaN,
        "Other Operating Expenses": NaN,
        "Research And Development": NaN,
        "Selling General And Administration": NaN,
        "Selling And Marketing Expense": NaN,
        "General And Administrative Expense": NaN,
        "Other Gand A": NaN,
        "Gross Profit": NaN,
        "Cost Of Revenue": NaN,
        "Total Revenue": NaN,
        "Operating Revenue": NaN
    },
    "2023-09-30": {
        "Tax Effect Of Unusual Items": 0.0,
        "Tax Rate For Calcs": 0.0,
        "Normalized EBITDA": -699000.0,
        "Net Income From Continuing Operation Net Minority Interest": -867000.0,
        "Reconciled Depreciation": 7000.0,
        "Reconciled Cost Of Revenue": 619000.0,
        "EBITDA": -699000.0,
        "EBIT": -706000.0,
        "Net Interest Income": 1260000.0,
        "Interest Expense": 161000.0,
        "Interest Income": 1421000.0,
        "Normalized Income": -867000.0,
        "Net Income From Continuing And Discontinued Operation": -867000.0,
        "Total Expenses": 2972000.0,
        "Total Operating Income As Reported": -2127000.0,
        "Diluted Average Shares": 2685626.0,
        "Basic Average Shares": 2685626.0,
        "Diluted EPS": -0.32,
        "Basic EPS": -0.32,
        "Diluted NI Availto Com Stockholders": -867000.0,
        "Net Income Common Stockholders": -867000.0,
        "Net Income": -867000.0,
        "Net Income Including Noncontrolling Interests": -867000.0,
        "Net Income Continuous Operations": -867000.0,
        "Pretax Income": -867000.0,
        "Net Non Operating Interest Income Expense": 1260000.0,
        "Total Other Finance Cost": -1421000.0,
        "Interest Expense Non Operating": 161000.0,
        "Interest Income Non Operating": 1421000.0,
        "Operating Income": -2127000.0,
        "Operating Expense": 2353000.0,
        "Other Operating Expenses": NaN,
        "Research And Development": 691000.0,
        "Selling General And Administration": 1662000.0,
        "Selling And Marketing Expense": 691000.0,
        "General And Administrative Expense": 971000.0,
        "Other Gand A": 971000.0,
        "Gross Profit": 226000.0,
        "Cost Of Revenue": 619000.0,
        "Total Revenue": 845000.0,
        "Operating Revenue": 845000.0
    },
    "2023-12-31": {
        "Tax Effect Of Unusual Items": 0.0,
        "Tax Rate For Calcs": 0.0,
        "Normalized EBITDA": -1670000.0,
        "Net Income From Continuing Operation Net Minority Interest": -1931000.0,
        "Reconciled Depreciation": 7000.0,
        "Reconciled Cost Of Revenue": 663000.0,
        "EBITDA": -1670000.0,
        "EBIT": -1677000.0,
        "Net Interest Income": -2247000.0,
        "Interest Expense": 254000.0,
        "Interest Income": -1770000.0,
        "Normalized Income": -1931000.0,
        "Net Income From Continuing And Discontinued Operation": -1931000.0,
        "Total Expenses": 2672000.0,
        "Total Operating Income As Reported": -1655000.0,
        "Diluted Average Shares": NaN,
        "Basic Average Shares": NaN,
        "Diluted EPS": NaN,
        "Basic EPS": NaN,
        "Diluted NI Availto Com Stockholders": -1931000.0,
        "Net Income Common Stockholders": -1931000.0,
        "Net Income": -1931000.0,
        "Net Income Including Noncontrolling Interests": -1931000.0,
        "Net Income Continuous Operations": -1931000.0,
        "Pretax Income": -1931000.0,
        "Net Non Operating Interest Income Expense": -2247000.0,
        "Total Other Finance Cost": 2088000.0,
        "Interest Expense Non Operating": 254000.0,
        "Interest Income Non Operating": -1770000.0,
        "Operating Income": -1655000.0,
        "Operating Expense": 2009000.0,
        "Other Operating Expenses": NaN,
        "Research And Development": 585000.0,
        "Selling General And Administration": 1424000.0,
        "Selling And Marketing Expense": 698000.0,
        "General And Administrative Expense": 726000.0,
        "Other Gand A": 726000.0,
        "Gross Profit": 354000.0,
        "Cost Of Revenue": 663000.0,
        "Total Revenue": 1017000.0,
        "Operating Revenue": 1017000.0
    },
    "2024-03-31": {
        "Tax Effect Of Unusual Items": 0.0,
        "Tax Rate For Calcs": 0.0,
        "Normalized EBITDA": -1775000.0,
        "Net Income From Continuing Operation Net Minority Interest": -1986000.0,
        "Reconciled Depreciation": 4000.0,
        "Reconciled Cost Of Revenue": 506000.0,
        "EBITDA": -1775000.0,
        "EBIT": -1779000.0,
        "Net Interest Income": -115000.0,
        "Interest Expense": 207000.0,
        "Interest Income": 92000.0,
        "Normalized Income": -1986000.0,
        "Net Income From Continuing And Discontinued Operation": -1986000.0,
        "Total Expenses": 2597000.0,
        "Total Operating Income As Reported": -1871000.0,
        "Diluted Average Shares": 3978828.0,
        "Basic Average Shares": 3978828.0,
        "Diluted EPS": -0.5,
        "Basic EPS": -0.5,
        "Diluted NI Availto Com Stockholders": -1986000.0,
        "Net Income Common Stockholders": -1986000.0,
        "Net Income": -1986000.0,
        "Net Income Including Noncontrolling Interests": -1986000.0,
        "Net Income Continuous Operations": -1986000.0,
        "Pretax Income": -1986000.0,
        "Net Non Operating Interest Income Expense": -115000.0,
        "Total Other Finance Cost": -92000.0,
        "Interest Expense Non Operating": 207000.0,
        "Interest Income Non Operating": 92000.0,
        "Operating Income": -1871000.0,
        "Operating Expense": 2091000.0,
        "Other Operating Expenses": NaN,
        "Research And Development": 647000.0,
        "Selling General And Administration": 1444000.0,
        "Selling And Marketing Expense": 627000.0,
        "General And Administrative Expense": 817000.0,
        "Other Gand A": 817000.0,
        "Gross Profit": 220000.0,
        "Cost Of Revenue": 506000.0,
        "Total Revenue": 726000.0,
        "Operating Revenue": 726000.0
    },
    "2024-06-30": {
        "Tax Effect Of Unusual Items": 0.0,
        "Tax Rate For Calcs": 0.0,
        "Normalized EBITDA": 63000.0,
        "Net Income From Continuing Operation Net Minority Interest": -78000.0,
        "Reconciled Depreciation": 4000.0,
        "Reconciled Cost Of Revenue": 1488000.0,
        "EBITDA": 63000.0,
        "EBIT": 59000.0,
        "Net Interest Income": -144000.0,
        "Interest Expense": 137000.0,
        "Interest Income": NaN,
        "Normalized Income": -78000.0,
        "Net Income From Continuing And Discontinued Operation": -78000.0,
        "Total Expenses": 3365000.0,
        "Total Operating Income As Reported": 66000.0,
        "Diluted Average Shares": 4257674.0,
        "Basic Average Shares": 4257674.0,
        "Diluted EPS": -0.01,
        "Basic EPS": -0.01,
        "Diluted NI Availto Com Stockholders": -78000.0,
        "Net Income Common Stockholders": -78000.0,
        "Net Income": -78000.0,
        "Net Income Including Noncontrolling Interests": -78000.0,
        "Net Income Continuous Operations": -78000.0,
        "Pretax Income": -78000.0,
        "Net Non Operating Interest Income Expense": -144000.0,
        "Total Other Finance Cost": 7000.0,
        "Interest Expense Non Operating": 137000.0,
        "Interest Income Non Operating": NaN,
        "Operating Income": 66000.0,
        "Operating Expense": 1877000.0,
        "Other Operating Expenses": -163000.0,
        "Research And Development": 603000.0,
        "Selling General And Administration": 1437000.0,
        "Selling And Marketing Expense": 647000.0,
        "General And Administrative Expense": 790000.0,
        "Other Gand A": 790000.0,
        "Gross Profit": 1943000.0,
        "Cost Of Revenue": 1488000.0,
        "Total Revenue": 3431000.0,
        "Operating Revenue": 3431000.0
    },
    "2024-09-30": {
        "Tax Effect Of Unusual Items": 0.0,
        "Tax Rate For Calcs": 0.0,
        "Normalized EBITDA": -262000.0,
        "Net Income From Continuing Operation Net Minority Interest": -511000.0,
        "Reconciled Depreciation": 3000.0,
        "Reconciled Cost Of Revenue": 798000.0,
        "EBITDA": -262000.0,
        "EBIT": -265000.0,
        "Net Interest Income": -194000.0,
        "Interest Expense": 246000.0,
        "Interest Income": 52000.0,
        "Normalized Income": -511000.0,
        "Net Income From Continuing And Discontinued Operation": -511000.0,
        "Total Expenses": 2858000.0,
        "Total Operating Income As Reported": -317000.0,
        "Diluted Average Shares": 6014548.0,
        "Basic Average Shares": 6014548.0,
        "Diluted EPS": -0.09,
        "Basic EPS": -0.09,
        "Diluted NI Availto Com Stockholders": -511000.0,
        "Net Income Common Stockholders": -511000.0,
        "Net Income": -511000.0,
        "Net Income Including Noncontrolling Interests": -511000.0,
        "Net Income Continuous Operations": -511000.0,
        "Pretax Income": -511000.0,
        "Net Non Operating Interest Income Expense": -194000.0,
        "Total Other Finance Cost": NaN,
        "Interest Expense Non Operating": 246000.0,
        "Interest Income Non Operating": 52000.0,
        "Operating Income": -317000.0,
        "Operating Expense": 2060000.0,
        "Other Operating Expenses": NaN,
        "Research And Development": 543000.0,
        "Selling General And Administration": 1517000.0,
        "Selling And Marketing Expense": 727000.0,
        "General And Administrative Expense": 790000.0,
        "Other Gand A": 790000.0,
        "Gross Profit": 1743000.0,
        "Cost Of Revenue": 798000.0,
        "Total Revenue": 2541000.0,
        "Operating Revenue": 2541000.0
    }
}