{
    "2023-03-31": {
        "Tax Effect Of Unusual Items": 0.0,
        "Tax Rate For Calcs": 0.0,
        "Normalized EBITDA": -2641000.0,
        "Net Income From Continuing Operation Net Minority Interest": -2375000.0,
        "Reconciled Depreciation": 109000.0,
        "Reconciled Cost Of Revenue": 24000.0,
        "EBITDA": -2641000.0,
        "EBIT": -2750000.0,
        "Normalized Income": -2375000.0,
        "Net Income From Continuing And Discontinued Operation": -2375000.0,
        "Total Expenses": 2785000.0,
        "Total Operating Income As Reported": -2750000.0,
        "Diluted Average Shares": 1616000.0,
        "Basic Average Shares": 1616000.0,
        "Diluted EPS": -1.47,
        "Basic EPS": -1.47,
        "Diluted NI Availto Com Stockholders": -2375000.0,
        "Net Income Common Stockholders": -2375000.0,
        "Net Income": -2375000.0,
        "Net Income Including Noncontrolling Interests": -2375000.0,
        "Net Income Continuous Operations": -2375000.0,
        "Tax Provision": 0.0,
        "Pretax Income": -2375000.0,
        "Other Income Expense": 375000.0,
        "Other Non Operating Income Expenses": 375000.0,
        "Operating Income": -2750000.0,
        "Operating Expense": 2761000.0,
        "Research And Development": 1355000.0,
        "Selling General And Administration": 1406000.0,
        "Gross Profit": 11000.0,
        "Cost Of Revenue": 24000.0,
        "Total Revenue": 35000.0,
        "Operating Revenue": 35000.0
    },
    "2022-12-31": {
        "Tax Effect Of Unusual Items": 0.0,
        "Tax Rate For Calcs": 0.0,
        "Normalized EBITDA": -2704000.0,
        "Net Income From Continuing Operation Net Minority Interest": -2418000.0,
        "Reconciled Depreciation": 110000.0,
        "Reconciled Cost Of Revenue": 155000.0,
        "EBITDA": -2704000.0,
        "EBIT": -2814000.0,
        "Normalized Income": -2418000.0,
        "Net Income From Continuing And Discontinued Operation": -2418000.0,
        "Total Expenses": 3077000.0,
        "Total Operating Income As Reported": -2814000.0,
        "Diluted Average Shares": 1613000.0,
        "Basic Average Shares": 1613000.0,
        "Diluted EPS": -1.5,
        "Basic EPS": -1.5,
        "Diluted NI Availto Com Stockholders": -2418000.0,
        "Net Income Common Stockholders": -2418000.0,
        "Net Income": -2418000.0,
        "Net Income Including Noncontrolling Interests": -2418000.0,
        "Net Income Continuous Operations": -2418000.0,
        "Tax Provision": 0.0,
        "Pretax Income": -2418000.0,
        "Other Income Expense": 396000.0,
        "Other Non Operating Income Expenses": 396000.0,
        "Operating Income": -2814000.0,
        "Operating Expense": 2922000.0,
        "Research And Development": 1364000.0,
        "Selling General And Administration": 1558000.0,
        "Gross Profit": 108000.0,
        "Cost Of Revenue": 155000.0,
        "Total Revenue": 263000.0,
        "Operating Revenue": 263000.0
    },
    "2022-09-30": {
        "Tax Effect Of Unusual Items": 0.0,
        "Tax Rate For Calcs": 0.0,
        "Normalized EBITDA": -2765000.0,
        "Net Income From Continuing Operation Net Minority Interest": -2530000.0,
        "Reconciled Depreciation": 89000.0,
        "Reconciled Cost Of Revenue": 32000.0,
        "EBITDA": -2765000.0,
        "EBIT": -2765000.0,
        "Normalized Income": -2530000.0,
        "Net Income From Continuing And Discontinued Operation": -2530000.0,
        "Total Expenses": 2803000.0,
        "Total Operating Income As Reported": -2765000.0,
        "Diluted Average Shares": 1612000.0,
        "Basic Average Shares": 1612000.0,
        "Diluted EPS": -1.57,
        "Basic EPS": -1.57,
        "Diluted NI Availto Com Stockholders": -2530000.0,
        "Net Income Common Stockholders": -2530000.0,
        "Net Income": -2530000.0,
        "Net Income Including Noncontrolling Interests": -2530000.0,
        "Net Income Continuous Operations": -2530000.0,
        "Tax Provision": 0.0,
        "Pretax Income": -2530000.0,
        "Other Income Expense": 235000.0,
        "Other Non Operating Income Expenses": 235000.0,
        "Operating Income": -2765000.0,
        "Operating Expense": 2771000.0,
        "Research And Development": 1129000.0,
        "Selling General And Administration": 1642000.0,
        "Gross Profit": 6000.0,
        "Cost Of Revenue": 32000.0,
        "Total Revenue": 38000.0,
        "Operating Revenue": 38000.0
    },
    "2022-06-30": {
        "Tax Effect Of Unusual Items": 0.0,
        "Tax Rate For Calcs": 0.0,
        "Normalized EBITDA": -2135000.0,
        "Total Unusual Items": 0.0,
        "Total Unusual Items Excluding Goodwill": 0.0,
        "Net Income From Continuing Operation Net Minority Interest": -2021000.0,
        "Reconciled Depreciation": 67000.0,
        "Reconciled Cost Of Revenue": 15000.0,
        "EBITDA": -2135000.0,
        "EBIT": -2135000.0,
        "Normalized Income": -2021000.0,
        "Net Income From Continuing And Discontinued Operation": -2021000.0,
        "Total Expenses": 2159000.0,
        "Total Operating Income As Reported": -2135000.0,
        "Diluted Average Shares": 1608264.0,
        "Basic Average Shares": 1608264.0,
        "Diluted EPS": -1.12,
        "Basic EPS": -1.12,
        "Diluted NI Availto Com Stockholders": -2021000.0,
        "Net Income Common Stockholders": -2021000.0,
        "Net Income": -2021000.0,
        "Net Income Including Noncontrolling Interests": -2021000.0,
        "Net Income Continuous Operations": -2021000.0,
        "Tax Provision": 0.0,
        "Pretax Income": -2021000.0,
        "Other Income Expense": 114000.0,
        "Other Non Operating Income Expenses": 114000.0,
        "Special Income Charges": 0.0,
        "Gain On Sale Of Ppe": 0.0,
        "Operating Income": -2135000.0,
        "Operating Expense": 2144000.0,
        "Research And Development": 768000.0,
        "Selling General And Administration": 1376000.0,
        "Gross Profit": 9000.0,
        "Cost Of Revenue": 15000.0,
        "Total Revenue": 24000.0,
        "Operating Revenue": 24000.0
    },
    "2022-03-31": {
        "Diluted EPS": -1.32,
        "Total Revenue": 0,
        "Gross Profit": 0,
        "Operating Income": -2,
        "EBIT": -2,
        "Net Income": -2
    },
    "2021-12-31": {
        "Diluted EPS": -1.38,
        "Total Revenue": 1,
        "Gross Profit": 0,
        "Operating Income": -2,
        "EBIT": -2,
        "Net Income": -2
    },
    "2021-09-30": {
        "Diluted EPS": -1.2,
        "Total Revenue": 0,
        "Gross Profit": 0,
        "Operating Income": -2,
        "EBIT": -2,
        "Net Income": -2
    },
    "2021-06-30": {
        "Diluted EPS": 4.51,
        "Total Revenue": 0,
        "Gross Profit": 0,
        "Operating Income": -2,
        "EBIT": -2,
        "Net Income": -1
    },
    "2021-03-31": {
        "Diluted EPS": -3.9,
        "Total Revenue": 0,
        "Gross Profit": 0,
        "Operating Income": -2,
        "EBIT": -2,
        "Net Income": -2
    },
    "2020-12-31": {
        "Diluted EPS": -3.0,
        "Total Revenue": 0,
        "Gross Profit": 0,
        "Operating Income": -2,
        "EBIT": -1,
        "Net Income": -2
    },
    "2020-09-30": {
        "Diluted EPS": -8.11,
        "Total Revenue": 0,
        "Gross Profit": 0,
        "Operating Income": -2,
        "EBIT": -2,
        "Net Income": -2
    },
    "2020-06-30": {
        "Diluted EPS": -7.51,
        "Total Revenue": 0,
        "Gross Profit": 0,
        "Operating Income": -2,
        "EBIT": -2,
        "Net Income": -2
    },
    "2020-03-31": {
        "Diluted EPS": -10.21,
        "Total Revenue": 0,
        "Gross Profit": 0,
        "Operating Income": -2,
        "EBIT": -2,
        "Net Income": -2
    },
    "2019-12-31": {
        "Diluted EPS": -10.51,
        "Total Revenue": 0,
        "Gross Profit": 0,
        "Operating Income": -2,
        "EBIT": -2,
        "Net Income": -2
    },
    "2019-09-30": {
        "Diluted EPS": -11.11,
        "Total Revenue": 0,
        "Gross Profit": 0,
        "Operating Income": -2,
        "EBIT": -2,
        "Net Income": -2
    },
    "2019-06-30": {
        "Diluted EPS": -8.11,
        "Total Revenue": 0,
        "Gross Profit": 0,
        "Operating Income": -2,
        "EBIT": -2,
        "Net Income": -2
    },
    "2019-03-31": {
        "Diluted EPS": -7.51,
        "Total Revenue": NaN,
        "Gross Profit": NaN,
        "Operating Income": -2,
        "EBIT": -2,
        "Net Income": -1
    },
    "2018-12-31": {
        "Diluted EPS": -13.81,
        "Total Revenue": 0,
        "Gross Profit": 0,
        "Operating Income": -2,
        "EBIT": -2,
        "Net Income": -2
    },
    "2018-09-30": {
        "Diluted EPS": -16.52,
        "Total Revenue": 0,
        "Gross Profit": 0,
        "Operating Income": -2,
        "EBIT": -2,
        "Net Income": -2
    },
    "2018-06-30": {
        "Diluted EPS": -31.53,
        "Total Revenue": 0,
        "Gross Profit": 0,
        "Operating Income": -4,
        "EBIT": -4,
        "Net Income": -4
    },
    "2018-03-31": {
        "Diluted EPS": -21.02,
        "Total Revenue": NaN,
        "Gross Profit": NaN,
        "Operating Income": -3,
        "EBIT": -3,
        "Net Income": -3
    },
    "2017-12-31": {
        "Diluted EPS": -23.12,
        "Total Revenue": 0,
        "Gross Profit": 0,
        "Operating Income": -3,
        "EBIT": -3,
        "Net Income": -3
    },
    "2017-09-30": {
        "Diluted EPS": -22.22,
        "Total Revenue": NaN,
        "Gross Profit": NaN,
        "Operating Income": -3,
        "EBIT": -3,
        "Net Income": -3
    },
    "2017-06-30": {
        "Diluted EPS": -20.72,
        "Total Revenue": 0,
        "Gross Profit": 0,
        "Operating Income": -3,
        "EBIT": -3,
        "Net Income": -3
    },
    "2017-03-31": {
        "Diluted EPS": -20.72,
        "Total Revenue": 0,
        "Gross Profit": 0,
        "Operating Income": -3,
        "EBIT": -3,
        "Net Income": -3
    },
    "2016-12-31": {
        "Diluted EPS": -18.92,
        "Total Revenue": 1,
        "Gross Profit": 0,
        "Operating Income": -3,
        "EBIT": -3,
        "Net Income": -3
    },
    "2016-09-30": {
        "Diluted EPS": -24.93,
        "Total Revenue": 1,
        "Gross Profit": 0,
        "Operating Income": -4,
        "EBIT": -3,
        "Net Income": -3
    },
    "2016-06-30": {
        "Diluted EPS": -27.03,
        "Total Revenue": 2,
        "Gross Profit": 0,
        "Operating Income": -4,
        "EBIT": -3,
        "Net Income": -3
    },
    "2016-03-31": {
        "Diluted EPS": -27.03,
        "Total Revenue": 0,
        "Gross Profit": 0,
        "Operating Income": -4,
        "EBIT": -4,
        "Net Income": -4
    },
    "2015-12-31": {
        "Diluted EPS": -18.02,
        "Total Revenue": 1,
        "Gross Profit": 0,
        "Operating Income": -3,
        "EBIT": -3,
        "Net Income": -3
    },
    "2015-09-30": {
        "Diluted EPS": -24.02,
        "Total Revenue": NaN,
        "Gross Profit": NaN,
        "Operating Income": -4,
        "EBIT": -3,
        "Net Income": -3
    },
    "2015-06-30": {
        "Diluted EPS": -61.56,
        "Total Revenue": 0,
        "Gross Profit": 0,
        "Operating Income": -8,
        "EBIT": -8,
        "Net Income": -8
    },
    "2015-03-31": {
        "Diluted EPS": -16.52,
        "Total Revenue": 0,
        "Gross Profit": 0,
        "Operating Income": -2,
        "EBIT": -2,
        "Net Income": -2
    },
    "2014-12-31": {
        "Diluted EPS": -18.02,
        "Total Revenue": 0,
        "Gross Profit": NaN,
        "Operating Income": -3,
        "EBIT": -3,
        "Net Income": -2
    },
    "2014-09-30": {
        "Diluted EPS": 174.17,
        "Total Revenue": 0,
        "Gross Profit": 0,
        "Operating Income": -3,
        "EBIT": -3,
        "Net Income": 23
    },
    "2014-06-30": {
        "Diluted EPS": -7.51,
        "Total Revenue": 0,
        "Gross Profit": 0,
        "Operating Income": -4,
        "EBIT": -4,
        "Net Income": -1
    },
    "2014-03-31": {
        "Diluted EPS": -21.02,
        "Total Revenue": 0,
        "Gross Profit": 0,
        "Operating Income": -2,
        "EBIT": -2,
        "Net Income": -3
    },
    "2013-12-31": {
        "Diluted EPS": -19.52,
        "Total Revenue": 0,
        "Gross Profit": 0,
        "Operating Income": -2,
        "EBIT": -2,
        "Net Income": -3
    },
    "2013-09-30": {
        "Diluted EPS": 9.01,
        "Total Revenue": NaN,
        "Gross Profit": NaN,
        "Operating Income": -2,
        "EBIT": -2,
        "Net Income": 1
    },
    "2013-06-30": {
        "Diluted EPS": 16.52,
        "Total Revenue": 9,
        "Gross Profit": 4,
        "Operating Income": 2,
        "EBIT": 3,
        "Net Income": 2
    },
    "2013-03-31": {
        "Diluted EPS": -1.5,
        "Total Revenue": 5,
        "Gross Profit": 2,
        "Operating Income": 0,
        "EBIT": 0,
        "Net Income": 0
    },
    "2012-12-31": {
        "Diluted EPS": -6.01,
        "Total Revenue": 4,
        "Gross Profit": 1,
        "Operating Income": -1,
        "EBIT": 0,
        "Net Income": -1
    },
    "2012-09-30": {
        "Diluted EPS": -10.51,
        "Total Revenue": 6,
        "Gross Profit": 1,
        "Operating Income": -2,
        "EBIT": -1,
        "Net Income": -1
    },
    "2012-06-30": {
        "Diluted EPS": -9.01,
        "Total Revenue": 8,
        "Gross Profit": 2,
        "Operating Income": -1,
        "EBIT": 0,
        "Net Income": -1
    },
    "2012-03-31": {
        "Diluted EPS": 7.51,
        "Total Revenue": 10,
        "Gross Profit": 3,
        "Operating Income": 1,
        "EBIT": 2,
        "Net Income": 1
    },
    "2011-12-31": {
        "Diluted EPS": -15.02,
        "Total Revenue": 4,
        "Gross Profit": 1,
        "Operating Income": -2,
        "EBIT": -1,
        "Net Income": -2
    },
    "2011-09-30": {
        "Diluted EPS": -6.01,
        "Total Revenue": 5,
        "Gross Profit": 2,
        "Operating Income": -1,
        "EBIT": 0,
        "Net Income": -1
    },
    "2011-06-30": {
        "Diluted EPS": -15.02,
        "Total Revenue": 4,
        "Gross Profit": 1,
        "Operating Income": -2,
        "EBIT": -1,
        "Net Income": -2
    },
    "2011-03-31": {
        "Diluted EPS": -3.0,
        "Total Revenue": 6,
        "Gross Profit": 3,
        "Operating Income": -1,
        "EBIT": 0,
        "Net Income": 0
    },
    "2010-12-31": {
        "Diluted EPS": -13.51,
        "Total Revenue": 5,
        "Gross Profit": 1,
        "Operating Income": -2,
        "EBIT": -1,
        "Net Income": -2
    },
    "2010-09-30": {
        "Diluted EPS": -10.51,
        "Total Revenue": 5,
        "Gross Profit": 2,
        "Operating Income": -1,
        "EBIT": -1,
        "Net Income": -1
    },
    "2010-06-30": {
        "Diluted EPS": -12.01,
        "Total Revenue": 5,
        "Gross Profit": 2,
        "Operating Income": -2,
        "EBIT": -1,
        "Net Income": -2
    },
    "2010-03-31": {
        "Diluted EPS": -6.01,
        "Total Revenue": 7,
        "Gross Profit": 3,
        "Operating Income": -1,
        "EBIT": 0,
        "Net Income": -1
    },
    "2009-12-31": {
        "Diluted EPS": 13.51,
        "Total Revenue": 8,
        "Gross Profit": 5,
        "Operating Income": 2,
        "EBIT": 2,
        "Net Income": 2
    },
    "2009-09-30": {
        "Diluted EPS": 6.01,
        "Total Revenue": 8,
        "Gross Profit": 5,
        "Operating Income": 1,
        "EBIT": 2,
        "Net Income": 1
    },
    "2009-06-30": {
        "Diluted EPS": 24.02,
        "Total Revenue": 10,
        "Gross Profit": 6,
        "Operating Income": 2,
        "EBIT": 3,
        "Net Income": 3
    },
    "2009-03-31": {
        "Diluted EPS": 31.53,
        "Total Revenue": 12,
        "Gross Profit": 7,
        "Operating Income": 4,
        "EBIT": 4,
        "Net Income": 4
    },
    "2023-06-30": {
        "Tax Effect Of Unusual Items": 0.0,
        "Tax Rate For Calcs": 0.0,
        "Normalized EBITDA": -2551000.0,
        "Net Income From Continuing Operation Net Minority Interest": -2320000.0,
        "Reconciled Depreciation": 181000.0,
        "Reconciled Cost Of Revenue": 233000.0,
        "EBITDA": -2551000.0,
        "EBIT": -2732000.0,
        "Normalized Income": -2320000.0,
        "Net Income From Continuing And Discontinued Operation": -2320000.0,
        "Total Expenses": 3146000.0,
        "Total Operating Income As Reported": -2732000.0,
        "Diluted Average Shares": NaN,
        "Basic Average Shares": NaN,
        "Diluted EPS": NaN,
        "Basic EPS": NaN,
        "Diluted NI Availto Com Stockholders": -2320000.0,
        "Net Income Common Stockholders": -2320000.0,
        "Net Income": -2320000.0,
        "Net Income Including Noncontrolling Interests": -2320000.0,
        "Net Income Continuous Operations": -2320000.0,
        "Tax Provision": 0.0,
        "Pretax Income": -2320000.0,
        "Other Income Expense": 412000.0,
        "Other Non Operating Income Expenses": 412000.0,
        "Operating Income": -2732000.0,
        "Operating Expense": 2913000.0,
        "Research And Development": 1744000.0,
        "Selling General And Administration": 1169000.0,
        "Gross Profit": 181000.0,
        "Cost Of Revenue": 233000.0,
        "Total Revenue": 414000.0,
        "Operating Revenue": 414000.0
    },
    "2023-09-30": {
        "Tax Effect Of Unusual Items": 0.0,
        "Tax Rate For Calcs": 0.0,
        "Normalized EBITDA": -3150000.0,
        "Net Income From Continuing Operation Net Minority Interest": -2912000.0,
        "Reconciled Depreciation": 185000.0,
        "Reconciled Cost Of Revenue": 242000.0,
        "EBITDA": -3150000.0,
        "EBIT": -3335000.0,
        "Normalized Income": -2912000.0,
        "Net Income From Continuing And Discontinued Operation": -2912000.0,
        "Total Expenses": 3760000.0,
        "Total Operating Income As Reported": -3335000.0,
        "Diluted Average Shares": 1631000.0,
        "Basic Average Shares": 1631000.0,
        "Diluted EPS": -1.79,
        "Basic EPS": -1.79,
        "Diluted NI Availto Com Stockholders": -2912000.0,
        "Net Income Common Stockholders": -2912000.0,
        "Net Income": -2912000.0,
        "Net Income Including Noncontrolling Interests": -2912000.0,
        "Net Income Continuous Operations": -2912000.0,
        "Tax Provision": NaN,
        "Pretax Income": -2912000.0,
        "Other Income Expense": 423000.0,
        "Other Non Operating Income Expenses": 423000.0,
        "Operating Income": -3335000.0,
        "Operating Expense": 3518000.0,
        "Research And Development": 1872000.0,
        "Selling General And Administration": 1646000.0,
        "Gross Profit": 183000.0,
        "Cost Of Revenue": 242000.0,
        "Total Revenue": 425000.0,
        "Operating Revenue": 425000.0
    }
}