{
    "2023-03-31": {
        "Tax Effect Of Unusual Items": NaN,
        "Tax Rate For Calcs": NaN,
        "Normalized EBITDA": NaN,
        "Total Unusual Items": NaN,
        "Total Unusual Items Excluding Goodwill": NaN,
        "Net Income From Continuing Operation Net Minority Interest": NaN,
        "Reconciled Depreciation": NaN,
        "Reconciled Cost Of Revenue": NaN,
        "EBITDA": NaN,
        "EBIT": NaN,
        "Net Interest Income": NaN,
        "Interest Expense": NaN,
        "Interest Income": NaN,
        "Normalized Income": NaN,
        "Net Income From Continuing And Discontinued Operation": NaN,
        "Total Expenses": NaN,
        "Total Operating Income As Reported": NaN,
        "Diluted Average Shares": 107368421.0,
        "Basic Average Shares": 107368421.0,
        "Diluted EPS": -0.19,
        "Basic EPS": -0.19,
        "Diluted NI Availto Com Stockholders": NaN,
        "Average Dilution Earnings": NaN,
        "Net Income Common Stockholders": NaN,
        "Net Income": NaN,
        "Net Income Including Noncontrolling Interests": NaN,
        "Net Income Continuous Operations": NaN,
        "Tax Provision": NaN,
        "Pretax Income": NaN,
        "Other Income Expense": NaN,
        "Other Non Operating Income Expenses": NaN,
        "Special Income Charges": NaN,
        "Restructuring And Mergern Acquisition": NaN,
        "Gain On Sale Of Security": NaN,
        "Net Non Operating Interest Income Expense": NaN,
        "Total Other Finance Cost": 700000.0,
        "Interest Expense Non Operating": NaN,
        "Interest Income Non Operating": NaN,
        "Operating Income": NaN,
        "Operating Expense": NaN,
        "Depreciation Amortization Depletion Income Statement": NaN,
        "Depreciation And Amortization In Income Statement": NaN,
        "Amortization": NaN,
        "Amortization Of Intangibles Income Statement": NaN,
        "Selling General And Administration": NaN,
        "General And Administrative Expense": NaN,
        "Other Gand A": NaN,
        "Insurance And Claims": NaN,
        "Salaries And Wages": NaN,
        "Gross Profit": NaN,
        "Cost Of Revenue": NaN,
        "Total Revenue": NaN,
        "Operating Revenue": NaN
    },
    "2022-12-31": {
        "Tax Effect Of Unusual Items": NaN,
        "Tax Rate For Calcs": NaN,
        "Normalized EBITDA": NaN,
        "Total Unusual Items": NaN,
        "Total Unusual Items Excluding Goodwill": NaN,
        "Net Income From Continuing Operation Net Minority Interest": NaN,
        "Reconciled Depreciation": NaN,
        "Reconciled Cost Of Revenue": NaN,
        "EBITDA": NaN,
        "EBIT": NaN,
        "Net Interest Income": NaN,
        "Interest Expense": NaN,
        "Interest Income": NaN,
        "Normalized Income": NaN,
        "Net Income From Continuing And Discontinued Operation": NaN,
        "Total Expenses": NaN,
        "Total Operating Income As Reported": NaN,
        "Diluted Average Shares": NaN,
        "Basic Average Shares": NaN,
        "Diluted EPS": NaN,
        "Basic EPS": NaN,
        "Diluted NI Availto Com Stockholders": NaN,
        "Average Dilution Earnings": NaN,
        "Net Income Common Stockholders": NaN,
        "Net Income": NaN,
        "Net Income Including Noncontrolling Interests": NaN,
        "Net Income Continuous Operations": NaN,
        "Tax Provision": NaN,
        "Pretax Income": NaN,
        "Other Income Expense": NaN,
        "Other Non Operating Income Expenses": NaN,
        "Special Income Charges": NaN,
        "Restructuring And Mergern Acquisition": NaN,
        "Gain On Sale Of Security": NaN,
        "Net Non Operating Interest Income Expense": NaN,
        "Total Other Finance Cost": 500000.0,
        "Interest Expense Non Operating": NaN,
        "Interest Income Non Operating": NaN,
        "Operating Income": NaN,
        "Operating Expense": NaN,
        "Depreciation Amortization Depletion Income Statement": NaN,
        "Depreciation And Amortization In Income Statement": NaN,
        "Amortization": NaN,
        "Amortization Of Intangibles Income Statement": NaN,
        "Selling General And Administration": NaN,
        "General And Administrative Expense": NaN,
        "Other Gand A": NaN,
        "Insurance And Claims": NaN,
        "Salaries And Wages": NaN,
        "Gross Profit": NaN,
        "Cost Of Revenue": NaN,
        "Total Revenue": NaN,
        "Operating Revenue": NaN
    },
    "2022-09-30": {
        "Tax Effect Of Unusual Items": NaN,
        "Tax Rate For Calcs": NaN,
        "Normalized EBITDA": NaN,
        "Total Unusual Items": NaN,
        "Total Unusual Items Excluding Goodwill": NaN,
        "Net Income From Continuing Operation Net Minority Interest": NaN,
        "Reconciled Depreciation": NaN,
        "Reconciled Cost Of Revenue": NaN,
        "EBITDA": NaN,
        "EBIT": NaN,
        "Net Interest Income": NaN,
        "Interest Expense": NaN,
        "Interest Income": NaN,
        "Normalized Income": NaN,
        "Net Income From Continuing And Discontinued Operation": NaN,
        "Total Expenses": NaN,
        "Total Operating Income As Reported": NaN,
        "Diluted Average Shares": NaN,
        "Basic Average Shares": NaN,
        "Diluted EPS": NaN,
        "Basic EPS": NaN,
        "Diluted NI Availto Com Stockholders": NaN,
        "Average Dilution Earnings": NaN,
        "Net Income Common Stockholders": NaN,
        "Net Income": NaN,
        "Net Income Including Noncontrolling Interests": NaN,
        "Net Income Continuous Operations": NaN,
        "Tax Provision": NaN,
        "Pretax Income": NaN,
        "Other Income Expense": NaN,
        "Other Non Operating Income Expenses": NaN,
        "Special Income Charges": NaN,
        "Restructuring And Mergern Acquisition": NaN,
        "Gain On Sale Of Security": NaN,
        "Net Non Operating Interest Income Expense": NaN,
        "Total Other Finance Cost": 500000.0,
        "Interest Expense Non Operating": NaN,
        "Interest Income Non Operating": NaN,
        "Operating Income": NaN,
        "Operating Expense": NaN,
        "Depreciation Amortization Depletion Income Statement": NaN,
        "Depreciation And Amortization In Income Statement": NaN,
        "Amortization": NaN,
        "Amortization Of Intangibles Income Statement": NaN,
        "Selling General And Administration": NaN,
        "General And Administrative Expense": NaN,
        "Other Gand A": NaN,
        "Insurance And Claims": 5900000.0,
        "Salaries And Wages": NaN,
        "Gross Profit": NaN,
        "Cost Of Revenue": NaN,
        "Total Revenue": NaN,
        "Operating Revenue": NaN
    },
    "2022-06-30": {
        "Tax Effect Of Unusual Items": 11911933.730261,
        "Tax Rate For Calcs": 0.219777,
        "Normalized EBITDA": 362000000.0,
        "Total Unusual Items": 54200000.0,
        "Total Unusual Items Excluding Goodwill": 54200000.0,
        "Net Income From Continuing Operation Net Minority Interest": 301400000.0,
        "Reconciled Depreciation": 22600000.0,
        "Reconciled Cost Of Revenue": 576800000.0,
        "EBITDA": 416200000.0,
        "EBIT": 393600000.0,
        "Net Interest Income": -6200000.0,
        "Interest Expense": 7300000.0,
        "Interest Income": 1900000.0,
        "Normalized Income": 259111933.730261,
        "Net Income From Continuing And Discontinued Operation": 301400000.0,
        "Total Expenses": 605200000.0,
        "Total Operating Income As Reported": 328900000.0,
        "Diluted Average Shares": 176600000.0,
        "Basic Average Shares": 152400000.0,
        "Diluted EPS": 1.49,
        "Basic EPS": 1.98,
        "Diluted NI Availto Com Stockholders": 263000000.0,
        "Average Dilution Earnings": -38400000.0,
        "Net Income Common Stockholders": 301400000.0,
        "Net Income": 301400000.0,
        "Net Income Including Noncontrolling Interests": 301400000.0,
        "Net Income Continuous Operations": 301400000.0,
        "Tax Provision": 84900000.0,
        "Pretax Income": 386300000.0,
        "Other Income Expense": 63600000.0,
        "Other Non Operating Income Expenses": 9400000.0,
        "Special Income Charges": 4100000.0,
        "Restructuring And Mergern Acquisition": -4100000.0,
        "Gain On Sale Of Security": 50100000.0,
        "Net Non Operating Interest Income Expense": -6200000.0,
        "Total Other Finance Cost": 800000.0,
        "Interest Expense Non Operating": 7300000.0,
        "Interest Income Non Operating": 1900000.0,
        "Operating Income": 328900000.0,
        "Operating Expense": 28400000.0,
        "Depreciation Amortization Depletion Income Statement": NaN,
        "Depreciation And Amortization In Income Statement": NaN,
        "Amortization": NaN,
        "Amortization Of Intangibles Income Statement": NaN,
        "Selling General And Administration": 28400000.0,
        "General And Administrative Expense": 28400000.0,
        "Other Gand A": 28400000.0,
        "Salaries And Wages": NaN,
        "Gross Profit": 357300000.0,
        "Cost Of Revenue": 576800000.0,
        "Total Revenue": 934100000.0,
        "Operating Revenue": 934100000.0
    },
    "2022-03-31": {
        "Diluted EPS": 2.44,
        "Total Revenue": NaN,
        "Gross Profit": 496,
        "Operating Income": 454,
        "EBIT": 472,
        "Net Income": 359
    },
    "2021-12-31": {
        "Diluted EPS": 0.73,
        "Total Revenue": 845,
        "Gross Profit": 369,
        "Operating Income": 354,
        "EBIT": 388,
        "Net Income": 98
    },
    "2021-09-30": {
        "Diluted EPS": 3.19,
        "Total Revenue": 802,
        "Gross Profit": 343,
        "Operating Income": 319,
        "EBIT": 319,
        "Net Income": 229
    },
    "2021-06-30": {
        "Diluted EPS": -0.18,
        "Total Revenue": NaN,
        "Gross Profit": NaN,
        "Operating Income": -1,
        "EBIT": -1,
        "Net Income": -1
    },
    "2021-03-31": {
        "Diluted EPS": 0.03,
        "Total Revenue": NaN,
        "Gross Profit": NaN,
        "Operating Income": 0,
        "EBIT": 0,
        "Net Income": 0
    },
    "2020-12-31": {
        "Diluted EPS": 0.0,
        "Total Revenue": NaN,
        "Gross Profit": NaN,
        "Operating Income": NaN,
        "EBIT": NaN,
        "Net Income": NaN
    },
    "2020-09-30": {
        "Diluted EPS": -0.67,
        "Total Revenue": 299,
        "Gross Profit": -10,
        "Operating Income": -20,
        "EBIT": -20,
        "Net Income": -48
    },
    "2023-06-30": {
        "Tax Effect Of Unusual Items": 1962690.951821,
        "Tax Rate For Calcs": 0.230905,
        "Normalized EBITDA": 194300000.0,
        "Total Unusual Items": 8500000.0,
        "Total Unusual Items Excluding Goodwill": 8500000.0,
        "Net Income From Continuing Operation Net Minority Interest": 130900000.0,
        "Reconciled Depreciation": 23300000.0,
        "Reconciled Cost Of Revenue": 616300000.0,
        "EBITDA": 202800000.0,
        "EBIT": 179500000.0,
        "Net Interest Income": -6600000.0,
        "Interest Expense": 9300000.0,
        "Interest Income": 3300000.0,
        "Normalized Income": 124362690.951821,
        "Net Income From Continuing And Discontinued Operation": 130900000.0,
        "Total Expenses": 662900000.0,
        "Total Operating Income As Reported": 164300000.0,
        "Diluted Average Shares": 132700000.0,
        "Basic Average Shares": 108400000.0,
        "Diluted EPS": 0.85,
        "Basic EPS": 1.21,
        "Diluted NI Availto Com Stockholders": 113400000.0,
        "Average Dilution Earnings": -17500000.0,
        "Net Income Common Stockholders": 130900000.0,
        "Net Income": 130900000.0,
        "Net Income Including Noncontrolling Interests": 130900000.0,
        "Net Income Continuous Operations": 130900000.0,
        "Tax Provision": 39300000.0,
        "Pretax Income": 170200000.0,
        "Other Income Expense": 12500000.0,
        "Other Non Operating Income Expenses": 4000000.0,
        "Special Income Charges": 2000000.0,
        "Restructuring And Mergern Acquisition": -2000000.0,
        "Gain On Sale Of Security": 6500000.0,
        "Net Non Operating Interest Income Expense": -6600000.0,
        "Total Other Finance Cost": 600000.0,
        "Interest Expense Non Operating": 9300000.0,
        "Interest Income Non Operating": 3300000.0,
        "Operating Income": 164300000.0,
        "Operating Expense": 23400000.0,
        "Depreciation Amortization Depletion Income Statement": 100000.0,
        "Depreciation And Amortization In Income Statement": 100000.0,
        "Amortization": 100000.0,
        "Amortization Of Intangibles Income Statement": 100000.0,
        "Selling General And Administration": 23300000.0,
        "General And Administrative Expense": 23300000.0,
        "Other Gand A": 8200000.0,
        "Insurance And Claims": 5300000.0,
        "Salaries And Wages": 9800000.0,
        "Gross Profit": 187700000.0,
        "Cost Of Revenue": 639500000.0,
        "Total Revenue": 827200000.0,
        "Operating Revenue": 827200000.0
    },
    "2023-09-30": {
        "Tax Effect Of Unusual Items": 3320930.232558,
        "Tax Rate For Calcs": 0.276744,
        "Normalized EBITDA": 66500000.0,
        "Total Unusual Items": 12000000.0,
        "Total Unusual Items Excluding Goodwill": 12000000.0,
        "Net Income From Continuing Operation Net Minority Interest": 31100000.0,
        "Reconciled Depreciation": 25300000.0,
        "Reconciled Cost Of Revenue": 639600000.0,
        "EBITDA": 78500000.0,
        "EBIT": 53200000.0,
        "Net Interest Income": -7100000.0,
        "Interest Expense": 10200000.0,
        "Interest Income": 3100000.0,
        "Normalized Income": 22420930.232558,
        "Net Income From Continuing And Discontinued Operation": 31100000.0,
        "Total Expenses": 695800000.0,
        "Total Operating Income As Reported": 36800000.0,
        "Diluted Average Shares": 132900000.0,
        "Basic Average Shares": 108500000.0,
        "Diluted EPS": 0.24,
        "Basic EPS": 0.29,
        "Diluted NI Availto Com Stockholders": 31400000.0,
        "Average Dilution Earnings": 300000.0,
        "Net Income Common Stockholders": 31100000.0,
        "Net Income": 31100000.0,
        "Net Income Including Noncontrolling Interests": 31100000.0,
        "Net Income Continuous Operations": 31100000.0,
        "Tax Provision": 11900000.0,
        "Pretax Income": 43000000.0,
        "Other Income Expense": 13300000.0,
        "Other Non Operating Income Expenses": 1300000.0,
        "Special Income Charges": 700000.0,
        "Restructuring And Mergern Acquisition": -700000.0,
        "Gain On Sale Of Security": 11300000.0,
        "Net Non Operating Interest Income Expense": -7100000.0,
        "Total Other Finance Cost": NaN,
        "Interest Expense Non Operating": 10200000.0,
        "Interest Income Non Operating": 3100000.0,
        "Operating Income": 36800000.0,
        "Operating Expense": 31000000.0,
        "Depreciation Amortization Depletion Income Statement": 100000.0,
        "Depreciation And Amortization In Income Statement": 100000.0,
        "Amortization": 100000.0,
        "Amortization Of Intangibles Income Statement": 100000.0,
        "Selling General And Administration": 30900000.0,
        "General And Administrative Expense": 30900000.0,
        "Other Gand A": 11000000.0,
        "Insurance And Claims": 7400000.0,
        "Salaries And Wages": 12500000.0,
        "Gross Profit": 67800000.0,
        "Cost Of Revenue": 664800000.0,
        "Total Revenue": 732600000.0,
        "Operating Revenue": 732600000.0
    },
    "2023-12-31": {
        "Tax Effect Of Unusual Items": -5305755.395683,
        "Tax Rate For Calcs": 0.128469,
        "Normalized EBITDA": -14200000.0,
        "Total Unusual Items": -41300000.0,
        "Total Unusual Items Excluding Goodwill": -41300000.0,
        "Net Income From Continuing Operation Net Minority Interest": -84800000.0,
        "Reconciled Depreciation": 31600000.0,
        "Reconciled Cost Of Revenue": 592200000.0,
        "EBITDA": -55500000.0,
        "EBIT": -87100000.0,
        "Net Interest Income": -7800000.0,
        "Interest Expense": 10200000.0,
        "Interest Income": 2400000.0,
        "Normalized Income": -48805755.395683,
        "Net Income From Continuing And Discontinued Operation": -84800000.0,
        "Total Expenses": 652300000.0,
        "Total Operating Income As Reported": -36900000.0,
        "Diluted Average Shares": 108600000.0,
        "Basic Average Shares": 108300000.0,
        "Diluted EPS": -0.78,
        "Basic EPS": -0.78,
        "Diluted NI Availto Com Stockholders": -84800000.0,
        "Average Dilution Earnings": 0.0,
        "Net Income Common Stockholders": -84800000.0,
        "Net Income": -84800000.0,
        "Net Income Including Noncontrolling Interests": -84800000.0,
        "Net Income Continuous Operations": -84800000.0,
        "Tax Provision": -12500000.0,
        "Pretax Income": -97300000.0,
        "Other Income Expense": -52600000.0,
        "Other Non Operating Income Expenses": -11300000.0,
        "Special Income Charges": -6200000.0,
        "Restructuring And Mergern Acquisition": 6200000.0,
        "Gain On Sale Of Security": -35100000.0,
        "Net Non Operating Interest Income Expense": -7800000.0,
        "Total Other Finance Cost": NaN,
        "Interest Expense Non Operating": 10200000.0,
        "Interest Income Non Operating": 2400000.0,
        "Operating Income": -36900000.0,
        "Operating Expense": 28500000.0,
        "Depreciation Amortization Depletion Income Statement": 0.0,
        "Depreciation And Amortization In Income Statement": 0.0,
        "Amortization": 0.0,
        "Amortization Of Intangibles Income Statement": 0.0,
        "Selling General And Administration": 28500000.0,
        "General And Administrative Expense": 28500000.0,
        "Other Gand A": 9200000.0,
        "Insurance And Claims": 6500000.0,
        "Salaries And Wages": 12800000.0,
        "Gross Profit": -8400000.0,
        "Cost Of Revenue": 623800000.0,
        "Total Revenue": 615400000.0,
        "Operating Revenue": 615400000.0
    },
    "2024-03-31": {
        "Tax Effect Of Unusual Items": 1189655.172414,
        "Tax Rate For Calcs": 0.034483,
        "Normalized EBITDA": 41000000.0,
        "Total Unusual Items": 34500000.0,
        "Total Unusual Items Excluding Goodwill": 34500000.0,
        "Net Income From Continuing Operation Net Minority Interest": 28000000.0,
        "Reconciled Depreciation": 34800000.0,
        "Reconciled Cost Of Revenue": 550700000.0,
        "EBITDA": 75500000.0,
        "EBIT": 40700000.0,
        "Net Interest Income": -13400000.0,
        "Interest Expense": 11700000.0,
        "Interest Income": 1200000.0,
        "Normalized Income": -5310344.827586,
        "Net Income From Continuing And Discontinued Operation": 28000000.0,
        "Total Expenses": 617500000.0,
        "Total Operating Income As Reported": 3100000.0,
        "Diluted Average Shares": NaN,
        "Basic Average Shares": NaN,
        "Diluted EPS": NaN,
        "Basic EPS": NaN,
        "Diluted NI Availto Com Stockholders": 12700000.0,
        "Average Dilution Earnings": -15300000.0,
        "Net Income Common Stockholders": 28000000.0,
        "Net Income": 28000000.0,
        "Net Income Including Noncontrolling Interests": 28000000.0,
        "Net Income Continuous Operations": 28000000.0,
        "Tax Provision": 1000000.0,
        "Pretax Income": 29000000.0,
        "Other Income Expense": 39300000.0,
        "Other Non Operating Income Expenses": 4800000.0,
        "Special Income Charges": 3400000.0,
        "Restructuring And Mergern Acquisition": -3400000.0,
        "Gain On Sale Of Security": 31100000.0,
        "Net Non Operating Interest Income Expense": -13400000.0,
        "Total Other Finance Cost": NaN,
        "Interest Expense Non Operating": 11700000.0,
        "Interest Income Non Operating": 1200000.0,
        "Operating Income": 3100000.0,
        "Operating Expense": 32100000.0,
        "Depreciation Amortization Depletion Income Statement": 100000.0,
        "Depreciation And Amortization In Income Statement": 100000.0,
        "Amortization": 100000.0,
        "Amortization Of Intangibles Income Statement": 100000.0,
        "Selling General And Administration": 32000000.0,
        "General And Administrative Expense": 32000000.0,
        "Other Gand A": 12200000.0,
        "Insurance And Claims": 6400000.0,
        "Salaries And Wages": 13400000.0,
        "Gross Profit": 35200000.0,
        "Cost Of Revenue": 585400000.0,
        "Total Revenue": 620600000.0,
        "Operating Revenue": 620600000.0
    },
    "2024-06-30": {
        "Tax Effect Of Unusual Items": 3735000.0,
        "Tax Rate For Calcs": 0.15,
        "Normalized EBITDA": 31300000.0,
        "Total Unusual Items": 24900000.0,
        "Total Unusual Items Excluding Goodwill": 24900000.0,
        "Net Income From Continuing Operation Net Minority Interest": 6100000.0,
        "Reconciled Depreciation": 33200000.0,
        "Reconciled Cost Of Revenue": 600700000.0,
        "EBITDA": 56200000.0,
        "EBIT": 23000000.0,
        "Net Interest Income": -16400000.0,
        "Interest Expense": 21200000.0,
        "Interest Income": 5400000.0,
        "Normalized Income": -15065000.0,
        "Net Income From Continuing And Discontinued Operation": 6100000.0,
        "Total Expenses": 663000000.0,
        "Total Operating Income As Reported": -12500000.0,
        "Diluted Average Shares": 133100000.0,
        "Basic Average Shares": 108400000.0,
        "Diluted EPS": -0.07,
        "Basic EPS": 0.06,
        "Diluted NI Availto Com Stockholders": -9500000.0,
        "Average Dilution Earnings": -15600000.0,
        "Net Income Common Stockholders": 6100000.0,
        "Net Income": 6100000.0,
        "Net Income Including Noncontrolling Interests": 6100000.0,
        "Net Income Continuous Operations": 6100000.0,
        "Tax Provision": -4300000.0,
        "Pretax Income": 1800000.0,
        "Other Income Expense": 30700000.0,
        "Other Non Operating Income Expenses": 5800000.0,
        "Special Income Charges": 2500000.0,
        "Restructuring And Mergern Acquisition": -2500000.0,
        "Gain On Sale Of Security": 22400000.0,
        "Net Non Operating Interest Income Expense": -16400000.0,
        "Total Other Finance Cost": 600000.0,
        "Interest Expense Non Operating": 21200000.0,
        "Interest Income Non Operating": 5400000.0,
        "Operating Income": -12500000.0,
        "Operating Expense": 29200000.0,
        "Depreciation Amortization Depletion Income Statement": 100000.0,
        "Depreciation And Amortization In Income Statement": 100000.0,
        "Amortization": 100000.0,
        "Amortization Of Intangibles Income Statement": 100000.0,
        "Selling General And Administration": 29100000.0,
        "General And Administrative Expense": 29100000.0,
        "Other Gand A": 10700000.0,
        "Insurance And Claims": 6500000.0,
        "Salaries And Wages": 11900000.0,
        "Gross Profit": 16700000.0,
        "Cost Of Revenue": 633800000.0,
        "Total Revenue": 650500000.0,
        "Operating Revenue": 650500000.0
    }
}