{
    "2023-03-31": {
        "Tax Effect Of Unusual Items": 0.0,
        "Tax Rate For Calcs": 0.0,
        "Normalized EBITDA": -50668000.0,
        "Total Unusual Items": 2765000.0,
        "Total Unusual Items Excluding Goodwill": 2765000.0,
        "Net Income From Continuing Operation Net Minority Interest": -44893000.0,
        "Reconciled Depreciation": 1345000.0,
        "Reconciled Cost Of Revenue": 0.0,
        "EBITDA": -47903000.0,
        "EBIT": -49248000.0,
        "Net Interest Income": 1330000.0,
        "Interest Expense": NaN,
        "Interest Income": 1330000.0,
        "Normalized Income": -47658000.0,
        "Net Income From Continuing And Discontinued Operation": -44893000.0,
        "Total Expenses": 49248000.0,
        "Total Operating Income As Reported": -46483000.0,
        "Diluted Average Shares": 18016398.0,
        "Basic Average Shares": 18016398.0,
        "Diluted EPS": -2.49,
        "Basic EPS": -2.49,
        "Diluted NI Availto Com Stockholders": -44893000.0,
        "Net Income Common Stockholders": -44893000.0,
        "Otherunder Preferred Stock Dividend": NaN,
        "Net Income": -44893000.0,
        "Net Income Including Noncontrolling Interests": -44893000.0,
        "Net Income Continuous Operations": -44893000.0,
        "Tax Provision": 0.0,
        "Pretax Income": -44893000.0,
        "Other Income Expense": 3025000.0,
        "Other Non Operating Income Expenses": 260000.0,
        "Special Income Charges": 2765000.0,
        "Write Off": NaN,
        "Impairment Of Capital Assets": NaN,
        "Restructuring And Mergern Acquisition": -2765000.0,
        "Gain On Sale Of Security": NaN,
        "Net Non Operating Interest Income Expense": 1330000.0,
        "Total Other Finance Cost": -1330000.0,
        "Interest Expense Non Operating": NaN,
        "Interest Income Non Operating": 1330000.0,
        "Operating Income": -49248000.0,
        "Operating Expense": 49248000.0,
        "Research And Development": 31082000.0,
        "Selling General And Administration": 18166000.0,
        "Selling And Marketing Expense": 2484000.0,
        "General And Administrative Expense": 15682000.0,
        "Other Gand A": 15682000.0,
        "Gross Profit": 0.0,
        "Cost Of Revenue": 0.0,
        "Total Revenue": 0.0,
        "Operating Revenue": 0.0
    },
    "2022-12-31": {
        "Tax Effect Of Unusual Items": NaN,
        "Tax Rate For Calcs": NaN,
        "Normalized EBITDA": NaN,
        "Total Unusual Items": NaN,
        "Total Unusual Items Excluding Goodwill": NaN,
        "Net Income From Continuing Operation Net Minority Interest": NaN,
        "Reconciled Depreciation": NaN,
        "Reconciled Cost Of Revenue": NaN,
        "EBITDA": NaN,
        "EBIT": NaN,
        "Net Interest Income": NaN,
        "Interest Expense": NaN,
        "Interest Income": NaN,
        "Normalized Income": NaN,
        "Net Income From Continuing And Discontinued Operation": NaN,
        "Total Expenses": NaN,
        "Total Operating Income As Reported": NaN,
        "Diluted Average Shares": 17884733.0,
        "Basic Average Shares": 17884733.0,
        "Diluted EPS": -2.55,
        "Basic EPS": -2.55,
        "Diluted NI Availto Com Stockholders": NaN,
        "Net Income Common Stockholders": NaN,
        "Otherunder Preferred Stock Dividend": 0.0,
        "Net Income": NaN,
        "Net Income Including Noncontrolling Interests": NaN,
        "Net Income Continuous Operations": NaN,
        "Tax Provision": NaN,
        "Pretax Income": NaN,
        "Other Income Expense": NaN,
        "Other Non Operating Income Expenses": NaN,
        "Special Income Charges": NaN,
        "Write Off": 1773000.0,
        "Impairment Of Capital Assets": 0.0,
        "Restructuring And Mergern Acquisition": NaN,
        "Gain On Sale Of Security": NaN,
        "Net Non Operating Interest Income Expense": NaN,
        "Total Other Finance Cost": -602000.0,
        "Interest Expense Non Operating": NaN,
        "Interest Income Non Operating": NaN,
        "Operating Income": NaN,
        "Operating Expense": NaN,
        "Research And Development": NaN,
        "Selling General And Administration": NaN,
        "Selling And Marketing Expense": NaN,
        "General And Administrative Expense": NaN,
        "Other Gand A": NaN,
        "Gross Profit": NaN,
        "Cost Of Revenue": NaN,
        "Total Revenue": NaN,
        "Operating Revenue": NaN
    },
    "2022-09-30": {
        "Tax Effect Of Unusual Items": NaN,
        "Tax Rate For Calcs": NaN,
        "Normalized EBITDA": NaN,
        "Total Unusual Items": NaN,
        "Total Unusual Items Excluding Goodwill": NaN,
        "Net Income From Continuing Operation Net Minority Interest": NaN,
        "Reconciled Depreciation": NaN,
        "Reconciled Cost Of Revenue": NaN,
        "EBITDA": NaN,
        "EBIT": NaN,
        "Net Interest Income": NaN,
        "Interest Expense": 0.0,
        "Interest Income": 616000.0,
        "Normalized Income": NaN,
        "Net Income From Continuing And Discontinued Operation": NaN,
        "Total Expenses": NaN,
        "Total Operating Income As Reported": NaN,
        "Diluted Average Shares": NaN,
        "Basic Average Shares": NaN,
        "Diluted EPS": NaN,
        "Basic EPS": NaN,
        "Diluted NI Availto Com Stockholders": NaN,
        "Net Income Common Stockholders": NaN,
        "Otherunder Preferred Stock Dividend": 0.0,
        "Net Income": NaN,
        "Net Income Including Noncontrolling Interests": NaN,
        "Net Income Continuous Operations": NaN,
        "Tax Provision": NaN,
        "Pretax Income": NaN,
        "Other Income Expense": NaN,
        "Other Non Operating Income Expenses": NaN,
        "Special Income Charges": NaN,
        "Write Off": 75116000.0,
        "Impairment Of Capital Assets": 58251000.0,
        "Restructuring And Mergern Acquisition": NaN,
        "Gain On Sale Of Security": NaN,
        "Net Non Operating Interest Income Expense": NaN,
        "Total Other Finance Cost": -616000.0,
        "Interest Expense Non Operating": 0.0,
        "Interest Income Non Operating": 616000.0,
        "Operating Income": NaN,
        "Operating Expense": NaN,
        "Research And Development": NaN,
        "Selling General And Administration": NaN,
        "Selling And Marketing Expense": NaN,
        "General And Administrative Expense": NaN,
        "Other Gand A": NaN,
        "Gross Profit": NaN,
        "Cost Of Revenue": NaN,
        "Total Revenue": NaN,
        "Operating Revenue": NaN
    },
    "2022-06-30": {
        "Tax Effect Of Unusual Items": 0.0,
        "Tax Rate For Calcs": 0.0,
        "Normalized EBITDA": -74147000.0,
        "Total Unusual Items": -1800000.0,
        "Total Unusual Items Excluding Goodwill": -1800000.0,
        "Net Income From Continuing Operation Net Minority Interest": -82303000.0,
        "Reconciled Depreciation": 4858000.0,
        "Reconciled Cost Of Revenue": 17445000.0,
        "EBITDA": -75947000.0,
        "EBIT": -80805000.0,
        "Net Interest Income": 356000.0,
        "Normalized Income": -80503000.0,
        "Net Income From Continuing And Discontinued Operation": -82303000.0,
        "Total Expenses": 83487000.0,
        "Total Operating Income As Reported": -82605000.0,
        "Diluted Average Shares": 264561112.0,
        "Basic Average Shares": 264561112.0,
        "Diluted EPS": -0.31,
        "Basic EPS": -0.31,
        "Diluted NI Availto Com Stockholders": -82303000.0,
        "Net Income Common Stockholders": -82303000.0,
        "Otherunder Preferred Stock Dividend": 0.0,
        "Net Income": -82303000.0,
        "Net Income Including Noncontrolling Interests": -82303000.0,
        "Net Income Continuous Operations": -82303000.0,
        "Tax Provision": 0.0,
        "Pretax Income": -82303000.0,
        "Other Income Expense": -1854000.0,
        "Other Non Operating Income Expenses": -54000.0,
        "Special Income Charges": -1800000.0,
        "Write Off": NaN,
        "Impairment Of Capital Assets": NaN,
        "Restructuring And Mergern Acquisition": 1800000.0,
        "Net Non Operating Interest Income Expense": 356000.0,
        "Total Other Finance Cost": -356000.0,
        "Operating Income": -80805000.0,
        "Operating Expense": 66042000.0,
        "Research And Development": 40798000.0,
        "Selling General And Administration": 25244000.0,
        "Selling And Marketing Expense": 4636000.0,
        "General And Administrative Expense": 20608000.0,
        "Other Gand A": 20608000.0,
        "Gross Profit": -14763000.0,
        "Cost Of Revenue": 17445000.0,
        "Total Revenue": 2682000.0,
        "Operating Revenue": 2682000.0
    },
    "2022-03-31": {
        "Diluted EPS": -0.33,
        "Total Revenue": 4,
        "Gross Profit": -7,
        "Operating Income": -86,
        "EBIT": -83,
        "Net Income": -86
    },
    "2021-12-31": {
        "Diluted EPS": 17.7,
        "Total Revenue": NaN,
        "Gross Profit": NaN,
        "Operating Income": -57,
        "EBIT": -56,
        "Net Income": -51
    },
    "2021-09-30": {
        "Diluted EPS": -0.06,
        "Total Revenue": NaN,
        "Gross Profit": NaN,
        "Operating Income": -43,
        "EBIT": -41,
        "Net Income": -16
    },
    "2021-06-30": {
        "Diluted EPS": -0.47,
        "Total Revenue": NaN,
        "Gross Profit": NaN,
        "Operating Income": -30,
        "EBIT": -29,
        "Net Income": -31
    },
    "2021-03-31": {
        "Diluted EPS": -24.99,
        "Total Revenue": NaN,
        "Gross Profit": NaN,
        "Operating Income": -25,
        "EBIT": -24,
        "Net Income": NaN
    },
    "2020-12-31": {
        "Diluted EPS": 0.0,
        "Total Revenue": NaN,
        "Gross Profit": NaN,
        "Operating Income": NaN,
        "EBIT": NaN,
        "Net Income": NaN
    },
    "2020-09-30": {
        "Diluted EPS": -0.09,
        "Total Revenue": NaN,
        "Gross Profit": NaN,
        "Operating Income": -8,
        "EBIT": -7,
        "Net Income": -5
    },
    "2020-06-30": {
        "Diluted EPS": -0.16,
        "Total Revenue": NaN,
        "Gross Profit": NaN,
        "Operating Income": -11,
        "EBIT": -11,
        "Net Income": -9
    },
    "2019-12-31": {
        "Diluted EPS": 0.0,
        "Total Revenue": NaN,
        "Gross Profit": NaN,
        "Operating Income": NaN,
        "EBIT": NaN,
        "Net Income": NaN
    },
    "2023-06-30": {
        "Tax Effect Of Unusual Items": 0.0,
        "Tax Rate For Calcs": 0.0,
        "Normalized EBITDA": -47243000.0,
        "Total Unusual Items": 16625000.0,
        "Total Unusual Items Excluding Goodwill": 16625000.0,
        "Net Income From Continuing Operation Net Minority Interest": -14004000.0,
        "Reconciled Depreciation": 1688000.0,
        "Reconciled Cost Of Revenue": 388000.0,
        "EBITDA": -30618000.0,
        "EBIT": -32306000.0,
        "Net Interest Income": 384000.0,
        "Interest Expense": NaN,
        "Interest Income": NaN,
        "Normalized Income": -30629000.0,
        "Net Income From Continuing And Discontinued Operation": -14004000.0,
        "Total Expenses": 33013000.0,
        "Total Operating Income As Reported": -15681000.0,
        "Diluted Average Shares": 18093915.0,
        "Basic Average Shares": 18093915.0,
        "Diluted EPS": -0.75,
        "Basic EPS": -0.75,
        "Diluted NI Availto Com Stockholders": -14004000.0,
        "Net Income Common Stockholders": -14004000.0,
        "Otherunder Preferred Stock Dividend": NaN,
        "Net Income": -14004000.0,
        "Net Income Including Noncontrolling Interests": -14004000.0,
        "Net Income Continuous Operations": -14004000.0,
        "Tax Provision": 0.0,
        "Pretax Income": -14004000.0,
        "Other Income Expense": 17918000.0,
        "Other Non Operating Income Expenses": 1293000.0,
        "Special Income Charges": 16625000.0,
        "Write Off": NaN,
        "Impairment Of Capital Assets": NaN,
        "Restructuring And Mergern Acquisition": -16625000.0,
        "Gain On Sale Of Security": NaN,
        "Net Non Operating Interest Income Expense": 384000.0,
        "Total Other Finance Cost": -384000.0,
        "Interest Expense Non Operating": NaN,
        "Interest Income Non Operating": NaN,
        "Operating Income": -32306000.0,
        "Operating Expense": 32625000.0,
        "Research And Development": 24395000.0,
        "Selling General And Administration": 8230000.0,
        "Selling And Marketing Expense": 650000.0,
        "General And Administrative Expense": 7580000.0,
        "Other Gand A": 7580000.0,
        "Gross Profit": 319000.0,
        "Cost Of Revenue": 388000.0,
        "Total Revenue": 707000.0,
        "Operating Revenue": 707000.0
    },
    "2023-09-30": {
        "Tax Effect Of Unusual Items": 0.0,
        "Tax Rate For Calcs": 0.0,
        "Normalized EBITDA": -31957000.0,
        "Total Unusual Items": 4510000.0,
        "Total Unusual Items Excluding Goodwill": 4510000.0,
        "Net Income From Continuing Operation Net Minority Interest": -29746000.0,
        "Reconciled Depreciation": 960000.0,
        "Reconciled Cost Of Revenue": 232000.0,
        "EBITDA": -27447000.0,
        "EBIT": -28407000.0,
        "Net Interest Income": -1240000.0,
        "Interest Expense": 1339000.0,
        "Interest Income": 99000.0,
        "Normalized Income": -34256000.0,
        "Net Income From Continuing And Discontinued Operation": -29746000.0,
        "Total Expenses": 33373000.0,
        "Total Operating Income As Reported": -28607000.0,
        "Diluted Average Shares": 18298570.0,
        "Basic Average Shares": 18298570.0,
        "Diluted EPS": -1.63,
        "Basic EPS": -1.63,
        "Diluted NI Availto Com Stockholders": -29746000.0,
        "Net Income Common Stockholders": -29746000.0,
        "Otherunder Preferred Stock Dividend": NaN,
        "Net Income": -29746000.0,
        "Net Income Including Noncontrolling Interests": -29746000.0,
        "Net Income Continuous Operations": -29746000.0,
        "Tax Provision": 0.0,
        "Pretax Income": -29746000.0,
        "Other Income Expense": 4611000.0,
        "Other Non Operating Income Expenses": 101000.0,
        "Special Income Charges": 4510000.0,
        "Write Off": 0.0,
        "Impairment Of Capital Assets": 0.0,
        "Restructuring And Mergern Acquisition": -4510000.0,
        "Gain On Sale Of Security": NaN,
        "Net Non Operating Interest Income Expense": -1240000.0,
        "Total Other Finance Cost": NaN,
        "Interest Expense Non Operating": 1339000.0,
        "Interest Income Non Operating": 99000.0,
        "Operating Income": -33117000.0,
        "Operating Expense": 33141000.0,
        "Research And Development": 21677000.0,
        "Selling General And Administration": 11464000.0,
        "Selling And Marketing Expense": 1630000.0,
        "General And Administrative Expense": 9834000.0,
        "Other Gand A": 9834000.0,
        "Gross Profit": 24000.0,
        "Cost Of Revenue": 232000.0,
        "Total Revenue": 256000.0,
        "Operating Revenue": 256000.0
    },
    "2023-12-31": {
        "Tax Effect Of Unusual Items": 0.0,
        "Tax Rate For Calcs": 0.0,
        "Normalized EBITDA": -27768000.0,
        "Total Unusual Items": -57362000.0,
        "Total Unusual Items Excluding Goodwill": -57362000.0,
        "Net Income From Continuing Operation Net Minority Interest": -89733000.0,
        "Reconciled Depreciation": 2323000.0,
        "Reconciled Cost Of Revenue": 1192000.0,
        "EBITDA": -85130000.0,
        "EBIT": -87453000.0,
        "Net Interest Income": -2131000.0,
        "Interest Expense": 2280000.0,
        "Interest Income": 149000.0,
        "Normalized Income": -32371000.0,
        "Net Income From Continuing And Discontinued Operation": -89733000.0,
        "Total Expenses": 33615000.0,
        "Total Operating Income As Reported": -30704000.0,
        "Diluted Average Shares": NaN,
        "Basic Average Shares": NaN,
        "Diluted EPS": NaN,
        "Basic EPS": NaN,
        "Diluted NI Availto Com Stockholders": -89733000.0,
        "Net Income Common Stockholders": -89733000.0,
        "Otherunder Preferred Stock Dividend": NaN,
        "Net Income": -89733000.0,
        "Net Income Including Noncontrolling Interests": -89733000.0,
        "Net Income Continuous Operations": -89733000.0,
        "Tax Provision": 0.0,
        "Pretax Income": -89733000.0,
        "Other Income Expense": -56898000.0,
        "Other Non Operating Income Expenses": 464000.0,
        "Special Income Charges": -28873000.0,
        "Write Off": NaN,
        "Impairment Of Capital Assets": 0.0,
        "Restructuring And Mergern Acquisition": 0.0,
        "Gain On Sale Of Security": NaN,
        "Net Non Operating Interest Income Expense": -2131000.0,
        "Total Other Finance Cost": NaN,
        "Interest Expense Non Operating": 2280000.0,
        "Interest Income Non Operating": 149000.0,
        "Operating Income": -30704000.0,
        "Operating Expense": 32423000.0,
        "Research And Development": 18254000.0,
        "Selling General And Administration": 14169000.0,
        "Selling And Marketing Expense": 843000.0,
        "General And Administrative Expense": 13326000.0,
        "Other Gand A": 13326000.0,
        "Gross Profit": 1719000.0,
        "Cost Of Revenue": 1192000.0,
        "Total Revenue": 2911000.0,
        "Operating Revenue": 2911000.0
    },
    "2024-03-31": {
        "Tax Effect Of Unusual Items": 0.0,
        "Tax Rate For Calcs": 0.0,
        "Normalized EBITDA": -85003000.0,
        "Total Unusual Items": 62277000.0,
        "Total Unusual Items Excluding Goodwill": 62277000.0,
        "Net Income From Continuing Operation Net Minority Interest": 38129000.0,
        "Reconciled Depreciation": 1659000.0,
        "Reconciled Cost Of Revenue": 128000.0,
        "EBITDA": -22726000.0,
        "EBIT": -24385000.0,
        "Net Interest Income": 5000.0,
        "Interest Expense": NaN,
        "Interest Income": 5000.0,
        "Normalized Income": -24148000.0,
        "Net Income From Continuing And Discontinued Operation": 38129000.0,
        "Total Expenses": 24670000.0,
        "Total Operating Income As Reported": -24385000.0,
        "Diluted Average Shares": 49411417.0,
        "Basic Average Shares": 22671821.0,
        "Diluted EPS": 0.46,
        "Basic EPS": 1.68,
        "Diluted NI Availto Com Stockholders": 38129000.0,
        "Net Income Common Stockholders": 38129000.0,
        "Otherunder Preferred Stock Dividend": NaN,
        "Net Income": 38129000.0,
        "Net Income Including Noncontrolling Interests": 38129000.0,
        "Net Income Continuous Operations": 38129000.0,
        "Tax Provision": 0.0,
        "Pretax Income": 38129000.0,
        "Other Income Expense": 62509000.0,
        "Other Non Operating Income Expenses": 232000.0,
        "Special Income Charges": 0.0,
        "Write Off": NaN,
        "Impairment Of Capital Assets": NaN,
        "Restructuring And Mergern Acquisition": 0.0,
        "Gain On Sale Of Security": 62277000.0,
        "Net Non Operating Interest Income Expense": 5000.0,
        "Total Other Finance Cost": NaN,
        "Interest Expense Non Operating": NaN,
        "Interest Income Non Operating": 5000.0,
        "Operating Income": -24385000.0,
        "Operating Expense": 24542000.0,
        "Research And Development": 12641000.0,
        "Selling General And Administration": 11901000.0,
        "Selling And Marketing Expense": 865000.0,
        "General And Administrative Expense": 11036000.0,
        "Other Gand A": 11036000.0,
        "Gross Profit": 157000.0,
        "Cost Of Revenue": 128000.0,
        "Total Revenue": 285000.0,
        "Operating Revenue": 285000.0
    }
}