{
    "2023-03-31": {
        "Tax Effect Of Unusual Items": NaN,
        "Tax Rate For Calcs": NaN,
        "Normalized EBITDA": NaN,
        "Total Unusual Items": NaN,
        "Total Unusual Items Excluding Goodwill": NaN,
        "Net Income From Continuing Operation Net Minority Interest": NaN,
        "Reconciled Depreciation": NaN,
        "Reconciled Cost Of Revenue": 0.0,
        "EBITDA": NaN,
        "EBIT": NaN,
        "Net Interest Income": NaN,
        "Normalized Income": NaN,
        "Net Income From Continuing And Discontinued Operation": NaN,
        "Total Expenses": NaN,
        "Diluted Average Shares": NaN,
        "Basic Average Shares": NaN,
        "Diluted EPS": NaN,
        "Basic EPS": NaN,
        "Diluted NI Availto Com Stockholders": NaN,
        "Net Income Common Stockholders": NaN,
        "Net Income": NaN,
        "Minority Interests": NaN,
        "Net Income Including Noncontrolling Interests": NaN,
        "Net Income Continuous Operations": NaN,
        "Tax Provision": NaN,
        "Pretax Income": NaN,
        "Other Income Expense": NaN,
        "Other Non Operating Income Expenses": NaN,
        "Gain On Sale Of Security": NaN,
        "Net Non Operating Interest Income Expense": NaN,
        "Total Other Finance Cost": NaN,
        "Operating Income": NaN,
        "Operating Expense": NaN,
        "Depreciation Amortization Depletion Income Statement": NaN,
        "Depreciation And Amortization In Income Statement": NaN,
        "Research And Development": NaN,
        "Selling General And Administration": NaN,
        "General And Administrative Expense": NaN,
        "Other Gand A": NaN,
        "Gross Profit": 0.0,
        "Cost Of Revenue": 0.0,
        "Total Revenue": NaN,
        "Operating Revenue": NaN
    },
    "2022-12-31": {
        "Tax Effect Of Unusual Items": NaN,
        "Tax Rate For Calcs": NaN,
        "Normalized EBITDA": NaN,
        "Total Unusual Items": NaN,
        "Total Unusual Items Excluding Goodwill": NaN,
        "Net Income From Continuing Operation Net Minority Interest": NaN,
        "Reconciled Depreciation": NaN,
        "Reconciled Cost Of Revenue": 0.0,
        "EBITDA": NaN,
        "EBIT": NaN,
        "Net Interest Income": NaN,
        "Normalized Income": NaN,
        "Net Income From Continuing And Discontinued Operation": NaN,
        "Total Expenses": NaN,
        "Diluted Average Shares": NaN,
        "Basic Average Shares": NaN,
        "Diluted EPS": NaN,
        "Basic EPS": NaN,
        "Diluted NI Availto Com Stockholders": NaN,
        "Net Income Common Stockholders": NaN,
        "Net Income": NaN,
        "Minority Interests": NaN,
        "Net Income Including Noncontrolling Interests": NaN,
        "Net Income Continuous Operations": NaN,
        "Tax Provision": NaN,
        "Pretax Income": NaN,
        "Other Income Expense": NaN,
        "Other Non Operating Income Expenses": NaN,
        "Gain On Sale Of Security": NaN,
        "Net Non Operating Interest Income Expense": NaN,
        "Total Other Finance Cost": NaN,
        "Operating Income": NaN,
        "Operating Expense": NaN,
        "Depreciation Amortization Depletion Income Statement": NaN,
        "Depreciation And Amortization In Income Statement": NaN,
        "Research And Development": NaN,
        "Selling General And Administration": NaN,
        "General And Administrative Expense": NaN,
        "Other Gand A": NaN,
        "Gross Profit": 0.0,
        "Cost Of Revenue": 0.0,
        "Total Revenue": NaN,
        "Operating Revenue": NaN
    },
    "2022-09-30": {
        "Tax Effect Of Unusual Items": NaN,
        "Tax Rate For Calcs": NaN,
        "Normalized EBITDA": NaN,
        "Total Unusual Items": NaN,
        "Total Unusual Items Excluding Goodwill": NaN,
        "Net Income From Continuing Operation Net Minority Interest": NaN,
        "Reconciled Depreciation": NaN,
        "Reconciled Cost Of Revenue": NaN,
        "EBITDA": NaN,
        "EBIT": NaN,
        "Net Interest Income": NaN,
        "Normalized Income": NaN,
        "Net Income From Continuing And Discontinued Operation": NaN,
        "Total Expenses": NaN,
        "Diluted Average Shares": 53233552.0,
        "Basic Average Shares": 53233552.0,
        "Diluted EPS": -0.18,
        "Basic EPS": -0.18,
        "Diluted NI Availto Com Stockholders": NaN,
        "Net Income Common Stockholders": NaN,
        "Net Income": NaN,
        "Minority Interests": NaN,
        "Net Income Including Noncontrolling Interests": NaN,
        "Net Income Continuous Operations": NaN,
        "Tax Provision": NaN,
        "Pretax Income": NaN,
        "Other Income Expense": NaN,
        "Other Non Operating Income Expenses": NaN,
        "Gain On Sale Of Security": NaN,
        "Net Non Operating Interest Income Expense": NaN,
        "Total Other Finance Cost": NaN,
        "Operating Income": NaN,
        "Operating Expense": NaN,
        "Depreciation Amortization Depletion Income Statement": NaN,
        "Depreciation And Amortization In Income Statement": NaN,
        "Research And Development": NaN,
        "Selling General And Administration": NaN,
        "General And Administrative Expense": NaN,
        "Other Gand A": NaN,
        "Gross Profit": NaN,
        "Cost Of Revenue": NaN,
        "Total Revenue": NaN,
        "Operating Revenue": NaN
    },
    "2022-06-30": {
        "Tax Effect Of Unusual Items": 9219600.0,
        "Tax Rate For Calcs": 0.4,
        "Normalized EBITDA": -52206000.0,
        "Total Unusual Items": 23049000.0,
        "Total Unusual Items Excluding Goodwill": 23049000.0,
        "Net Income From Continuing Operation Net Minority Interest": -2924000.0,
        "Reconciled Depreciation": 1185000.0,
        "Reconciled Cost Of Revenue": 2202000.0,
        "EBITDA": -29157000.0,
        "EBIT": -30342000.0,
        "Normalized Income": -16753400.0,
        "Net Income From Continuing And Discontinued Operation": -2924000.0,
        "Total Expenses": 37606000.0,
        "Diluted Average Shares": 51868658.0,
        "Basic Average Shares": 51868658.0,
        "Diluted EPS": -0.06,
        "Basic EPS": -0.06,
        "Diluted NI Availto Com Stockholders": -2924000.0,
        "Net Income Common Stockholders": -2924000.0,
        "Net Income": -2924000.0,
        "Minority Interests": 5144000.0,
        "Net Income Including Noncontrolling Interests": -8068000.0,
        "Net Income Continuous Operations": -8068000.0,
        "Tax Provision": 96000.0,
        "Pretax Income": -7972000.0,
        "Other Income Expense": 22370000.0,
        "Other Non Operating Income Expenses": -679000.0,
        "Gain On Sale Of Security": 23049000.0,
        "Operating Income": -30342000.0,
        "Operating Expense": 35404000.0,
        "Other Operating Expenses": 11999000.0,
        "Depreciation Amortization Depletion Income Statement": 1185000.0,
        "Depreciation And Amortization In Income Statement": 1185000.0,
        "Research And Development": 21144000.0,
        "Selling General And Administration": 13075000.0,
        "General And Administrative Expense": 13075000.0,
        "Other Gand A": 13075000.0,
        "Gross Profit": 5062000.0,
        "Cost Of Revenue": 2202000.0,
        "Total Revenue": 7264000.0,
        "Operating Revenue": 7264000.0
    },
    "2022-03-31": {
        "Diluted EPS": -0.21,
        "Total Revenue": 2,
        "Gross Profit": 0,
        "Operating Income": -32,
        "EBIT": -31,
        "Net Income": -11
    },
    "2021-12-31": {
        "Diluted EPS": -0.05,
        "Total Revenue": 6,
        "Gross Profit": 3,
        "Operating Income": -28,
        "EBIT": -28,
        "Net Income": 8
    },
    "2021-09-30": {
        "Diluted EPS": 0.07,
        "Total Revenue": 2,
        "Gross Profit": 0,
        "Operating Income": -23,
        "EBIT": -22,
        "Net Income": 4
    },
    "2021-06-30": {
        "Diluted EPS": -0.39,
        "Total Revenue": 3,
        "Gross Profit": 2,
        "Operating Income": -23,
        "EBIT": -23,
        "Net Income": -20
    },
    "2021-03-31": {
        "Diluted EPS": 0.0,
        "Total Revenue": 1,
        "Gross Profit": 0,
        "Operating Income": -12,
        "EBIT": -11,
        "Net Income": -12
    },
    "2020-12-31": {
        "Diluted EPS": 0.0,
        "Total Revenue": 3,
        "Gross Profit": 2,
        "Operating Income": -13,
        "EBIT": -13,
        "Net Income": -21
    },
    "2020-09-30": {
        "Diluted EPS": 0.0,
        "Total Revenue": 2,
        "Gross Profit": 1,
        "Operating Income": -5,
        "EBIT": -5,
        "Net Income": -6
    },
    "2020-06-30": {
        "Diluted EPS": 0.0,
        "Total Revenue": 0,
        "Gross Profit": 0,
        "Operating Income": -6,
        "EBIT": -6,
        "Net Income": -6
    },
    "2020-03-31": {
        "Diluted EPS": 0.8,
        "Total Revenue": NaN,
        "Gross Profit": NaN,
        "Operating Income": 0,
        "EBIT": 0,
        "Net Income": 8
    },
    "2019-12-31": {
        "Diluted EPS": 0.0,
        "Total Revenue": NaN,
        "Gross Profit": NaN,
        "Operating Income": NaN,
        "EBIT": NaN,
        "Net Income": NaN
    },
    "2019-09-30": {
        "Diluted EPS": -0.02,
        "Total Revenue": NaN,
        "Gross Profit": NaN,
        "Operating Income": 0,
        "EBIT": 0,
        "Net Income": 0
    },
    "2023-06-30": {
        "Tax Effect Of Unusual Items": NaN,
        "Tax Rate For Calcs": NaN,
        "Normalized EBITDA": NaN,
        "Total Unusual Items": NaN,
        "Total Unusual Items Excluding Goodwill": NaN,
        "Net Income From Continuing Operation Net Minority Interest": NaN,
        "Reconciled Depreciation": NaN,
        "Reconciled Cost Of Revenue": 0.0,
        "EBITDA": NaN,
        "EBIT": NaN,
        "Net Interest Income": 1724000.0,
        "Normalized Income": NaN,
        "Net Income From Continuing And Discontinued Operation": NaN,
        "Total Expenses": NaN,
        "Diluted Average Shares": 75640650.0,
        "Basic Average Shares": 75640650.0,
        "Diluted EPS": -0.24,
        "Basic EPS": -0.24,
        "Diluted NI Availto Com Stockholders": NaN,
        "Net Income Common Stockholders": NaN,
        "Net Income": NaN,
        "Minority Interests": NaN,
        "Net Income Including Noncontrolling Interests": NaN,
        "Net Income Continuous Operations": NaN,
        "Tax Provision": NaN,
        "Pretax Income": NaN,
        "Other Income Expense": NaN,
        "Other Non Operating Income Expenses": NaN,
        "Gain On Sale Of Security": NaN,
        "Net Non Operating Interest Income Expense": 1724000.0,
        "Total Other Finance Cost": -1724000.0,
        "Operating Income": NaN,
        "Operating Expense": NaN,
        "Depreciation Amortization Depletion Income Statement": NaN,
        "Depreciation And Amortization In Income Statement": NaN,
        "Research And Development": NaN,
        "Selling General And Administration": NaN,
        "General And Administrative Expense": NaN,
        "Other Gand A": NaN,
        "Gross Profit": 0.0,
        "Cost Of Revenue": 0.0,
        "Total Revenue": NaN,
        "Operating Revenue": NaN
    },
    "2023-09-30": {
        "Tax Effect Of Unusual Items": 1571010.0,
        "Tax Rate For Calcs": 0.21,
        "Normalized EBITDA": -47417000.0,
        "Total Unusual Items": 7481000.0,
        "Total Unusual Items Excluding Goodwill": 7481000.0,
        "Net Income From Continuing Operation Net Minority Interest": -20909000.0,
        "Reconciled Depreciation": 19029000.0,
        "Reconciled Cost Of Revenue": 0.0,
        "EBITDA": -39936000.0,
        "EBIT": -58965000.0,
        "Net Interest Income": 495000.0,
        "Normalized Income": -26818990.0,
        "Net Income From Continuing And Discontinued Operation": -20909000.0,
        "Total Expenses": 58965000.0,
        "Diluted Average Shares": 89514621.0,
        "Basic Average Shares": 89514621.0,
        "Diluted EPS": -0.23,
        "Basic EPS": -0.23,
        "Diluted NI Availto Com Stockholders": -20909000.0,
        "Net Income Common Stockholders": -20909000.0,
        "Net Income": -20909000.0,
        "Minority Interests": 29839000.0,
        "Net Income Including Noncontrolling Interests": -50748000.0,
        "Net Income Continuous Operations": -50748000.0,
        "Tax Provision": 266000.0,
        "Pretax Income": -50482000.0,
        "Other Income Expense": 7988000.0,
        "Other Non Operating Income Expenses": 507000.0,
        "Gain On Sale Of Security": 7481000.0,
        "Net Non Operating Interest Income Expense": 495000.0,
        "Total Other Finance Cost": -495000.0,
        "Operating Income": -58965000.0,
        "Operating Expense": 58965000.0,
        "Depreciation Amortization Depletion Income Statement": 19029000.0,
        "Depreciation And Amortization In Income Statement": 19029000.0,
        "Research And Development": 28941000.0,
        "Selling General And Administration": 10995000.0,
        "General And Administrative Expense": 10995000.0,
        "Other Gand A": 10995000.0,
        "Gross Profit": 0.0,
        "Cost Of Revenue": 0.0,
        "Total Revenue": 0.0,
        "Operating Revenue": 0.0
    },
    "2023-12-31": {
        "Tax Effect Of Unusual Items": -2618280.0,
        "Tax Rate For Calcs": 0.21,
        "Normalized EBITDA": -28818000.0,
        "Total Unusual Items": -12468000.0,
        "Total Unusual Items Excluding Goodwill": -12468000.0,
        "Net Income From Continuing Operation Net Minority Interest": -31926000.0,
        "Reconciled Depreciation": 19592000.0,
        "Reconciled Cost Of Revenue": 0.0,
        "EBITDA": -41286000.0,
        "EBIT": -60878000.0,
        "Net Interest Income": NaN,
        "Normalized Income": -22076280.0,
        "Net Income From Continuing And Discontinued Operation": -31926000.0,
        "Total Expenses": 60878000.0,
        "Diluted Average Shares": NaN,
        "Basic Average Shares": NaN,
        "Diluted EPS": NaN,
        "Basic EPS": NaN,
        "Diluted NI Availto Com Stockholders": -31926000.0,
        "Net Income Common Stockholders": -31926000.0,
        "Net Income": -31926000.0,
        "Minority Interests": 45198000.0,
        "Net Income Including Noncontrolling Interests": -77124000.0,
        "Net Income Continuous Operations": -77124000.0,
        "Tax Provision": 2089000.0,
        "Pretax Income": -75035000.0,
        "Other Income Expense": -16832000.0,
        "Other Non Operating Income Expenses": -4364000.0,
        "Gain On Sale Of Security": -12468000.0,
        "Net Non Operating Interest Income Expense": NaN,
        "Total Other Finance Cost": NaN,
        "Operating Income": -60878000.0,
        "Operating Expense": 60878000.0,
        "Depreciation Amortization Depletion Income Statement": 19592000.0,
        "Depreciation And Amortization In Income Statement": 19592000.0,
        "Research And Development": 30758000.0,
        "Selling General And Administration": 10528000.0,
        "General And Administrative Expense": 10528000.0,
        "Other Gand A": 10528000.0,
        "Gross Profit": 0.0,
        "Cost Of Revenue": 0.0,
        "Total Revenue": 0.0,
        "Operating Revenue": 0.0
    },
    "2024-03-31": {
        "Tax Effect Of Unusual Items": 3824940.0,
        "Tax Rate For Calcs": 0.21,
        "Normalized EBITDA": -53769000.0,
        "Total Unusual Items": 18214000.0,
        "Total Unusual Items Excluding Goodwill": 18214000.0,
        "Net Income From Continuing Operation Net Minority Interest": -19730000.0,
        "Reconciled Depreciation": 19945000.0,
        "Reconciled Cost Of Revenue": NaN,
        "EBITDA": -35555000.0,
        "EBIT": -55500000.0,
        "Net Interest Income": -2222000.0,
        "Normalized Income": -34119060.0,
        "Net Income From Continuing And Discontinued Operation": -19730000.0,
        "Total Expenses": 56000000.0,
        "Diluted Average Shares": 121447138.0,
        "Basic Average Shares": 121447138.0,
        "Diluted EPS": -0.16,
        "Basic EPS": -0.16,
        "Diluted NI Availto Com Stockholders": -19730000.0,
        "Net Income Common Stockholders": -19730000.0,
        "Net Income": -19730000.0,
        "Minority Interests": 20074000.0,
        "Net Income Including Noncontrolling Interests": -39804000.0,
        "Net Income Continuous Operations": -39804000.0,
        "Tax Provision": 294000.0,
        "Pretax Income": -39510000.0,
        "Other Income Expense": 18212000.0,
        "Other Non Operating Income Expenses": -2000.0,
        "Gain On Sale Of Security": 18214000.0,
        "Net Non Operating Interest Income Expense": -2222000.0,
        "Total Other Finance Cost": 2222000.0,
        "Operating Income": -55500000.0,
        "Operating Expense": 56000000.0,
        "Depreciation Amortization Depletion Income Statement": 19945000.0,
        "Depreciation And Amortization In Income Statement": 19945000.0,
        "Research And Development": 23768000.0,
        "Selling General And Administration": 12287000.0,
        "General And Administrative Expense": 12287000.0,
        "Other Gand A": 12287000.0,
        "Gross Profit": NaN,
        "Cost Of Revenue": NaN,
        "Total Revenue": 500000.0,
        "Operating Revenue": 500000.0
    },
    "2024-06-30": {
        "Tax Effect Of Unusual Items": -13889400.0,
        "Tax Rate For Calcs": 0.21,
        "Normalized EBITDA": 23539000.0,
        "Total Unusual Items": -66140000.0,
        "Total Unusual Items Excluding Goodwill": -66140000.0,
        "Net Income From Continuing Operation Net Minority Interest": -72550000.0,
        "Reconciled Depreciation": 20391000.0,
        "Reconciled Cost Of Revenue": NaN,
        "EBITDA": -42601000.0,
        "EBIT": -62993000.0,
        "Net Interest Income": -2238000.0,
        "Normalized Income": -20299400.0,
        "Net Income From Continuing And Discontinued Operation": -72550000.0,
        "Total Expenses": 63893000.0,
        "Diluted Average Shares": 141185500.0,
        "Basic Average Shares": 141185500.0,
        "Diluted EPS": -0.51,
        "Basic EPS": -0.51,
        "Diluted NI Availto Com Stockholders": -72550000.0,
        "Net Income Common Stockholders": -72550000.0,
        "Net Income": -72550000.0,
        "Minority Interests": 58800000.0,
        "Net Income Including Noncontrolling Interests": -131350000.0,
        "Net Income Continuous Operations": -131350000.0,
        "Tax Provision": 231000.0,
        "Pretax Income": -131119000.0,
        "Other Income Expense": -65888000.0,
        "Other Non Operating Income Expenses": 252000.0,
        "Gain On Sale Of Security": -66140000.0,
        "Net Non Operating Interest Income Expense": -2238000.0,
        "Total Other Finance Cost": 2238000.0,
        "Operating Income": -62993000.0,
        "Operating Expense": 63893000.0,
        "Depreciation Amortization Depletion Income Statement": 20392000.0,
        "Depreciation And Amortization In Income Statement": 20392000.0,
        "Research And Development": 25662000.0,
        "Selling General And Administration": 17839000.0,
        "General And Administrative Expense": 17839000.0,
        "Other Gand A": 17839000.0,
        "Gross Profit": NaN,
        "Cost Of Revenue": NaN,
        "Total Revenue": 900000.0,
        "Operating Revenue": 900000.0
    },
    "2024-09-30": {
        "Tax Effect Of Unusual Items": -49751520.0,
        "Tax Rate For Calcs": 0.21,
        "Normalized EBITDA": 185910000.0,
        "Total Unusual Items": -236912000.0,
        "Total Unusual Items Excluding Goodwill": -236912000.0,
        "Net Income From Continuing Operation Net Minority Interest": -171946000.0,
        "Reconciled Depreciation": 14544000.0,
        "Reconciled Cost Of Revenue": NaN,
        "EBITDA": -51002000.0,
        "EBIT": -65546000.0,
        "Net Interest Income": -1386000.0,
        "Normalized Income": 15214480.0,
        "Net Income From Continuing And Discontinued Operation": -171946000.0,
        "Total Expenses": 66646000.0,
        "Diluted Average Shares": 155644888.0,
        "Basic Average Shares": 155644888.0,
        "Diluted EPS": -1.1,
        "Basic EPS": -1.1,
        "Diluted NI Availto Com Stockholders": -171946000.0,
        "Net Income Common Stockholders": -171946000.0,
        "Net Income": -171946000.0,
        "Minority Interests": 131134000.0,
        "Net Income Including Noncontrolling Interests": -303080000.0,
        "Net Income Continuous Operations": -303080000.0,
        "Tax Provision": 646000.0,
        "Pretax Income": -302434000.0,
        "Other Income Expense": -235502000.0,
        "Other Non Operating Income Expenses": 1410000.0,
        "Gain On Sale Of Security": -236912000.0,
        "Net Non Operating Interest Income Expense": -1386000.0,
        "Total Other Finance Cost": 1386000.0,
        "Operating Income": -65546000.0,
        "Operating Expense": 66646000.0,
        "Depreciation Amortization Depletion Income Statement": 14543000.0,
        "Depreciation And Amortization In Income Statement": 14543000.0,
        "Research And Development": 36552000.0,
        "Selling General And Administration": 15551000.0,
        "General And Administrative Expense": 15551000.0,
        "Other Gand A": 15551000.0,
        "Gross Profit": NaN,
        "Cost Of Revenue": NaN,
        "Total Revenue": 1100000.0,
        "Operating Revenue": 1100000.0
    }
}