{
    "2023-06-30": {
        "Tax Effect Of Unusual Items": 137430916.823262,
        "Tax Rate For Calcs": 0.189299,
        "Normalized EBITDA": 24973000000.0,
        "Total Unusual Items": 726000000.0,
        "Total Unusual Items Excluding Goodwill": 726000000.0,
        "Net Income From Continuing Operation Net Minority Interest": 7740000000.0,
        "Reconciled Depreciation": 14488000000.0,
        "Reconciled Cost Of Revenue": 114534000000.0,
        "EBITDA": 25699000000.0,
        "EBIT": 11211000000.0,
        "Net Interest Income": -1100000000.0,
        "Interest Expense": 1100000000.0,
        "Normalized Income": 7151430916.823262,
        "Net Income From Continuing And Discontinued Operation": 7740000000.0,
        "Total Expenses": 126863000000.0,
        "Total Operating Income As Reported": 9412000000.0,
        "Diluted Average Shares": 2171474000.0,
        "Basic Average Shares": 2150000000.0,
        "Diluted EPS": 3.52,
        "Basic EPS": 3.6,
        "Diluted NI Availto Com Stockholders": 7740000000.0,
        "Net Income Common Stockholders": 7740000000.0,
        "Net Income": 7740000000.0,
        "Minority Interests": -457000000.0,
        "Net Income Including Noncontrolling Interests": 8197000000.0,
        "Net Income Continuous Operations": 8197000000.0,
        "Tax Provision": 1914000000.0,
        "Pretax Income": 10111000000.0,
        "Other Income Expense": 1799000000.0,
        "Other Non Operating Income Expenses": 747000000.0,
        "Earnings From Equity Interest": 326000000.0,
        "Gain On Sale Of Security": 726000000.0,
        "Net Non Operating Interest Income Expense": -1100000000.0,
        "Interest Expense Non Operating": 1100000000.0,
        "Operating Income": 9412000000.0,
        "Operating Expense": 12329000000.0,
        "Research And Development": 6218000000.0,
        "Selling General And Administration": 6111000000.0,
        "Gross Profit": 21741000000.0,
        "Cost Of Revenue": 114534000000.0,
        "Total Revenue": 136275000000.0,
        "Operating Revenue": 134522000000.0
    },
    "2023-03-31": {
        "Tax Effect Of Unusual Items": 146314612.452351,
        "Tax Rate For Calcs": 0.225794,
        "Normalized EBITDA": 22738000000.0,
        "Total Unusual Items": 648000000.0,
        "Total Unusual Items Excluding Goodwill": 648000000.0,
        "Net Income From Continuing Operation Net Minority Interest": 5817000000.0,
        "Reconciled Depreciation": 14440000000.0,
        "Reconciled Cost Of Revenue": 111552000000.0,
        "EBITDA": 23386000000.0,
        "EBIT": 8946000000.0,
        "Net Interest Income": -1076000000.0,
        "Interest Expense": 1076000000.0,
        "Normalized Income": 5315314612.452351,
        "Net Income From Continuing And Discontinued Operation": 5817000000.0,
        "Total Expenses": 123196000000.0,
        "Total Operating Income As Reported": 7695000000.0,
        "Diluted Average Shares": 2168482500.0,
        "Basic Average Shares": 2138602941.0,
        "Diluted EPS": 2.6,
        "Basic EPS": 2.72,
        "Diluted NI Availto Com Stockholders": 5817000000.0,
        "Net Income Common Stockholders": 5817000000.0,
        "Net Income": 5817000000.0,
        "Minority Interests": -276000000.0,
        "Net Income Including Noncontrolling Interests": 6093000000.0,
        "Net Income Continuous Operations": 6093000000.0,
        "Tax Provision": 1777000000.0,
        "Pretax Income": 7870000000.0,
        "Other Income Expense": 1251000000.0,
        "Other Non Operating Income Expenses": 615000000.0,
        "Earnings From Equity Interest": -12000000.0,
        "Gain On Sale Of Security": 648000000.0,
        "Net Non Operating Interest Income Expense": -1076000000.0,
        "Interest Expense Non Operating": 1076000000.0,
        "Operating Income": 7695000000.0,
        "Operating Expense": 11644000000.0,
        "Research And Development": 5572000000.0,
        "Selling General And Administration": 6072000000.0,
        "Gross Profit": 19339000000.0,
        "Cost Of Revenue": 111552000000.0,
        "Total Revenue": 130891000000.0,
        "Operating Revenue": 129167000000.0
    },
    "2022-12-31": {
        "Tax Effect Of Unusual Items": 240614924.837938,
        "Tax Rate For Calcs": 0.213396,
        "Normalized EBITDA": 35224101000.0,
        "Total Unusual Items": 1127550000.0,
        "Total Unusual Items Excluding Goodwill": 1127550000.0,
        "Net Income From Continuing Operation Net Minority Interest": 15141545000.0,
        "Reconciled Depreciation": 14252889000.0,
        "Reconciled Cost Of Revenue": 143317631000.0,
        "EBITDA": 36351651000.0,
        "EBIT": 22098762000.0,
        "Net Interest Income": -1115035000.0,
        "Interest Expense": 1749134000.0,
        "Normalized Income": 14254609924.837938,
        "Net Income From Continuing And Discontinued Operation": 15141545000.0,
        "Total Expenses": 156273652000.0,
        "Total Operating Income As Reported": 20787911000.0,
        "Diluted Average Shares": 2109382500.0,
        "Basic Average Shares": 2086268784.0,
        "Diluted EPS": 7.14,
        "Basic EPS": 7.54,
        "Diluted NI Availto Com Stockholders": 13330096000.0,
        "Net Income Common Stockholders": 15141545000.0,
        "Net Income": 15141545000.0,
        "Minority Interests": -865549000.0,
        "Net Income Including Noncontrolling Interests": 16007094000.0,
        "Net Income Continuous Operations": 16007094000.0,
        "Tax Provision": 4342534000.0,
        "Pretax Income": 20349628000.0,
        "Other Income Expense": 321672000.0,
        "Other Non Operating Income Expenses": -948255000.0,
        "Earnings From Equity Interest": 142377000.0,
        "Gain On Sale Of Security": 1322652000.0,
        "Net Non Operating Interest Income Expense": -1115035000.0,
        "Interest Expense Non Operating": 1749134000.0,
        "Operating Income": 21142991000.0,
        "Operating Expense": 12956021000.0,
        "Research And Development": 6950907000.0,
        "Selling General And Administration": 7374522000.0,
        "Gross Profit": 34099012000.0,
        "Cost Of Revenue": 143317631000.0,
        "Total Revenue": 177416643000.0,
        "Operating Revenue": 184233643000.0
    },
    "2022-09-30": {
        "Tax Effect Of Unusual Items": 12820664.831675,
        "Tax Rate For Calcs": 0.213678,
        "Normalized EBITDA": 38468000000.0,
        "Total Unusual Items": 60000000.0,
        "Total Unusual Items Excluding Goodwill": 60000000.0,
        "Net Income From Continuing Operation Net Minority Interest": 17465000000.0,
        "Reconciled Depreciation": 13947000000.0,
        "Reconciled Cost Of Revenue": 150654000000.0,
        "EBITDA": 38528000000.0,
        "EBIT": 24581000000.0,
        "Net Interest Income": -966000000.0,
        "Interest Expense": 966000000.0,
        "Normalized Income": 17417820664.831676,
        "Net Income From Continuing And Discontinued Operation": 17465000000.0,
        "Total Expenses": 164943000000.0,
        "Total Operating Income As Reported": 23683000000.0,
        "Diluted Average Shares": 2186939000.0,
        "Basic Average Shares": 2166873449.0,
        "Diluted EPS": 7.84,
        "Basic EPS": 8.06,
        "Diluted NI Availto Com Stockholders": 17465000000.0,
        "Net Income Common Stockholders": 17465000000.0,
        "Net Income": 17465000000.0,
        "Minority Interests": -1104000000.0,
        "Net Income Including Noncontrolling Interests": 18569000000.0,
        "Net Income Continuous Operations": 18569000000.0,
        "Tax Provision": 5046000000.0,
        "Pretax Income": 23615000000.0,
        "Other Income Expense": 898000000.0,
        "Other Non Operating Income Expenses": 480000000.0,
        "Earnings From Equity Interest": 358000000.0,
        "Gain On Sale Of Security": 60000000.0,
        "Net Non Operating Interest Income Expense": -966000000.0,
        "Interest Expense Non Operating": 966000000.0,
        "Operating Income": 23683000000.0,
        "Operating Expense": 14289000000.0,
        "Research And Development": 6262000000.0,
        "Selling General And Administration": 8027000000.0,
        "Gross Profit": 37972000000.0,
        "Cost Of Revenue": 150654000000.0,
        "Total Revenue": 188626000000.0,
        "Operating Revenue": 186143000000.0
    },
    "2022-06-30": {
        "Tax Effect Of Unusual Items": 51283024.224073,
        "Tax Rate For Calcs": 0.211913,
        "Normalized EBITDA": 35345000000.0,
        "Total Unusual Items": 242000000.0,
        "Total Unusual Items Excluding Goodwill": 242000000.0,
        "Net Income From Continuing Operation Net Minority Interest": 15988000000.0,
        "Reconciled Depreciation": 13749000000.0,
        "Reconciled Cost Of Revenue": 126051000000.0,
        "EBITDA": 35587000000.0,
        "EBIT": 21838000000.0,
        "Net Interest Income": -702000000.0,
        "Interest Expense": 702000000.0,
        "Normalized Income": 15797283024.224073,
        "Net Income From Continuing And Discontinued Operation": 15988000000.0,
        "Total Expenses": 139833000000.0,
        "Total Operating Income As Reported": 20606000000.0,
        "Diluted Average Shares": 2187553500.0,
        "Basic Average Shares": 2166395664.0,
        "Diluted EPS": 4.04,
        "Basic EPS": 7.38,
        "Diluted NI Availto Com Stockholders": 15988000000.0,
        "Net Income Common Stockholders": 15988000000.0,
        "Net Income": 15988000000.0,
        "Minority Interests": -669000000.0,
        "Net Income Including Noncontrolling Interests": 16657000000.0,
        "Net Income Continuous Operations": 16657000000.0,
        "Tax Provision": 4479000000.0,
        "Pretax Income": 21136000000.0,
        "Other Income Expense": 1232000000.0,
        "Other Non Operating Income Expenses": 504000000.0,
        "Earnings From Equity Interest": 486000000.0,
        "Gain On Sale Of Security": 242000000.0,
        "Net Non Operating Interest Income Expense": -702000000.0,
        "Interest Expense Non Operating": 702000000.0,
        "Operating Income": 20606000000.0,
        "Operating Expense": 13782000000.0,
        "Research And Development": 5795000000.0,
        "Selling General And Administration": 7987000000.0,
        "Gross Profit": 34388000000.0,
        "Cost Of Revenue": 126051000000.0,
        "Total Revenue": 160439000000.0,
        "Operating Revenue": 158367000000.0
    },
    "2022-03-31": {
        "Diluted EPS": 0.21,
        "Total Revenue": NaN,
        "Gross Profit": NaN,
        "Operating Income": 575,
        "EBIT": NaN,
        "Net Income": 461
    },
    "2021-12-31": {
        "Diluted EPS": 0.45,
        "Total Revenue": NaN,
        "Gross Profit": NaN,
        "Operating Income": 755,
        "EBIT": NaN,
        "Net Income": 984
    },
    "2021-09-30": {
        "Diluted EPS": 0.23,
        "Total Revenue": NaN,
        "Gross Profit": NaN,
        "Operating Income": 661,
        "EBIT": NaN,
        "Net Income": 509
    },
    "2021-06-30": {
        "Diluted EPS": 0.17,
        "Total Revenue": NaN,
        "Gross Profit": 888,
        "Operating Income": 472,
        "EBIT": 959,
        "Net Income": 370
    },
    "2021-03-31": {
        "Diluted EPS": 0.14,
        "Total Revenue": NaN,
        "Gross Profit": 784,
        "Operating Income": 394,
        "EBIT": 858,
        "Net Income": 305
    },
    "2020-12-31": {
        "Diluted EPS": 0.17,
        "Total Revenue": NaN,
        "Gross Profit": 938,
        "Operating Income": 465,
        "EBIT": 977,
        "Net Income": 370
    },
    "2020-09-30": {
        "Diluted EPS": 0.11,
        "Total Revenue": NaN,
        "Gross Profit": 672,
        "Operating Income": 312,
        "EBIT": 771,
        "Net Income": 229
    },
    "2020-06-30": {
        "Diluted EPS": 0.11,
        "Total Revenue": NaN,
        "Gross Profit": 630,
        "Operating Income": 282,
        "EBIT": 714,
        "Net Income": 232
    },
    "2020-03-31": {
        "Diluted EPS": 0.06,
        "Total Revenue": NaN,
        "Gross Profit": 536,
        "Operating Income": 201,
        "EBIT": 623,
        "Net Income": 129
    },
    "2019-12-31": {
        "Diluted EPS": 0.11,
        "Total Revenue": NaN,
        "Gross Profit": 717,
        "Operating Income": 301,
        "EBIT": 774,
        "Net Income": 233
    },
    "2019-09-30": {
        "Diluted EPS": 0.09,
        "Total Revenue": NaN,
        "Gross Profit": 613,
        "Operating Income": 269,
        "EBIT": 671,
        "Net Income": 184
    },
    "2019-06-30": {
        "Diluted EPS": 0.04,
        "Total Revenue": NaN,
        "Gross Profit": 450,
        "Operating Income": 133,
        "EBIT": 537,
        "Net Income": 87
    },
    "2019-03-31": {
        "Diluted EPS": 0.03,
        "Total Revenue": NaN,
        "Gross Profit": 370,
        "Operating Income": 75,
        "EBIT": 483,
        "Net Income": 66
    },
    "2018-12-31": {
        "Diluted EPS": 0.08,
        "Total Revenue": NaN,
        "Gross Profit": 583,
        "Operating Income": 281,
        "EBIT": 682,
        "Net Income": 196
    },
    "2018-09-30": {
        "Diluted EPS": 0.09,
        "Total Revenue": NaN,
        "Gross Profit": 599,
        "Operating Income": 273,
        "EBIT": 661,
        "Net Income": 204
    },
    "2018-06-30": {
        "Diluted EPS": 0.18,
        "Total Revenue": NaN,
        "Gross Profit": 461,
        "Operating Income": 181,
        "EBIT": 181,
        "Net Income": 385
    },
    "2018-03-31": {
        "Diluted EPS": 0.04,
        "Total Revenue": NaN,
        "Gross Profit": 355,
        "Operating Income": 148,
        "EBIT": 148,
        "Net Income": 72
    },
    "2017-12-31": {
        "Diluted EPS": 0.1,
        "Total Revenue": NaN,
        "Gross Profit": 536,
        "Operating Income": 280,
        "EBIT": 280,
        "Net Income": 275
    },
    "2017-09-30": {
        "Diluted EPS": 0.1,
        "Total Revenue": NaN,
        "Gross Profit": 458,
        "Operating Income": 234,
        "EBIT": 234,
        "Net Income": 210
    },
    "2017-06-30": {
        "Diluted EPS": 0.12,
        "Total Revenue": NaN,
        "Gross Profit": 401,
        "Operating Income": 173,
        "EBIT": 173,
        "Net Income": 260
    },
    "2017-03-31": {
        "Diluted EPS": 0.04,
        "Total Revenue": NaN,
        "Gross Profit": 383,
        "Operating Income": 167,
        "EBIT": 167,
        "Net Income": 82
    },
    "2016-12-31": {
        "Diluted EPS": 0.08,
        "Total Revenue": NaN,
        "Gross Profit": 474,
        "Operating Income": 228,
        "EBIT": 228,
        "Net Income": 215
    },
    "2016-09-30": {
        "Diluted EPS": 0.09,
        "Total Revenue": NaN,
        "Gross Profit": 446,
        "Operating Income": 235,
        "EBIT": 235,
        "Net Income": 174
    },
    "2016-06-30": {
        "Diluted EPS": 0.06,
        "Total Revenue": NaN,
        "Gross Profit": 379,
        "Operating Income": 183,
        "EBIT": 183,
        "Net Income": 145
    },
    "2016-03-31": {
        "Diluted EPS": 0.06,
        "Total Revenue": NaN,
        "Gross Profit": 343,
        "Operating Income": 154,
        "EBIT": 154,
        "Net Income": 126
    },
    "2015-12-31": {
        "Diluted EPS": 0.07,
        "Total Revenue": NaN,
        "Gross Profit": 650,
        "Operating Income": 471,
        "EBIT": 471,
        "Net Income": 143
    },
    "2015-09-30": {
        "Diluted EPS": 0.09,
        "Total Revenue": NaN,
        "Gross Profit": 399,
        "Operating Income": 192,
        "EBIT": 192,
        "Net Income": 199
    },
    "2015-06-30": {
        "Diluted EPS": 0.06,
        "Total Revenue": NaN,
        "Gross Profit": 369,
        "Operating Income": 169,
        "EBIT": 169,
        "Net Income": 118
    },
    "2015-03-31": {
        "Diluted EPS": 0.07,
        "Total Revenue": NaN,
        "Gross Profit": 376,
        "Operating Income": 183,
        "EBIT": 420,
        "Net Income": 142
    },
    "2014-12-31": {
        "Diluted EPS": 0.13,
        "Total Revenue": NaN,
        "Gross Profit": -7,
        "Operating Income": -235,
        "EBIT": -235,
        "Net Income": 249
    },
    "2014-09-30": {
        "Diluted EPS": 0.11,
        "Total Revenue": NaN,
        "Gross Profit": NaN,
        "Operating Income": NaN,
        "EBIT": NaN,
        "Net Income": 235
    },
    "2014-06-30": {
        "Diluted EPS": 0.09,
        "Total Revenue": NaN,
        "Gross Profit": 426,
        "Operating Income": 227,
        "EBIT": 227,
        "Net Income": 170
    },
    "2014-03-31": {
        "Diluted EPS": 0.06,
        "Total Revenue": NaN,
        "Gross Profit": 347,
        "Operating Income": 174,
        "EBIT": 384,
        "Net Income": 113
    },
    "2013-12-31": {
        "Diluted EPS": 0.1,
        "Total Revenue": NaN,
        "Gross Profit": 624,
        "Operating Income": 439,
        "EBIT": 439,
        "Net Income": 212
    },
    "2013-09-30": {
        "Diluted EPS": 0.08,
        "Total Revenue": NaN,
        "Gross Profit": 417,
        "Operating Income": 233,
        "EBIT": 233,
        "Net Income": 151
    },
    "2013-06-30": {
        "Diluted EPS": 0.06,
        "Total Revenue": NaN,
        "Gross Profit": 360,
        "Operating Income": 192,
        "EBIT": 192,
        "Net Income": 128
    },
    "2013-03-31": {
        "Diluted EPS": 0.04,
        "Total Revenue": NaN,
        "Gross Profit": 282,
        "Operating Income": 123,
        "EBIT": 123,
        "Net Income": 76
    },
    "2012-12-31": {
        "Diluted EPS": 0.08,
        "Total Revenue": NaN,
        "Gross Profit": 298,
        "Operating Income": 116,
        "EBIT": 116,
        "Net Income": 151
    },
    "2012-09-30": {
        "Diluted EPS": 0.06,
        "Total Revenue": NaN,
        "Gross Profit": 317,
        "Operating Income": 156,
        "EBIT": 156,
        "Net Income": 115
    },
    "2012-06-30": {
        "Diluted EPS": 0.06,
        "Total Revenue": NaN,
        "Gross Profit": 270,
        "Operating Income": 111,
        "EBIT": 111,
        "Net Income": 106
    },
    "2012-03-31": {
        "Diluted EPS": 0.04,
        "Total Revenue": NaN,
        "Gross Profit": 259,
        "Operating Income": 113,
        "EBIT": 113,
        "Net Income": 70
    },
    "2011-12-31": {
        "Diluted EPS": 0.05,
        "Total Revenue": NaN,
        "Gross Profit": 454,
        "Operating Income": 309,
        "EBIT": 309,
        "Net Income": 87
    },
    "2011-09-30": {
        "Diluted EPS": 0.06,
        "Total Revenue": NaN,
        "Gross Profit": 310,
        "Operating Income": 151,
        "EBIT": 151,
        "Net Income": 120
    },
    "2011-06-30": {
        "Diluted EPS": 0.06,
        "Total Revenue": NaN,
        "Gross Profit": 294,
        "Operating Income": 142,
        "EBIT": 142,
        "Net Income": 126
    },
    "2011-03-31": {
        "Diluted EPS": 0.07,
        "Total Revenue": NaN,
        "Gross Profit": 319,
        "Operating Income": 173,
        "EBIT": 365,
        "Net Income": 138
    },
    "2010-12-31": {
        "Diluted EPS": 0.08,
        "Total Revenue": NaN,
        "Gross Profit": -400,
        "Operating Income": -631,
        "EBIT": -631,
        "Net Income": 169
    },
    "2010-09-30": {
        "Diluted EPS": 0.09,
        "Total Revenue": NaN,
        "Gross Profit": 895,
        "Operating Income": 794,
        "EBIT": 794,
        "Net Income": 178
    },
    "2010-06-30": {
        "Diluted EPS": 0.08,
        "Total Revenue": NaN,
        "Gross Profit": 293,
        "Operating Income": 162,
        "EBIT": 162,
        "Net Income": 143
    },
    "2010-03-31": {
        "Diluted EPS": 0.06,
        "Total Revenue": NaN,
        "Gross Profit": 236,
        "Operating Income": 134,
        "EBIT": 134,
        "Net Income": 106
    },
    "2009-12-31": {
        "Diluted EPS": 0.06,
        "Total Revenue": 815,
        "Gross Profit": 133,
        "Operating Income": 41,
        "EBIT": 41,
        "Net Income": 107
    },
    "2009-09-30": {
        "Diluted EPS": 0.05,
        "Total Revenue": 781,
        "Gross Profit": 206,
        "Operating Income": 134,
        "EBIT": 134,
        "Net Income": 99
    },
    "2009-06-30": {
        "Diluted EPS": 0.03,
        "Total Revenue": 630,
        "Gross Profit": 139,
        "Operating Income": 78,
        "EBIT": 78,
        "Net Income": 50
    },
    "2009-03-31": {
        "Diluted EPS": -0.02,
        "Total Revenue": 396,
        "Gross Profit": 27,
        "Operating Income": -33,
        "EBIT": -33,
        "Net Income": -46
    },
    "2023-09-30": {
        "Tax Effect Of Unusual Items": 172192295.135488,
        "Tax Rate For Calcs": 0.23588,
        "Normalized EBITDA": 27337000000.0,
        "Total Unusual Items": 730000000.0,
        "Total Unusual Items Excluding Goodwill": 730000000.0,
        "Net Income From Continuing Operation Net Minority Interest": 8776000000.0,
        "Reconciled Depreciation": 14568000000.0,
        "Reconciled Cost Of Revenue": 129251000000.0,
        "EBITDA": 28067000000.0,
        "EBIT": 13499000000.0,
        "Net Interest Income": -1247000000.0,
        "Interest Expense": 1247000000.0,
        "Normalized Income": 8218192295.135488,
        "Net Income From Continuing And Discontinued Operation": 8776000000.0,
        "Total Expenses": 142762000000.0,
        "Total Operating Income As Reported": 11405000000.0,
        "Diluted Average Shares": 2173876000.0,
        "Basic Average Shares": 2150980392.0,
        "Diluted EPS": 4.0,
        "Basic EPS": 4.08,
        "Diluted NI Availto Com Stockholders": 8776000000.0,
        "Net Income Common Stockholders": 8776000000.0,
        "Net Income": 8776000000.0,
        "Minority Interests": -586000000.0,
        "Net Income Including Noncontrolling Interests": 9362000000.0,
        "Net Income Continuous Operations": 9362000000.0,
        "Tax Provision": 2890000000.0,
        "Pretax Income": 12252000000.0,
        "Other Income Expense": 2094000000.0,
        "Other Non Operating Income Expenses": 708000000.0,
        "Earnings From Equity Interest": 656000000.0,
        "Gain On Sale Of Security": 730000000.0,
        "Net Non Operating Interest Income Expense": -1247000000.0,
        "Interest Expense Non Operating": 1247000000.0,
        "Operating Income": 11405000000.0,
        "Operating Expense": 13511000000.0,
        "Research And Development": 6759000000.0,
        "Selling General And Administration": 6752000000.0,
        "Gross Profit": 24916000000.0,
        "Cost Of Revenue": 129251000000.0,
        "Total Revenue": 154167000000.0,
        "Operating Revenue": 152476000000.0
    },
    "2023-12-31": {
        "Tax Effect Of Unusual Items": NaN,
        "Tax Rate For Calcs": NaN,
        "Normalized EBITDA": NaN,
        "Total Unusual Items": NaN,
        "Total Unusual Items Excluding Goodwill": NaN,
        "Net Income From Continuing Operation Net Minority Interest": NaN,
        "Reconciled Depreciation": NaN,
        "Reconciled Cost Of Revenue": NaN,
        "EBITDA": NaN,
        "EBIT": NaN,
        "Net Interest Income": NaN,
        "Interest Expense": NaN,
        "Normalized Income": NaN,
        "Net Income From Continuing And Discontinued Operation": NaN,
        "Total Expenses": NaN,
        "Total Operating Income As Reported": NaN,
        "Diluted Average Shares": 2175635588.0,
        "Basic Average Shares": 2152294104.0,
        "Diluted EPS": 4.26,
        "Basic EPS": 4.36,
        "Diluted NI Availto Com Stockholders": NaN,
        "Net Income Common Stockholders": NaN,
        "Net Income": NaN,
        "Minority Interests": NaN,
        "Net Income Including Noncontrolling Interests": NaN,
        "Net Income Continuous Operations": NaN,
        "Tax Provision": NaN,
        "Pretax Income": NaN,
        "Other Income Expense": NaN,
        "Other Non Operating Income Expenses": NaN,
        "Earnings From Equity Interest": NaN,
        "Gain On Sale Of Security": NaN,
        "Net Non Operating Interest Income Expense": NaN,
        "Interest Expense Non Operating": NaN,
        "Operating Income": NaN,
        "Operating Expense": NaN,
        "Research And Development": NaN,
        "Selling General And Administration": NaN,
        "Gross Profit": NaN,
        "Cost Of Revenue": NaN,
        "Total Revenue": NaN,
        "Operating Revenue": NaN
    }
}