{
    "2023-03-31": {
        "Tax Effect Of Unusual Items": 24300.0,
        "Tax Rate For Calcs": 0.15,
        "Normalized EBITDA": -32631000.0,
        "Total Unusual Items": 162000.0,
        "Total Unusual Items Excluding Goodwill": 162000.0,
        "Net Income From Continuing Operation Net Minority Interest": -33135000.0,
        "Reconciled Depreciation": 65000.0,
        "EBITDA": -32469000.0,
        "EBIT": -32534000.0,
        "Net Interest Income": -347000.0,
        "Interest Expense": 622000.0,
        "Interest Income": 275000.0,
        "Normalized Income": -33272700.0,
        "Net Income From Continuing And Discontinued Operation": -33135000.0,
        "Total Expenses": 33251000.0,
        "Total Operating Income As Reported": -33214000.0,
        "Diluted Average Shares": 155792490.0,
        "Basic Average Shares": 155792490.0,
        "Diluted EPS": -0.21,
        "Basic EPS": -0.21,
        "Diluted NI Availto Com Stockholders": -33135000.0,
        "Net Income Common Stockholders": -33135000.0,
        "Net Income": -33135000.0,
        "Minority Interests": 1219000.0,
        "Net Income Including Noncontrolling Interests": -34354000.0,
        "Net Income Continuous Operations": -34354000.0,
        "Earnings From Equity Interest Net Of Tax": -1033000.0,
        "Tax Provision": 165000.0,
        "Pretax Income": -33156000.0,
        "Other Income Expense": 405000.0,
        "Other Non Operating Income Expenses": 243000.0,
        "Special Income Charges": 35000.0,
        "Other Special Charges": NaN,
        "Restructuring And Mergern Acquisition": -35000.0,
        "Gain On Sale Of Security": 162000.0,
        "Net Non Operating Interest Income Expense": -347000.0,
        "Interest Expense Non Operating": 622000.0,
        "Interest Income Non Operating": 275000.0,
        "Operating Income": -33214000.0,
        "Operating Expense": 33251000.0,
        "Other Operating Expenses": NaN,
        "Research And Development": 19281000.0,
        "Selling General And Administration": 13970000.0,
        "General And Administrative Expense": 13970000.0,
        "Other Gand A": 13970000.0,
        "Total Revenue": 37000.0,
        "Operating Revenue": 37000.0
    },
    "2022-12-31": {
        "Tax Effect Of Unusual Items": NaN,
        "Tax Rate For Calcs": NaN,
        "Normalized EBITDA": NaN,
        "Total Unusual Items": NaN,
        "Total Unusual Items Excluding Goodwill": NaN,
        "Net Income From Continuing Operation Net Minority Interest": NaN,
        "Reconciled Depreciation": NaN,
        "EBITDA": NaN,
        "EBIT": NaN,
        "Net Interest Income": NaN,
        "Interest Expense": NaN,
        "Interest Income": NaN,
        "Normalized Income": NaN,
        "Net Income From Continuing And Discontinued Operation": NaN,
        "Total Expenses": NaN,
        "Total Operating Income As Reported": NaN,
        "Diluted Average Shares": 158703781.0,
        "Basic Average Shares": 158703781.0,
        "Diluted EPS": -0.28,
        "Basic EPS": -0.28,
        "Diluted NI Availto Com Stockholders": NaN,
        "Net Income Common Stockholders": NaN,
        "Net Income": NaN,
        "Minority Interests": NaN,
        "Net Income Including Noncontrolling Interests": NaN,
        "Net Income Continuous Operations": NaN,
        "Earnings From Equity Interest Net Of Tax": NaN,
        "Tax Provision": NaN,
        "Pretax Income": NaN,
        "Other Income Expense": NaN,
        "Other Non Operating Income Expenses": NaN,
        "Special Income Charges": 2434000.0,
        "Other Special Charges": 0.0,
        "Restructuring And Mergern Acquisition": -2434000.0,
        "Gain On Sale Of Security": NaN,
        "Net Non Operating Interest Income Expense": NaN,
        "Interest Expense Non Operating": NaN,
        "Interest Income Non Operating": NaN,
        "Operating Income": NaN,
        "Operating Expense": NaN,
        "Other Operating Expenses": NaN,
        "Research And Development": NaN,
        "Selling General And Administration": NaN,
        "General And Administrative Expense": NaN,
        "Other Gand A": NaN,
        "Total Revenue": NaN,
        "Operating Revenue": NaN
    },
    "2022-09-30": {
        "Tax Effect Of Unusual Items": NaN,
        "Tax Rate For Calcs": NaN,
        "Normalized EBITDA": NaN,
        "Total Unusual Items": NaN,
        "Total Unusual Items Excluding Goodwill": NaN,
        "Net Income From Continuing Operation Net Minority Interest": NaN,
        "Reconciled Depreciation": NaN,
        "EBITDA": NaN,
        "EBIT": NaN,
        "Net Interest Income": NaN,
        "Interest Expense": NaN,
        "Interest Income": NaN,
        "Normalized Income": NaN,
        "Net Income From Continuing And Discontinued Operation": NaN,
        "Total Expenses": NaN,
        "Total Operating Income As Reported": NaN,
        "Diluted Average Shares": NaN,
        "Basic Average Shares": NaN,
        "Diluted EPS": NaN,
        "Basic EPS": NaN,
        "Diluted NI Availto Com Stockholders": NaN,
        "Net Income Common Stockholders": NaN,
        "Net Income": NaN,
        "Minority Interests": NaN,
        "Net Income Including Noncontrolling Interests": NaN,
        "Net Income Continuous Operations": NaN,
        "Earnings From Equity Interest Net Of Tax": NaN,
        "Tax Provision": NaN,
        "Pretax Income": NaN,
        "Other Income Expense": NaN,
        "Other Non Operating Income Expenses": NaN,
        "Special Income Charges": NaN,
        "Other Special Charges": NaN,
        "Restructuring And Mergern Acquisition": -430000.0,
        "Gain On Sale Of Security": NaN,
        "Net Non Operating Interest Income Expense": NaN,
        "Interest Expense Non Operating": NaN,
        "Interest Income Non Operating": NaN,
        "Operating Income": NaN,
        "Operating Expense": NaN,
        "Other Operating Expenses": NaN,
        "Research And Development": NaN,
        "Selling General And Administration": NaN,
        "General And Administrative Expense": NaN,
        "Other Gand A": NaN,
        "Total Revenue": NaN,
        "Operating Revenue": NaN
    },
    "2022-06-30": {
        "Tax Effect Of Unusual Items": 1635600.0,
        "Tax Rate For Calcs": 0.4,
        "Normalized EBITDA": -39070000.0,
        "Total Unusual Items": 4089000.0,
        "Total Unusual Items Excluding Goodwill": 4089000.0,
        "Net Income From Continuing Operation Net Minority Interest": -36618000.0,
        "Reconciled Depreciation": 19000.0,
        "EBITDA": -34981000.0,
        "EBIT": -35000000.0,
        "Net Interest Income": 117000.0,
        "Interest Expense": NaN,
        "Interest Income": 117000.0,
        "Normalized Income": -39071400.0,
        "Net Income From Continuing And Discontinued Operation": -36618000.0,
        "Total Expenses": 35170000.0,
        "Total Operating Income As Reported": -35357000.0,
        "Diluted Average Shares": 153971202.0,
        "Basic Average Shares": 153971202.0,
        "Diluted EPS": -0.24,
        "Basic EPS": -0.24,
        "Diluted NI Availto Com Stockholders": -36618000.0,
        "Net Income Common Stockholders": -36618000.0,
        "Net Income": -36618000.0,
        "Minority Interests": 891000.0,
        "Net Income Including Noncontrolling Interests": -37509000.0,
        "Net Income Continuous Operations": -37509000.0,
        "Earnings From Equity Interest Net Of Tax": -6652000.0,
        "Tax Provision": 51000.0,
        "Pretax Income": -30806000.0,
        "Other Income Expense": 4077000.0,
        "Other Non Operating Income Expenses": -12000.0,
        "Special Income Charges": -262000.0,
        "Restructuring And Mergern Acquisition": 262000.0,
        "Gain On Sale Of Security": 4351000.0,
        "Net Non Operating Interest Income Expense": 117000.0,
        "Interest Expense Non Operating": NaN,
        "Interest Income Non Operating": 117000.0,
        "Operating Income": -35000000.0,
        "Operating Expense": 35170000.0,
        "Research And Development": 17949000.0,
        "Selling General And Administration": 17221000.0,
        "General And Administrative Expense": 17221000.0,
        "Other Gand A": 17221000.0,
        "Total Revenue": 170000.0,
        "Operating Revenue": 170000.0
    },
    "2022-03-31": {
        "Diluted EPS": -0.24,
        "Total Revenue": NaN,
        "Gross Profit": NaN,
        "Operating Income": -33,
        "EBIT": -33,
        "Net Income": -37
    },
    "2021-12-31": {
        "Diluted EPS": -0.64,
        "Total Revenue": 0,
        "Gross Profit": 0,
        "Operating Income": -45,
        "EBIT": -45,
        "Net Income": -89
    },
    "2021-09-30": {
        "Diluted EPS": -0.21,
        "Total Revenue": 0,
        "Gross Profit": 0,
        "Operating Income": -33,
        "EBIT": -33,
        "Net Income": -31
    },
    "2021-06-30": {
        "Diluted EPS": -0.37,
        "Total Revenue": NaN,
        "Gross Profit": NaN,
        "Operating Income": -61,
        "EBIT": -61,
        "Net Income": -48
    },
    "2021-03-31": {
        "Diluted EPS": 0.01,
        "Total Revenue": 20,
        "Gross Profit": 20,
        "Operating Income": 4,
        "EBIT": 4,
        "Net Income": 1
    },
    "2020-12-31": {
        "Diluted EPS": -0.89,
        "Total Revenue": NaN,
        "Gross Profit": NaN,
        "Operating Income": -87,
        "EBIT": -87,
        "Net Income": -87
    },
    "2020-09-30": {
        "Diluted EPS": -0.92,
        "Total Revenue": NaN,
        "Gross Profit": NaN,
        "Operating Income": -7,
        "EBIT": -7,
        "Net Income": -83
    },
    "2020-06-30": {
        "Diluted EPS": -0.18,
        "Total Revenue": NaN,
        "Gross Profit": NaN,
        "Operating Income": -6,
        "EBIT": -6,
        "Net Income": -16
    },
    "2020-03-31": {
        "Diluted EPS": 0.16,
        "Total Revenue": NaN,
        "Gross Profit": NaN,
        "Operating Income": -4,
        "EBIT": -4,
        "Net Income": 16
    },
    "2019-12-31": {
        "Diluted EPS": 0.0,
        "Total Revenue": NaN,
        "Gross Profit": NaN,
        "Operating Income": NaN,
        "EBIT": NaN,
        "Net Income": NaN
    },
    "2023-06-30": {
        "Tax Effect Of Unusual Items": 88950.0,
        "Tax Rate For Calcs": 0.15,
        "Normalized EBITDA": -31514000.0,
        "Total Unusual Items": 593000.0,
        "Total Unusual Items Excluding Goodwill": 593000.0,
        "Net Income From Continuing Operation Net Minority Interest": -33042000.0,
        "Reconciled Depreciation": 79000.0,
        "EBITDA": -30921000.0,
        "EBIT": -31000000.0,
        "Net Interest Income": -355000.0,
        "Interest Expense": 658000.0,
        "Interest Income": 303000.0,
        "Normalized Income": -33546050.0,
        "Net Income From Continuing And Discontinued Operation": -33042000.0,
        "Total Expenses": 32034000.0,
        "Total Operating Income As Reported": -31862000.0,
        "Diluted Average Shares": 155792490.0,
        "Basic Average Shares": 155792490.0,
        "Diluted EPS": -0.21,
        "Basic EPS": -0.21,
        "Diluted NI Availto Com Stockholders": -33042000.0,
        "Net Income Common Stockholders": -33042000.0,
        "Net Income": -33042000.0,
        "Minority Interests": 729000.0,
        "Net Income Including Noncontrolling Interests": -33771000.0,
        "Net Income Continuous Operations": -33771000.0,
        "Earnings From Equity Interest Net Of Tax": -1928000.0,
        "Tax Provision": 185000.0,
        "Pretax Income": -31658000.0,
        "Other Income Expense": 559000.0,
        "Other Non Operating Income Expenses": -34000.0,
        "Special Income Charges": 76000.0,
        "Other Special Charges": NaN,
        "Restructuring And Mergern Acquisition": -76000.0,
        "Gain On Sale Of Security": 517000.0,
        "Net Non Operating Interest Income Expense": -355000.0,
        "Interest Expense Non Operating": 658000.0,
        "Interest Income Non Operating": 303000.0,
        "Operating Income": -31862000.0,
        "Operating Expense": 32034000.0,
        "Other Operating Expenses": NaN,
        "Research And Development": 15476000.0,
        "Selling General And Administration": 16558000.0,
        "General And Administrative Expense": 16558000.0,
        "Other Gand A": 16558000.0,
        "Total Revenue": 172000.0,
        "Operating Revenue": 172000.0
    },
    "2023-09-30": {
        "Tax Effect Of Unusual Items": 385608.091774,
        "Tax Rate For Calcs": 0.005428,
        "Normalized EBITDA": -26434000.0,
        "Total Unusual Items": 71041000.0,
        "Total Unusual Items Excluding Goodwill": 71041000.0,
        "Net Income From Continuing Operation Net Minority Interest": 44244000.0,
        "Reconciled Depreciation": 74000.0,
        "EBITDA": 44607000.0,
        "EBIT": 44533000.0,
        "Net Interest Income": -74000.0,
        "Interest Expense": 686000.0,
        "Interest Income": 612000.0,
        "Normalized Income": -26411391.908226,
        "Net Income From Continuing And Discontinued Operation": 44244000.0,
        "Total Expenses": 26921000.0,
        "Total Operating Income As Reported": -26834000.0,
        "Diluted Average Shares": 177565973.0,
        "Basic Average Shares": 155792490.0,
        "Diluted EPS": 0.25,
        "Basic EPS": 0.28,
        "Diluted NI Availto Com Stockholders": 44244000.0,
        "Net Income Common Stockholders": 44244000.0,
        "Net Income": 44244000.0,
        "Minority Interests": 873000.0,
        "Net Income Including Noncontrolling Interests": 43371000.0,
        "Net Income Continuous Operations": 43371000.0,
        "Earnings From Equity Interest Net Of Tax": -238000.0,
        "Tax Provision": 238000.0,
        "Pretax Income": 43847000.0,
        "Other Income Expense": 70755000.0,
        "Other Non Operating Income Expenses": -286000.0,
        "Special Income Charges": -58000.0,
        "Other Special Charges": NaN,
        "Restructuring And Mergern Acquisition": 58000.0,
        "Gain On Sale Of Security": 71099000.0,
        "Net Non Operating Interest Income Expense": -74000.0,
        "Interest Expense Non Operating": 686000.0,
        "Interest Income Non Operating": 612000.0,
        "Operating Income": -26834000.0,
        "Operating Expense": 26921000.0,
        "Other Operating Expenses": NaN,
        "Research And Development": 13290000.0,
        "Selling General And Administration": 13631000.0,
        "General And Administrative Expense": 13631000.0,
        "Other Gand A": 13631000.0,
        "Total Revenue": 87000.0,
        "Operating Revenue": 87000.0
    },
    "2023-12-31": {
        "Tax Effect Of Unusual Items": 1941300.0,
        "Tax Rate For Calcs": 0.15,
        "Normalized EBITDA": -30470000.0,
        "Total Unusual Items": 12942000.0,
        "Total Unusual Items Excluding Goodwill": 12942000.0,
        "Net Income From Continuing Operation Net Minority Interest": -18292000.0,
        "Reconciled Depreciation": 101000.0,
        "EBITDA": -17528000.0,
        "EBIT": -17629000.0,
        "Net Interest Income": -35000.0,
        "Interest Expense": 691000.0,
        "Interest Income": 656000.0,
        "Normalized Income": -29292700.0,
        "Net Income From Continuing And Discontinued Operation": -18292000.0,
        "Total Expenses": 31134000.0,
        "Total Operating Income As Reported": -33561000.0,
        "Diluted Average Shares": NaN,
        "Basic Average Shares": NaN,
        "Diluted EPS": NaN,
        "Basic EPS": NaN,
        "Diluted NI Availto Com Stockholders": -18292000.0,
        "Net Income Common Stockholders": -18292000.0,
        "Net Income": -18292000.0,
        "Minority Interests": 850000.0,
        "Net Income Including Noncontrolling Interests": -19142000.0,
        "Net Income Continuous Operations": -19142000.0,
        "Earnings From Equity Interest Net Of Tax": -394000.0,
        "Tax Provision": 428000.0,
        "Pretax Income": -18320000.0,
        "Other Income Expense": 12831000.0,
        "Other Non Operating Income Expenses": -111000.0,
        "Special Income Charges": -1004000.0,
        "Other Special Charges": NaN,
        "Restructuring And Mergern Acquisition": NaN,
        "Gain On Sale Of Security": 13946000.0,
        "Net Non Operating Interest Income Expense": -35000.0,
        "Interest Expense Non Operating": 691000.0,
        "Interest Income Non Operating": 656000.0,
        "Operating Income": -31116000.0,
        "Operating Expense": 31134000.0,
        "Other Operating Expenses": NaN,
        "Research And Development": 14156000.0,
        "Selling General And Administration": 19423000.0,
        "General And Administrative Expense": 19423000.0,
        "Other Gand A": 19423000.0,
        "Total Revenue": 18000.0,
        "Operating Revenue": 18000.0
    },
    "2024-03-31": {
        "Tax Effect Of Unusual Items": -220.552159,
        "Tax Rate For Calcs": 0.000156,
        "Normalized EBITDA": -23495000.0,
        "Total Unusual Items": -1416000.0,
        "Total Unusual Items Excluding Goodwill": -1416000.0,
        "Net Income From Continuing Operation Net Minority Interest": -26713000.0,
        "Reconciled Depreciation": 83000.0,
        "EBITDA": -24911000.0,
        "EBIT": -24994000.0,
        "Net Interest Income": -380000.0,
        "Interest Expense": 687000.0,
        "Interest Income": 307000.0,
        "Normalized Income": -25297220.552159,
        "Net Income From Continuing And Discontinued Operation": -26713000.0,
        "Total Expenses": 23880000.0,
        "Total Operating Income As Reported": -24085000.0,
        "Diluted Average Shares": 158891067.0,
        "Basic Average Shares": 158891067.0,
        "Diluted EPS": -0.17,
        "Basic EPS": -0.17,
        "Diluted NI Availto Com Stockholders": -26713000.0,
        "Net Income Common Stockholders": -26713000.0,
        "Net Income": -26713000.0,
        "Minority Interests": 665000.0,
        "Net Income Including Noncontrolling Interests": -27378000.0,
        "Net Income Continuous Operations": -27378000.0,
        "Earnings From Equity Interest Net Of Tax": -1701000.0,
        "Tax Provision": -4000.0,
        "Pretax Income": -25681000.0,
        "Other Income Expense": -1421000.0,
        "Other Non Operating Income Expenses": -5000.0,
        "Special Income Charges": NaN,
        "Other Special Charges": NaN,
        "Restructuring And Mergern Acquisition": NaN,
        "Gain On Sale Of Security": -1416000.0,
        "Net Non Operating Interest Income Expense": -380000.0,
        "Interest Expense Non Operating": 687000.0,
        "Interest Income Non Operating": 307000.0,
        "Operating Income": -23880000.0,
        "Operating Expense": 23880000.0,
        "Other Operating Expenses": -205000.0,
        "Research And Development": 11530000.0,
        "Selling General And Administration": 12555000.0,
        "General And Administrative Expense": 12555000.0,
        "Other Gand A": 12555000.0,
        "Total Revenue": 0.0,
        "Operating Revenue": 0.0
    }
}