{
    "2023-03-31": {
        "Tax Effect Of Unusual Items": 1144190.432042,
        "Tax Rate For Calcs": 0.039372,
        "Normalized EBITDA": -42134000.0,
        "Total Unusual Items": 29061000.0,
        "Total Unusual Items Excluding Goodwill": 29061000.0,
        "Net Income From Continuing Operation Net Minority Interest": 15542000.0,
        "Reconciled Depreciation": 313000.0,
        "Reconciled Cost Of Revenue": 0.0,
        "EBITDA": -13073000.0,
        "EBIT": -13386000.0,
        "Net Interest Income": 470000.0,
        "Interest Income": 470000.0,
        "Normalized Income": -12374809.567958,
        "Net Income From Continuing And Discontinued Operation": 15542000.0,
        "Total Expenses": 13994000.0,
        "Total Operating Income As Reported": 15675000.0,
        "Diluted Average Shares": NaN,
        "Basic Average Shares": NaN,
        "Diluted EPS": NaN,
        "Basic EPS": NaN,
        "Diluted NI Availto Com Stockholders": 15542000.0,
        "Net Income Common Stockholders": 15542000.0,
        "Net Income": 15542000.0,
        "Net Income Including Noncontrolling Interests": 15542000.0,
        "Net Income Continuous Operations": 15542000.0,
        "Tax Provision": 637000.0,
        "Pretax Income": 16179000.0,
        "Other Income Expense": 29095000.0,
        "Other Non Operating Income Expenses": 34000.0,
        "Special Income Charges": 29061000.0,
        "Gain On Sale Of Ppe": 29061000.0,
        "Net Non Operating Interest Income Expense": 470000.0,
        "Interest Income Non Operating": 470000.0,
        "Operating Income": -13386000.0,
        "Operating Expense": 13994000.0,
        "Depreciation Amortization Depletion Income Statement": 313000.0,
        "Depreciation And Amortization In Income Statement": 313000.0,
        "Research And Development": 1427000.0,
        "Selling General And Administration": 12254000.0,
        "Selling And Marketing Expense": 1948000.0,
        "General And Administrative Expense": 10306000.0,
        "Other Gand A": 10306000.0,
        "Gross Profit": 608000.0,
        "Cost Of Revenue": 0.0,
        "Total Revenue": 608000.0,
        "Operating Revenue": 608000.0
    },
    "2022-12-31": {
        "Tax Effect Of Unusual Items": NaN,
        "Tax Rate For Calcs": NaN,
        "Normalized EBITDA": NaN,
        "Total Unusual Items": NaN,
        "Total Unusual Items Excluding Goodwill": NaN,
        "Net Income From Continuing Operation Net Minority Interest": NaN,
        "Reconciled Depreciation": NaN,
        "Reconciled Cost Of Revenue": 0.0,
        "EBITDA": NaN,
        "EBIT": NaN,
        "Net Interest Income": NaN,
        "Interest Income": NaN,
        "Normalized Income": NaN,
        "Net Income From Continuing And Discontinued Operation": NaN,
        "Total Expenses": NaN,
        "Total Operating Income As Reported": NaN,
        "Diluted Average Shares": 18930594.0,
        "Basic Average Shares": 18930594.0,
        "Diluted EPS": -0.42,
        "Basic EPS": -0.42,
        "Diluted NI Availto Com Stockholders": NaN,
        "Net Income Common Stockholders": NaN,
        "Net Income": NaN,
        "Net Income Including Noncontrolling Interests": NaN,
        "Net Income Continuous Operations": NaN,
        "Tax Provision": NaN,
        "Pretax Income": NaN,
        "Other Income Expense": NaN,
        "Other Non Operating Income Expenses": NaN,
        "Special Income Charges": NaN,
        "Gain On Sale Of Ppe": NaN,
        "Net Non Operating Interest Income Expense": NaN,
        "Interest Income Non Operating": NaN,
        "Operating Income": NaN,
        "Operating Expense": NaN,
        "Depreciation Amortization Depletion Income Statement": NaN,
        "Depreciation And Amortization In Income Statement": NaN,
        "Research And Development": NaN,
        "Selling General And Administration": NaN,
        "Selling And Marketing Expense": NaN,
        "General And Administrative Expense": NaN,
        "Other Gand A": NaN,
        "Gross Profit": 578000.0,
        "Cost Of Revenue": 0.0,
        "Total Revenue": NaN,
        "Operating Revenue": NaN
    },
    "2022-09-30": {
        "Tax Effect Of Unusual Items": NaN,
        "Tax Rate For Calcs": NaN,
        "Normalized EBITDA": NaN,
        "Total Unusual Items": NaN,
        "Total Unusual Items Excluding Goodwill": NaN,
        "Net Income From Continuing Operation Net Minority Interest": NaN,
        "Reconciled Depreciation": NaN,
        "Reconciled Cost Of Revenue": NaN,
        "EBITDA": NaN,
        "EBIT": NaN,
        "Net Interest Income": NaN,
        "Interest Income": NaN,
        "Normalized Income": NaN,
        "Net Income From Continuing And Discontinued Operation": NaN,
        "Total Expenses": NaN,
        "Total Operating Income As Reported": NaN,
        "Diluted Average Shares": 18953044.0,
        "Basic Average Shares": 18953044.0,
        "Diluted EPS": -0.56,
        "Basic EPS": -0.56,
        "Diluted NI Availto Com Stockholders": NaN,
        "Net Income Common Stockholders": NaN,
        "Net Income": NaN,
        "Net Income Including Noncontrolling Interests": NaN,
        "Net Income Continuous Operations": NaN,
        "Tax Provision": NaN,
        "Pretax Income": NaN,
        "Other Income Expense": NaN,
        "Other Non Operating Income Expenses": NaN,
        "Special Income Charges": NaN,
        "Gain On Sale Of Ppe": NaN,
        "Net Non Operating Interest Income Expense": NaN,
        "Interest Income Non Operating": NaN,
        "Operating Income": NaN,
        "Operating Expense": NaN,
        "Depreciation Amortization Depletion Income Statement": NaN,
        "Depreciation And Amortization In Income Statement": NaN,
        "Research And Development": NaN,
        "Selling General And Administration": NaN,
        "Selling And Marketing Expense": NaN,
        "General And Administrative Expense": NaN,
        "Other Gand A": NaN,
        "Gross Profit": NaN,
        "Cost Of Revenue": NaN,
        "Total Revenue": NaN,
        "Operating Revenue": NaN
    },
    "2022-06-30": {
        "Tax Effect Of Unusual Items": 258400.0,
        "Tax Rate For Calcs": 0.4,
        "Normalized EBITDA": -14002000.0,
        "Total Unusual Items": 646000.0,
        "Total Unusual Items Excluding Goodwill": 646000.0,
        "Net Income From Continuing Operation Net Minority Interest": -13196000.0,
        "Reconciled Depreciation": 362000.0,
        "Reconciled Cost Of Revenue": NaN,
        "EBITDA": -13356000.0,
        "EBIT": -13718000.0,
        "Net Interest Income": 17000.0,
        "Interest Income": 17000.0,
        "Normalized Income": -13583600.0,
        "Net Income From Continuing And Discontinued Operation": -13196000.0,
        "Total Expenses": 14053000.0,
        "Total Operating Income As Reported": -13072000.0,
        "Diluted Average Shares": 18619459.0,
        "Basic Average Shares": 18619459.0,
        "Diluted EPS": -0.71,
        "Basic EPS": -0.71,
        "Diluted NI Availto Com Stockholders": -13196000.0,
        "Net Income Common Stockholders": -13196000.0,
        "Net Income": -13196000.0,
        "Net Income Including Noncontrolling Interests": -13196000.0,
        "Net Income Continuous Operations": -13196000.0,
        "Tax Provision": 200000.0,
        "Pretax Income": -12996000.0,
        "Other Income Expense": 705000.0,
        "Other Non Operating Income Expenses": 59000.0,
        "Special Income Charges": 646000.0,
        "Gain On Sale Of Ppe": 646000.0,
        "Net Non Operating Interest Income Expense": 17000.0,
        "Interest Income Non Operating": 17000.0,
        "Operating Income": -13718000.0,
        "Operating Expense": 14053000.0,
        "Depreciation Amortization Depletion Income Statement": 362000.0,
        "Depreciation And Amortization In Income Statement": 362000.0,
        "Research And Development": 1096000.0,
        "Selling General And Administration": 12595000.0,
        "Selling And Marketing Expense": 1236000.0,
        "General And Administrative Expense": 11359000.0,
        "Other Gand A": 11359000.0,
        "Gross Profit": NaN,
        "Cost Of Revenue": NaN,
        "Total Revenue": 335000.0,
        "Operating Revenue": 335000.0
    },
    "2022-03-31": {
        "Diluted EPS": -0.6,
        "Total Revenue": 0,
        "Gross Profit": 0,
        "Operating Income": -11,
        "EBIT": -10,
        "Net Income": -11
    },
    "2021-12-31": {
        "Diluted EPS": -0.69,
        "Total Revenue": 0,
        "Gross Profit": 0,
        "Operating Income": -12,
        "EBIT": -12,
        "Net Income": -13
    },
    "2021-09-30": {
        "Diluted EPS": -0.1,
        "Total Revenue": 0,
        "Gross Profit": 0,
        "Operating Income": -2,
        "EBIT": -1,
        "Net Income": -2
    },
    "2021-06-30": {
        "Diluted EPS": -0.68,
        "Total Revenue": 0,
        "Gross Profit": 0,
        "Operating Income": -12,
        "EBIT": -12,
        "Net Income": -12
    },
    "2021-03-31": {
        "Diluted EPS": -0.62,
        "Total Revenue": 0,
        "Gross Profit": 0,
        "Operating Income": -11,
        "EBIT": -11,
        "Net Income": -11
    },
    "2020-12-31": {
        "Diluted EPS": -0.69,
        "Total Revenue": 0,
        "Gross Profit": 0,
        "Operating Income": -12,
        "EBIT": -11,
        "Net Income": -12
    },
    "2020-09-30": {
        "Diluted EPS": -0.94,
        "Total Revenue": 0,
        "Gross Profit": 0,
        "Operating Income": -16,
        "EBIT": -15,
        "Net Income": -16
    },
    "2020-06-30": {
        "Diluted EPS": -0.88,
        "Total Revenue": 0,
        "Gross Profit": 0,
        "Operating Income": -15,
        "EBIT": -14,
        "Net Income": -15
    },
    "2020-03-31": {
        "Diluted EPS": -0.68,
        "Total Revenue": 0,
        "Gross Profit": 0,
        "Operating Income": -10,
        "EBIT": -9,
        "Net Income": -12
    },
    "2019-12-31": {
        "Diluted EPS": -0.52,
        "Total Revenue": 0,
        "Gross Profit": 0,
        "Operating Income": -9,
        "EBIT": -8,
        "Net Income": -9
    },
    "2019-09-30": {
        "Diluted EPS": -0.46,
        "Total Revenue": 0,
        "Gross Profit": 0,
        "Operating Income": -8,
        "EBIT": -8,
        "Net Income": -8
    },
    "2019-06-30": {
        "Diluted EPS": -0.63,
        "Total Revenue": 0,
        "Gross Profit": 0,
        "Operating Income": -10,
        "EBIT": -9,
        "Net Income": -9
    },
    "2019-03-31": {
        "Diluted EPS": -0.65,
        "Total Revenue": 1,
        "Gross Profit": 1,
        "Operating Income": -9,
        "EBIT": -9,
        "Net Income": -10
    },
    "2018-12-31": {
        "Diluted EPS": -0.57,
        "Total Revenue": 2,
        "Gross Profit": 1,
        "Operating Income": -9,
        "EBIT": -8,
        "Net Income": -8
    },
    "2018-09-30": {
        "Diluted EPS": -0.81,
        "Total Revenue": 2,
        "Gross Profit": 1,
        "Operating Income": -12,
        "EBIT": -11,
        "Net Income": -12
    },
    "2018-06-30": {
        "Diluted EPS": -0.85,
        "Total Revenue": 2,
        "Gross Profit": 0,
        "Operating Income": -13,
        "EBIT": -12,
        "Net Income": -12
    },
    "2018-03-31": {
        "Diluted EPS": -0.57,
        "Total Revenue": 2,
        "Gross Profit": 0,
        "Operating Income": -9,
        "EBIT": -8,
        "Net Income": -8
    },
    "2017-12-31": {
        "Diluted EPS": -0.01,
        "Total Revenue": 2,
        "Gross Profit": 0,
        "Operating Income": -8,
        "EBIT": -7,
        "Net Income": 0
    },
    "2017-09-30": {
        "Diluted EPS": -0.57,
        "Total Revenue": 2,
        "Gross Profit": 0,
        "Operating Income": -8,
        "EBIT": -7,
        "Net Income": -8
    },
    "2017-06-30": {
        "Diluted EPS": -0.55,
        "Total Revenue": 1,
        "Gross Profit": 0,
        "Operating Income": -7,
        "EBIT": -7,
        "Net Income": -8
    },
    "2017-03-31": {
        "Diluted EPS": -0.97,
        "Total Revenue": 1,
        "Gross Profit": -1,
        "Operating Income": -8,
        "EBIT": -7,
        "Net Income": -14
    },
    "2016-12-31": {
        "Diluted EPS": -0.51,
        "Total Revenue": 1,
        "Gross Profit": 0,
        "Operating Income": -7,
        "EBIT": -7,
        "Net Income": -7
    },
    "2016-09-30": {
        "Diluted EPS": -0.54,
        "Total Revenue": 1,
        "Gross Profit": -1,
        "Operating Income": -8,
        "EBIT": -7,
        "Net Income": -8
    },
    "2016-06-30": {
        "Diluted EPS": -0.7,
        "Total Revenue": 1,
        "Gross Profit": -1,
        "Operating Income": -10,
        "EBIT": -10,
        "Net Income": -10
    },
    "2016-03-31": {
        "Diluted EPS": -0.48,
        "Total Revenue": 1,
        "Gross Profit": -1,
        "Operating Income": -7,
        "EBIT": -7,
        "Net Income": -7
    },
    "2015-12-31": {
        "Diluted EPS": -0.36,
        "Total Revenue": 1,
        "Gross Profit": 0,
        "Operating Income": -5,
        "EBIT": -5,
        "Net Income": -5
    },
    "2015-09-30": {
        "Diluted EPS": -0.38,
        "Total Revenue": 1,
        "Gross Profit": 0,
        "Operating Income": -5,
        "EBIT": -5,
        "Net Income": -5
    },
    "2015-06-30": {
        "Diluted EPS": -0.32,
        "Total Revenue": 1,
        "Gross Profit": 0,
        "Operating Income": -4,
        "EBIT": -4,
        "Net Income": -4
    },
    "2015-03-31": {
        "Diluted EPS": -0.01,
        "Total Revenue": 1,
        "Gross Profit": 1,
        "Operating Income": -6,
        "EBIT": -6,
        "Net Income": -6
    },
    "2014-12-31": {
        "Diluted EPS": -0.28,
        "Total Revenue": 1,
        "Gross Profit": 1,
        "Operating Income": -4,
        "EBIT": -4,
        "Net Income": -4
    },
    "2014-09-30": {
        "Diluted EPS": -0.25,
        "Total Revenue": 1,
        "Gross Profit": 0,
        "Operating Income": -3,
        "EBIT": -3,
        "Net Income": -3
    },
    "2014-06-30": {
        "Diluted EPS": -0.92,
        "Total Revenue": 1,
        "Gross Profit": 1,
        "Operating Income": -2,
        "EBIT": -2,
        "Net Income": -3
    },
    "2014-03-31": {
        "Diluted EPS": 0.0,
        "Total Revenue": NaN,
        "Gross Profit": NaN,
        "Operating Income": NaN,
        "EBIT": NaN,
        "Net Income": NaN
    },
    "2013-12-31": {
        "Diluted EPS": -0.3,
        "Total Revenue": 1,
        "Gross Profit": 1,
        "Operating Income": 0,
        "EBIT": 0,
        "Net Income": 0
    },
    "2013-03-31": {
        "Diluted EPS": 0.0,
        "Total Revenue": NaN,
        "Gross Profit": NaN,
        "Operating Income": NaN,
        "EBIT": NaN,
        "Net Income": NaN
    },
    "2023-06-30": {
        "Tax Effect Of Unusual Items": 1100865.139949,
        "Tax Rate For Calcs": 0.101781,
        "Normalized EBITDA": -24225000.0,
        "Total Unusual Items": 10816000.0,
        "Total Unusual Items Excluding Goodwill": 10816000.0,
        "Net Income From Continuing Operation Net Minority Interest": -2118000.0,
        "Reconciled Depreciation": 246000.0,
        "Reconciled Cost Of Revenue": NaN,
        "EBITDA": -13409000.0,
        "EBIT": -13655000.0,
        "Net Interest Income": 386000.0,
        "Interest Income": 386000.0,
        "Normalized Income": -11833134.860051,
        "Net Income From Continuing And Discontinued Operation": -2118000.0,
        "Total Expenses": 14263000.0,
        "Total Operating Income As Reported": -2839000.0,
        "Diluted Average Shares": 18951046.0,
        "Basic Average Shares": 18951046.0,
        "Diluted EPS": -0.11,
        "Basic EPS": -0.11,
        "Diluted NI Availto Com Stockholders": -2118000.0,
        "Net Income Common Stockholders": -2118000.0,
        "Net Income": -2118000.0,
        "Net Income Including Noncontrolling Interests": -2118000.0,
        "Net Income Continuous Operations": -2118000.0,
        "Tax Provision": -240000.0,
        "Pretax Income": -2358000.0,
        "Other Income Expense": 10911000.0,
        "Other Non Operating Income Expenses": 95000.0,
        "Special Income Charges": 10816000.0,
        "Gain On Sale Of Ppe": 10816000.0,
        "Net Non Operating Interest Income Expense": 386000.0,
        "Interest Income Non Operating": 386000.0,
        "Operating Income": -13655000.0,
        "Operating Expense": 14263000.0,
        "Depreciation Amortization Depletion Income Statement": 246000.0,
        "Depreciation And Amortization In Income Statement": 246000.0,
        "Research And Development": 1069000.0,
        "Selling General And Administration": 12948000.0,
        "Selling And Marketing Expense": 1275000.0,
        "General And Administrative Expense": 11673000.0,
        "Other Gand A": 11673000.0,
        "Gross Profit": NaN,
        "Cost Of Revenue": NaN,
        "Total Revenue": 608000.0,
        "Operating Revenue": 608000.0
    },
    "2023-09-30": {
        "Tax Effect Of Unusual Items": 3744227.373068,
        "Tax Rate For Calcs": 0.237307,
        "Normalized EBITDA": -29088000.0,
        "Total Unusual Items": 15778000.0,
        "Total Unusual Items Excluding Goodwill": 15778000.0,
        "Net Income From Continuing Operation Net Minority Interest": 2073000.0,
        "Reconciled Depreciation": 209000.0,
        "Reconciled Cost Of Revenue": NaN,
        "EBITDA": -13310000.0,
        "EBIT": -13519000.0,
        "Net Interest Income": 396000.0,
        "Interest Income": 396000.0,
        "Normalized Income": -9960772.626932,
        "Net Income From Continuing And Discontinued Operation": 2073000.0,
        "Total Expenses": 14571000.0,
        "Total Operating Income As Reported": 2259000.0,
        "Diluted Average Shares": 19109394.0,
        "Basic Average Shares": 18921126.0,
        "Diluted EPS": 0.11,
        "Basic EPS": 0.11,
        "Diluted NI Availto Com Stockholders": 2073000.0,
        "Net Income Common Stockholders": 2073000.0,
        "Net Income": 2073000.0,
        "Net Income Including Noncontrolling Interests": 2073000.0,
        "Net Income Continuous Operations": 2073000.0,
        "Tax Provision": 645000.0,
        "Pretax Income": 2718000.0,
        "Other Income Expense": 15841000.0,
        "Other Non Operating Income Expenses": 63000.0,
        "Special Income Charges": 15778000.0,
        "Gain On Sale Of Ppe": 15778000.0,
        "Net Non Operating Interest Income Expense": 396000.0,
        "Interest Income Non Operating": 396000.0,
        "Operating Income": -13519000.0,
        "Operating Expense": 14571000.0,
        "Depreciation Amortization Depletion Income Statement": 209000.0,
        "Depreciation And Amortization In Income Statement": 209000.0,
        "Research And Development": 1147000.0,
        "Selling General And Administration": 13215000.0,
        "Selling And Marketing Expense": 1310000.0,
        "General And Administrative Expense": 11905000.0,
        "Other Gand A": 11905000.0,
        "Gross Profit": NaN,
        "Cost Of Revenue": NaN,
        "Total Revenue": 1052000.0,
        "Operating Revenue": 1052000.0
    },
    "2023-12-31": {
        "Tax Effect Of Unusual Items": 2890860.0,
        "Tax Rate For Calcs": 0.21,
        "Normalized EBITDA": -26365000.0,
        "Total Unusual Items": 13766000.0,
        "Total Unusual Items Excluding Goodwill": 13766000.0,
        "Net Income From Continuing Operation Net Minority Interest": 328000.0,
        "Reconciled Depreciation": 198000.0,
        "Reconciled Cost Of Revenue": NaN,
        "EBITDA": -12599000.0,
        "EBIT": -12797000.0,
        "Net Interest Income": 666000.0,
        "Interest Income": 666000.0,
        "Normalized Income": -10547140.0,
        "Net Income From Continuing And Discontinued Operation": 328000.0,
        "Total Expenses": 14068000.0,
        "Total Operating Income As Reported": 969000.0,
        "Diluted Average Shares": 18704400.0,
        "Basic Average Shares": 18704400.0,
        "Diluted EPS": 0.02,
        "Basic EPS": 0.02,
        "Diluted NI Availto Com Stockholders": 328000.0,
        "Net Income Common Stockholders": 328000.0,
        "Net Income": 328000.0,
        "Net Income Including Noncontrolling Interests": 328000.0,
        "Net Income Continuous Operations": 328000.0,
        "Tax Provision": 1338000.0,
        "Pretax Income": 1666000.0,
        "Other Income Expense": 13797000.0,
        "Other Non Operating Income Expenses": 31000.0,
        "Special Income Charges": 13766000.0,
        "Gain On Sale Of Ppe": 13766000.0,
        "Net Non Operating Interest Income Expense": 666000.0,
        "Interest Income Non Operating": 666000.0,
        "Operating Income": -12797000.0,
        "Operating Expense": 14068000.0,
        "Depreciation Amortization Depletion Income Statement": 198000.0,
        "Depreciation And Amortization In Income Statement": 198000.0,
        "Research And Development": 1238000.0,
        "Selling General And Administration": 12632000.0,
        "Selling And Marketing Expense": 1380000.0,
        "General And Administrative Expense": 11252000.0,
        "Other Gand A": 11252000.0,
        "Gross Profit": NaN,
        "Cost Of Revenue": NaN,
        "Total Revenue": 1271000.0,
        "Operating Revenue": 1271000.0
    },
    "2024-03-31": {
        "Tax Effect Of Unusual Items": 27032.805786,
        "Tax Rate For Calcs": 0.013625,
        "Normalized EBITDA": -14288000.0,
        "Total Unusual Items": 1984000.0,
        "Total Unusual Items Excluding Goodwill": 1984000.0,
        "Net Income From Continuing Operation Net Minority Interest": -9411000.0,
        "Reconciled Depreciation": 191000.0,
        "Reconciled Cost Of Revenue": NaN,
        "EBITDA": -12304000.0,
        "EBIT": -12495000.0,
        "Net Interest Income": 926000.0,
        "Interest Income": 926000.0,
        "Normalized Income": -11367967.194214,
        "Net Income From Continuing And Discontinued Operation": -9411000.0,
        "Total Expenses": 13755000.0,
        "Total Operating Income As Reported": -10511000.0,
        "Diluted Average Shares": NaN,
        "Basic Average Shares": NaN,
        "Diluted EPS": NaN,
        "Basic EPS": NaN,
        "Diluted NI Availto Com Stockholders": -9411000.0,
        "Net Income Common Stockholders": -9411000.0,
        "Net Income": -9411000.0,
        "Net Income Including Noncontrolling Interests": -9411000.0,
        "Net Income Continuous Operations": -9411000.0,
        "Tax Provision": -130000.0,
        "Pretax Income": -9541000.0,
        "Other Income Expense": 2028000.0,
        "Other Non Operating Income Expenses": 44000.0,
        "Special Income Charges": 1984000.0,
        "Gain On Sale Of Ppe": 1984000.0,
        "Net Non Operating Interest Income Expense": 926000.0,
        "Interest Income Non Operating": 926000.0,
        "Operating Income": -12495000.0,
        "Operating Expense": 13755000.0,
        "Depreciation Amortization Depletion Income Statement": 191000.0,
        "Depreciation And Amortization In Income Statement": 191000.0,
        "Research And Development": 2243000.0,
        "Selling General And Administration": 11321000.0,
        "Selling And Marketing Expense": 1728000.0,
        "General And Administrative Expense": 9593000.0,
        "Other Gand A": 9593000.0,
        "Gross Profit": NaN,
        "Cost Of Revenue": NaN,
        "Total Revenue": 1260000.0,
        "Operating Revenue": 1260000.0
    }
}