{
    "2023-03-31": {
        "Tax Effect Of Unusual Items": 0.0,
        "Tax Rate For Calcs": 0.0,
        "Normalized EBITDA": -29613000.0,
        "Net Income From Continuing Operation Net Minority Interest": -27820000.0,
        "Reconciled Depreciation": 236000.0,
        "EBITDA": -29613000.0,
        "EBIT": -29613000.0,
        "Net Interest Income": NaN,
        "Interest Income": NaN,
        "Normalized Income": -27820000.0,
        "Net Income From Continuing And Discontinued Operation": -27820000.0,
        "Total Expenses": 29613000.0,
        "Total Operating Income As Reported": -29770000.0,
        "Diluted Average Shares": 37923402.0,
        "Basic Average Shares": 37923402.0,
        "Diluted EPS": -0.73,
        "Basic EPS": -0.73,
        "Diluted NI Availto Com Stockholders": -27820000.0,
        "Net Income Common Stockholders": -27820000.0,
        "Otherunder Preferred Stock Dividend": NaN,
        "Net Income": -27820000.0,
        "Net Income Including Noncontrolling Interests": -27820000.0,
        "Net Income Continuous Operations": -27820000.0,
        "Pretax Income": -27820000.0,
        "Other Income Expense": 1793000.0,
        "Other Non Operating Income Expenses": 1793000.0,
        "Net Non Operating Interest Income Expense": NaN,
        "Interest Income Non Operating": NaN,
        "Operating Income": -29613000.0,
        "Operating Expense": 29613000.0,
        "Other Operating Expenses": -157000.0,
        "Research And Development": 21293000.0,
        "Selling General And Administration": 8477000.0,
        "General And Administrative Expense": 8477000.0,
        "Other Gand A": 8477000.0,
        "Salaries And Wages": NaN,
        "Total Revenue": 0.0,
        "Operating Revenue": 0.0
    },
    "2022-12-31": {
        "Tax Effect Of Unusual Items": 0.0,
        "Tax Rate For Calcs": 0.0,
        "Normalized EBITDA": -21461000.0,
        "Net Income From Continuing Operation Net Minority Interest": -30135000.0,
        "Reconciled Depreciation": 239000.0,
        "EBITDA": -21461000.0,
        "EBIT": -21700000.0,
        "Net Interest Income": NaN,
        "Interest Income": NaN,
        "Normalized Income": -30135000.0,
        "Net Income From Continuing And Discontinued Operation": -30135000.0,
        "Total Expenses": 21700000.0,
        "Total Operating Income As Reported": -32927000.0,
        "Diluted Average Shares": 37851470.0,
        "Basic Average Shares": 37851470.0,
        "Diluted EPS": -0.79,
        "Basic EPS": -0.79,
        "Diluted NI Availto Com Stockholders": -29619000.0,
        "Net Income Common Stockholders": -29619000.0,
        "Otherunder Preferred Stock Dividend": -516000.0,
        "Net Income": -30135000.0,
        "Net Income Including Noncontrolling Interests": -30135000.0,
        "Net Income Continuous Operations": -30135000.0,
        "Pretax Income": -30135000.0,
        "Other Income Expense": -6780000.0,
        "Other Non Operating Income Expenses": 3220000.0,
        "Net Non Operating Interest Income Expense": NaN,
        "Interest Income Non Operating": NaN,
        "Operating Income": -21700000.0,
        "Operating Expense": 21700000.0,
        "Other Operating Expenses": -1227000.0,
        "Research And Development": 15236000.0,
        "Selling General And Administration": 7691000.0,
        "General And Administrative Expense": 7691000.0,
        "Other Gand A": 7691000.0,
        "Salaries And Wages": NaN,
        "Total Revenue": 0.0,
        "Operating Revenue": 0.0
    },
    "2022-09-30": {
        "Tax Effect Of Unusual Items": 0.0,
        "Tax Rate For Calcs": 0.0,
        "Normalized EBITDA": -20943000.0,
        "Net Income From Continuing Operation Net Minority Interest": -20189000.0,
        "Reconciled Depreciation": 231000.0,
        "EBITDA": -20943000.0,
        "EBIT": -21174000.0,
        "Net Interest Income": 987000.0,
        "Interest Income": 987000.0,
        "Normalized Income": -20189000.0,
        "Net Income From Continuing And Discontinued Operation": -20189000.0,
        "Total Expenses": 21174000.0,
        "Total Operating Income As Reported": -24133000.0,
        "Diluted Average Shares": 37817724.0,
        "Basic Average Shares": 37817724.0,
        "Diluted EPS": -0.53,
        "Basic EPS": -0.53,
        "Diluted NI Availto Com Stockholders": -20736000.0,
        "Net Income Common Stockholders": -20736000.0,
        "Otherunder Preferred Stock Dividend": 547000.0,
        "Net Income": -20189000.0,
        "Net Income Including Noncontrolling Interests": -20189000.0,
        "Net Income Continuous Operations": -20189000.0,
        "Pretax Income": -20189000.0,
        "Other Income Expense": -2000.0,
        "Other Non Operating Income Expenses": -2000.0,
        "Net Non Operating Interest Income Expense": 987000.0,
        "Interest Income Non Operating": 987000.0,
        "Operating Income": -21174000.0,
        "Operating Expense": 21174000.0,
        "Other Operating Expenses": -2959000.0,
        "Research And Development": 16965000.0,
        "Selling General And Administration": 7168000.0,
        "General And Administrative Expense": 7168000.0,
        "Other Gand A": 7168000.0,
        "Salaries And Wages": NaN,
        "Total Revenue": 0.0,
        "Operating Revenue": 0.0
    },
    "2022-06-30": {
        "Tax Effect Of Unusual Items": 0.0,
        "Tax Rate For Calcs": 0.0,
        "Normalized EBITDA": -24607000.0,
        "Net Income From Continuing Operation Net Minority Interest": -24335000.0,
        "Reconciled Depreciation": 221000.0,
        "EBITDA": -24607000.0,
        "EBIT": -24828000.0,
        "Net Interest Income": 493000.0,
        "Interest Income": 493000.0,
        "Normalized Income": -24335000.0,
        "Net Income From Continuing And Discontinued Operation": -24335000.0,
        "Total Expenses": 24828000.0,
        "Total Operating Income As Reported": -23569000.0,
        "Diluted Average Shares": 37667971.0,
        "Basic Average Shares": 37667971.0,
        "Diluted EPS": -0.65,
        "Basic EPS": -0.65,
        "Diluted NI Availto Com Stockholders": -24335000.0,
        "Net Income Common Stockholders": -24335000.0,
        "Otherunder Preferred Stock Dividend": NaN,
        "Net Income": -24335000.0,
        "Net Income Including Noncontrolling Interests": -24335000.0,
        "Net Income Continuous Operations": -24335000.0,
        "Pretax Income": -24335000.0,
        "Other Income Expense": NaN,
        "Other Non Operating Income Expenses": NaN,
        "Net Non Operating Interest Income Expense": 493000.0,
        "Interest Income Non Operating": 493000.0,
        "Operating Income": -24828000.0,
        "Operating Expense": 24828000.0,
        "Other Operating Expenses": 1259000.0,
        "Research And Development": 14803000.0,
        "Selling General And Administration": 8766000.0,
        "General And Administrative Expense": 8766000.0,
        "Other Gand A": 8766000.0,
        "Salaries And Wages": NaN,
        "Total Revenue": 0.0,
        "Operating Revenue": 0.0
    },
    "2022-03-31": {
        "Diluted EPS": -0.56,
        "Total Revenue": NaN,
        "Gross Profit": NaN,
        "Operating Income": -23,
        "EBIT": -23,
        "Net Income": -21
    },
    "2021-12-31": {
        "Diluted EPS": -0.44,
        "Total Revenue": NaN,
        "Gross Profit": NaN,
        "Operating Income": -19,
        "EBIT": -19,
        "Net Income": -16
    },
    "2021-09-30": {
        "Diluted EPS": -0.42,
        "Total Revenue": NaN,
        "Gross Profit": NaN,
        "Operating Income": -18,
        "EBIT": -18,
        "Net Income": -16
    },
    "2021-06-30": {
        "Diluted EPS": -0.38,
        "Total Revenue": NaN,
        "Gross Profit": NaN,
        "Operating Income": -17,
        "EBIT": -16,
        "Net Income": -14
    },
    "2021-03-31": {
        "Diluted EPS": -0.25,
        "Total Revenue": NaN,
        "Gross Profit": NaN,
        "Operating Income": -11,
        "EBIT": -11,
        "Net Income": -9
    },
    "2020-12-31": {
        "Diluted EPS": 0.41,
        "Total Revenue": NaN,
        "Gross Profit": NaN,
        "Operating Income": -9,
        "EBIT": -9,
        "Net Income": -8
    },
    "2020-09-30": {
        "Diluted EPS": -1.12,
        "Total Revenue": NaN,
        "Gross Profit": NaN,
        "Operating Income": -7,
        "EBIT": -7,
        "Net Income": -8
    },
    "2020-06-30": {
        "Diluted EPS": -0.48,
        "Total Revenue": NaN,
        "Gross Profit": NaN,
        "Operating Income": -2,
        "EBIT": -2,
        "Net Income": -2
    },
    "2020-03-31": {
        "Diluted EPS": -0.48,
        "Total Revenue": NaN,
        "Gross Profit": NaN,
        "Operating Income": -1,
        "EBIT": -1,
        "Net Income": -2
    },
    "2019-12-31": {
        "Diluted EPS": 0.0,
        "Total Revenue": NaN,
        "Gross Profit": NaN,
        "Operating Income": NaN,
        "EBIT": NaN,
        "Net Income": NaN
    },
    "2019-09-30": {
        "Diluted EPS": -0.43,
        "Total Revenue": NaN,
        "Gross Profit": NaN,
        "Operating Income": -2,
        "EBIT": -2,
        "Net Income": -2
    },
    "2018-12-31": {
        "Diluted EPS": 0.0,
        "Total Revenue": NaN,
        "Gross Profit": NaN,
        "Operating Income": NaN,
        "EBIT": NaN,
        "Net Income": NaN
    },
    "2023-06-30": {
        "Tax Effect Of Unusual Items": 0.0,
        "Tax Rate For Calcs": 0.0,
        "Normalized EBITDA": -31396000.0,
        "Net Income From Continuing Operation Net Minority Interest": -29597000.0,
        "Reconciled Depreciation": 244000.0,
        "EBITDA": -31396000.0,
        "EBIT": -31640000.0,
        "Net Interest Income": NaN,
        "Interest Income": NaN,
        "Normalized Income": -29597000.0,
        "Net Income From Continuing And Discontinued Operation": -29597000.0,
        "Total Expenses": 31640000.0,
        "Total Operating Income As Reported": -31640000.0,
        "Diluted Average Shares": 37999578.0,
        "Basic Average Shares": 37999578.0,
        "Diluted EPS": -0.78,
        "Basic EPS": -0.78,
        "Diluted NI Availto Com Stockholders": -29597000.0,
        "Net Income Common Stockholders": -29597000.0,
        "Otherunder Preferred Stock Dividend": NaN,
        "Net Income": -29597000.0,
        "Net Income Including Noncontrolling Interests": -29597000.0,
        "Net Income Continuous Operations": -29597000.0,
        "Pretax Income": -29597000.0,
        "Other Income Expense": 2043000.0,
        "Other Non Operating Income Expenses": 2043000.0,
        "Net Non Operating Interest Income Expense": NaN,
        "Interest Income Non Operating": NaN,
        "Operating Income": -31640000.0,
        "Operating Expense": 31640000.0,
        "Other Operating Expenses": NaN,
        "Research And Development": 21615000.0,
        "Selling General And Administration": 10025000.0,
        "General And Administrative Expense": 10025000.0,
        "Other Gand A": 8193000.0,
        "Salaries And Wages": 1832000.0,
        "Total Revenue": 0.0,
        "Operating Revenue": 0.0
    },
    "2023-09-30": {
        "Tax Effect Of Unusual Items": 0.0,
        "Tax Rate For Calcs": 0.0,
        "Normalized EBITDA": -34798000.0,
        "Net Income From Continuing Operation Net Minority Interest": -32970000.0,
        "Reconciled Depreciation": 244000.0,
        "EBITDA": -34798000.0,
        "EBIT": -35042000.0,
        "Net Interest Income": NaN,
        "Interest Income": NaN,
        "Normalized Income": -32970000.0,
        "Net Income From Continuing And Discontinued Operation": -32970000.0,
        "Total Expenses": 35042000.0,
        "Total Operating Income As Reported": -35042000.0,
        "Diluted Average Shares": 38054583.0,
        "Basic Average Shares": 38054583.0,
        "Diluted EPS": -0.87,
        "Basic EPS": -0.87,
        "Diluted NI Availto Com Stockholders": -32709000.0,
        "Net Income Common Stockholders": -32709000.0,
        "Otherunder Preferred Stock Dividend": -261000.0,
        "Net Income": -32970000.0,
        "Net Income Including Noncontrolling Interests": -32970000.0,
        "Net Income Continuous Operations": -32970000.0,
        "Pretax Income": -32970000.0,
        "Other Income Expense": 2072000.0,
        "Other Non Operating Income Expenses": 2072000.0,
        "Net Non Operating Interest Income Expense": NaN,
        "Interest Income Non Operating": NaN,
        "Operating Income": -35042000.0,
        "Operating Expense": 35042000.0,
        "Other Operating Expenses": NaN,
        "Research And Development": 27202000.0,
        "Selling General And Administration": 7840000.0,
        "General And Administrative Expense": 7840000.0,
        "Other Gand A": 7840000.0,
        "Salaries And Wages": NaN,
        "Total Revenue": 0.0,
        "Operating Revenue": 0.0
    }
}