{
    "2023-03-31": {
        "Tax Effect Of Unusual Items": 0.0,
        "Tax Rate For Calcs": 0.0,
        "Normalized EBITDA": -7282000.0,
        "Net Income From Continuing Operation Net Minority Interest": -7811000.0,
        "Reconciled Depreciation": 52000.0,
        "EBIT": -7334000.0,
        "Normalized Income": -7811000.0,
        "Net Income From Continuing And Discontinued Operation": -7811000.0,
        "Total Expenses": 7334000.0,
        "Total Operating Income As Reported": -7334000.0,
        "Diluted Average Shares": 18292000.0,
        "Basic Average Shares": 18292000.0,
        "Diluted EPS": -0.43,
        "Basic EPS": -0.43,
        "Diluted NI Availto Com Stockholders": -7811000.0,
        "Net Income Common Stockholders": -7811000.0,
        "Net Income": -7811000.0,
        "Net Income Including Noncontrolling Interests": -7811000.0,
        "Net Income Continuous Operations": -7811000.0,
        "Pretax Income": -7811000.0,
        "Other Income Expense": -477000.0,
        "Other Non Operating Income Expenses": -477000.0,
        "Operating Income": -7334000.0,
        "Operating Expense": 7334000.0,
        "Depreciation Amortization Depletion Income Statement": 52000.0,
        "Depreciation And Amortization In Income Statement": 52000.0,
        "Depreciation Income Statement": 52000.0,
        "Research And Development": 4467000.0,
        "Selling General And Administration": 2815000.0,
        "General And Administrative Expense": 2815000.0,
        "Other Gand A": 2815000.0,
        "Total Revenue": 0.0,
        "Operating Revenue": 0.0,
        "Gross Profit": NaN
    },
    "2022-12-31": {
        "Tax Effect Of Unusual Items": 0.0,
        "Tax Rate For Calcs": 0.0,
        "Normalized EBITDA": -13660000.0,
        "Net Income From Continuing Operation Net Minority Interest": -13001000.0,
        "Reconciled Depreciation": -62000.0,
        "EBIT": -13660000.0,
        "Normalized Income": -13001000.0,
        "Net Income From Continuing And Discontinued Operation": -13001000.0,
        "Total Expenses": 13692000.0,
        "Total Operating Income As Reported": -13660000.0,
        "Diluted Average Shares": 15709000.0,
        "Basic Average Shares": 15709000.0,
        "Diluted EPS": -0.83,
        "Basic EPS": -0.83,
        "Diluted NI Availto Com Stockholders": -13001000.0,
        "Net Income Common Stockholders": -13001000.0,
        "Net Income": -13001000.0,
        "Net Income Including Noncontrolling Interests": -13001000.0,
        "Net Income Continuous Operations": -13001000.0,
        "Pretax Income": -13001000.0,
        "Other Income Expense": 659000.0,
        "Other Non Operating Income Expenses": 659000.0,
        "Operating Income": -13660000.0,
        "Operating Expense": 13692000.0,
        "Depreciation Amortization Depletion Income Statement": -62000.0,
        "Depreciation And Amortization In Income Statement": -62000.0,
        "Depreciation Income Statement": -62000.0,
        "Research And Development": 10869000.0,
        "Selling General And Administration": 2885000.0,
        "General And Administrative Expense": 2885000.0,
        "Other Gand A": 2885000.0,
        "Total Revenue": 32000.0,
        "Operating Revenue": 32000.0,
        "Gross Profit": 0
    },
    "2022-09-30": {
        "Tax Effect Of Unusual Items": 0.0,
        "Tax Rate For Calcs": 0.0,
        "Normalized EBITDA": -16096000.0,
        "Net Income From Continuing Operation Net Minority Interest": -13669000.0,
        "Reconciled Depreciation": 617000.0,
        "EBIT": -16713000.0,
        "Normalized Income": -13669000.0,
        "Net Income From Continuing And Discontinued Operation": -13669000.0,
        "Total Expenses": 16778000.0,
        "Total Operating Income As Reported": -16713000.0,
        "Diluted Average Shares": 11855000.0,
        "Basic Average Shares": 11855000.0,
        "Diluted EPS": -1.15,
        "Basic EPS": -1.15,
        "Diluted NI Availto Com Stockholders": -13669000.0,
        "Net Income Common Stockholders": -13669000.0,
        "Net Income": -13669000.0,
        "Net Income Including Noncontrolling Interests": -13669000.0,
        "Net Income Continuous Operations": -13669000.0,
        "Pretax Income": -13669000.0,
        "Other Income Expense": 3044000.0,
        "Other Non Operating Income Expenses": 3044000.0,
        "Operating Income": -16713000.0,
        "Operating Expense": 16778000.0,
        "Depreciation Amortization Depletion Income Statement": 617000.0,
        "Depreciation And Amortization In Income Statement": 617000.0,
        "Depreciation Income Statement": 617000.0,
        "Research And Development": 12424000.0,
        "Selling General And Administration": 3737000.0,
        "General And Administrative Expense": 3737000.0,
        "Other Gand A": 3737000.0,
        "Total Revenue": 65000.0,
        "Operating Revenue": 65000.0,
        "Gross Profit": 0
    },
    "2022-06-30": {
        "Tax Effect Of Unusual Items": 0.0,
        "Tax Rate For Calcs": 0.0,
        "Normalized EBITDA": -23640000.0,
        "Net Income From Continuing Operation Net Minority Interest": -23648000.0,
        "Reconciled Depreciation": 618000.0,
        "EBIT": -24258000.0,
        "Normalized Income": -23648000.0,
        "Net Income From Continuing And Discontinued Operation": -23648000.0,
        "Total Expenses": 26574000.0,
        "Total Operating Income As Reported": -24258000.0,
        "Diluted Average Shares": 259570000.0,
        "Basic Average Shares": 259570000.0,
        "Diluted EPS": -0.09,
        "Basic EPS": -0.09,
        "Diluted NI Availto Com Stockholders": -23648000.0,
        "Net Income Common Stockholders": -23648000.0,
        "Net Income": -23648000.0,
        "Net Income Including Noncontrolling Interests": -23648000.0,
        "Net Income Continuous Operations": -23648000.0,
        "Pretax Income": -23648000.0,
        "Other Income Expense": 610000.0,
        "Other Non Operating Income Expenses": 610000.0,
        "Operating Income": -24258000.0,
        "Operating Expense": 26574000.0,
        "Depreciation Amortization Depletion Income Statement": 618000.0,
        "Depreciation And Amortization In Income Statement": 618000.0,
        "Depreciation Income Statement": 618000.0,
        "Research And Development": 20794000.0,
        "Selling General And Administration": 5162000.0,
        "General And Administrative Expense": 5162000.0,
        "Other Gand A": 5162000.0,
        "Total Revenue": 2316000.0,
        "Operating Revenue": 2316000.0,
        "Gross Profit": 2
    },
    "2022-03-31": {
        "Diluted EPS": -2.27,
        "Total Revenue": 3,
        "Gross Profit": 3,
        "Operating Income": -22,
        "EBIT": -22,
        "Net Income": -22
    },
    "2021-12-31": {
        "Diluted EPS": -2.18,
        "Total Revenue": 1,
        "Gross Profit": 1,
        "Operating Income": -22,
        "EBIT": -21,
        "Net Income": -22
    },
    "2021-09-30": {
        "Diluted EPS": -1.76,
        "Total Revenue": 5,
        "Gross Profit": 5,
        "Operating Income": -16,
        "EBIT": -16,
        "Net Income": -16
    },
    "2021-06-30": {
        "Diluted EPS": -2.5,
        "Total Revenue": NaN,
        "Gross Profit": NaN,
        "Operating Income": -23,
        "EBIT": -22,
        "Net Income": -23
    },
    "2021-03-31": {
        "Diluted EPS": -3.25,
        "Total Revenue": NaN,
        "Gross Profit": NaN,
        "Operating Income": -27,
        "EBIT": -26,
        "Net Income": -26
    },
    "2020-12-31": {
        "Diluted EPS": -2.75,
        "Total Revenue": 1,
        "Gross Profit": 1,
        "Operating Income": -22,
        "EBIT": -22,
        "Net Income": -22
    },
    "2020-09-30": {
        "Diluted EPS": -2.75,
        "Total Revenue": 0,
        "Gross Profit": 0,
        "Operating Income": -22,
        "EBIT": -22,
        "Net Income": -23
    },
    "2020-06-30": {
        "Diluted EPS": -2.5,
        "Total Revenue": 0,
        "Gross Profit": 0,
        "Operating Income": -18,
        "EBIT": -18,
        "Net Income": -18
    },
    "2020-03-31": {
        "Diluted EPS": -2.5,
        "Total Revenue": NaN,
        "Gross Profit": NaN,
        "Operating Income": -16,
        "EBIT": -16,
        "Net Income": -16
    },
    "2019-12-31": {
        "Diluted EPS": -1.5,
        "Total Revenue": 0,
        "Gross Profit": 0,
        "Operating Income": -10,
        "EBIT": -10,
        "Net Income": -10
    },
    "2019-09-30": {
        "Diluted EPS": -2.0,
        "Total Revenue": 0,
        "Gross Profit": 0,
        "Operating Income": -12,
        "EBIT": -12,
        "Net Income": -12
    },
    "2019-06-30": {
        "Diluted EPS": -1.5,
        "Total Revenue": 4,
        "Gross Profit": 4,
        "Operating Income": -10,
        "EBIT": -10,
        "Net Income": -10
    },
    "2019-03-31": {
        "Diluted EPS": -2.25,
        "Total Revenue": 1,
        "Gross Profit": 1,
        "Operating Income": -13,
        "EBIT": -13,
        "Net Income": -13
    },
    "2018-12-31": {
        "Diluted EPS": -2.0,
        "Total Revenue": 2,
        "Gross Profit": 2,
        "Operating Income": -12,
        "EBIT": -11,
        "Net Income": -11
    },
    "2018-09-30": {
        "Diluted EPS": -1.75,
        "Total Revenue": 2,
        "Gross Profit": 2,
        "Operating Income": -10,
        "EBIT": -10,
        "Net Income": -10
    },
    "2018-06-30": {
        "Diluted EPS": 1.25,
        "Total Revenue": 19,
        "Gross Profit": 19,
        "Operating Income": 7,
        "EBIT": 7,
        "Net Income": 7
    },
    "2018-03-31": {
        "Diluted EPS": -2.0,
        "Total Revenue": 1,
        "Gross Profit": 1,
        "Operating Income": -10,
        "EBIT": -10,
        "Net Income": -10
    },
    "2017-12-31": {
        "Diluted EPS": -2.75,
        "Total Revenue": 1,
        "Gross Profit": 1,
        "Operating Income": -13,
        "EBIT": -13,
        "Net Income": -13
    },
    "2017-09-30": {
        "Diluted EPS": -1.5,
        "Total Revenue": 0,
        "Gross Profit": 0,
        "Operating Income": -7,
        "EBIT": -7,
        "Net Income": -7
    },
    "2017-06-30": {
        "Diluted EPS": -1.5,
        "Total Revenue": 1,
        "Gross Profit": 1,
        "Operating Income": -6,
        "EBIT": -6,
        "Net Income": -6
    },
    "2017-03-31": {
        "Diluted EPS": -1.5,
        "Total Revenue": 1,
        "Gross Profit": 1,
        "Operating Income": -6,
        "EBIT": -6,
        "Net Income": -6
    },
    "2016-12-31": {
        "Diluted EPS": -2.25,
        "Total Revenue": 1,
        "Gross Profit": 1,
        "Operating Income": -8,
        "EBIT": -8,
        "Net Income": -7
    },
    "2016-09-30": {
        "Diluted EPS": -1.75,
        "Total Revenue": 0,
        "Gross Profit": 0,
        "Operating Income": -6,
        "EBIT": -6,
        "Net Income": -6
    },
    "2016-06-30": {
        "Diluted EPS": -2.0,
        "Total Revenue": 1,
        "Gross Profit": 1,
        "Operating Income": -7,
        "EBIT": -7,
        "Net Income": -7
    },
    "2016-03-31": {
        "Diluted EPS": 1.5,
        "Total Revenue": 15,
        "Gross Profit": 15,
        "Operating Income": 7,
        "EBIT": 7,
        "Net Income": 5
    },
    "2015-12-31": {
        "Diluted EPS": 2.25,
        "Total Revenue": 11,
        "Gross Profit": 11,
        "Operating Income": 3,
        "EBIT": 4,
        "Net Income": 4
    },
    "2015-09-30": {
        "Diluted EPS": -2.0,
        "Total Revenue": 0,
        "Gross Profit": 0,
        "Operating Income": -7,
        "EBIT": -7,
        "Net Income": -6
    },
    "2015-06-30": {
        "Diluted EPS": -1.25,
        "Total Revenue": 0,
        "Gross Profit": 0,
        "Operating Income": -7,
        "EBIT": -7,
        "Net Income": -1
    },
    "2015-03-31": {
        "Diluted EPS": -4.0,
        "Total Revenue": 1,
        "Gross Profit": 1,
        "Operating Income": -7,
        "EBIT": -7,
        "Net Income": -12
    },
    "2014-12-31": {
        "Diluted EPS": -1.0,
        "Total Revenue": 0,
        "Gross Profit": 0,
        "Operating Income": -7,
        "EBIT": -7,
        "Net Income": -7
    },
    "2014-09-30": {
        "Diluted EPS": -2.0,
        "Total Revenue": 0,
        "Gross Profit": 0,
        "Operating Income": -7,
        "EBIT": -7,
        "Net Income": -5
    },
    "2014-06-30": {
        "Diluted EPS": -1.0,
        "Total Revenue": 0,
        "Gross Profit": 0,
        "Operating Income": -7,
        "EBIT": -7,
        "Net Income": 1
    },
    "2014-03-31": {
        "Diluted EPS": -3.75,
        "Total Revenue": 1,
        "Gross Profit": 1,
        "Operating Income": -7,
        "EBIT": -7,
        "Net Income": -11
    },
    "2013-12-31": {
        "Diluted EPS": -3.5,
        "Total Revenue": 1,
        "Gross Profit": 1,
        "Operating Income": -6,
        "EBIT": -6,
        "Net Income": -10
    },
    "2013-09-30": {
        "Diluted EPS": -2.5,
        "Total Revenue": 1,
        "Gross Profit": 1,
        "Operating Income": -6,
        "EBIT": -6,
        "Net Income": -6
    },
    "2013-06-30": {
        "Diluted EPS": -2.75,
        "Total Revenue": 1,
        "Gross Profit": 1,
        "Operating Income": -6,
        "EBIT": -6,
        "Net Income": -6
    },
    "2013-03-31": {
        "Diluted EPS": -4.5,
        "Total Revenue": 0,
        "Gross Profit": 0,
        "Operating Income": -7,
        "EBIT": -7,
        "Net Income": -9
    },
    "2012-12-31": {
        "Diluted EPS": -0.75,
        "Total Revenue": 2,
        "Gross Profit": 2,
        "Operating Income": -4,
        "EBIT": -4,
        "Net Income": -3
    },
    "2012-09-30": {
        "Diluted EPS": -3.0,
        "Total Revenue": 1,
        "Gross Profit": 1,
        "Operating Income": -4,
        "EBIT": -4,
        "Net Income": -3
    },
    "2012-06-30": {
        "Diluted EPS": -3.25,
        "Total Revenue": 3,
        "Gross Profit": 3,
        "Operating Income": -4,
        "EBIT": -4,
        "Net Income": -4
    },
    "2012-03-31": {
        "Diluted EPS": -4.25,
        "Total Revenue": 3,
        "Gross Profit": 3,
        "Operating Income": -4,
        "EBIT": -4,
        "Net Income": -4
    },
    "2011-12-31": {
        "Diluted EPS": -4.25,
        "Total Revenue": 3,
        "Gross Profit": 3,
        "Operating Income": -4,
        "EBIT": -4,
        "Net Income": -4
    },
    "2011-09-30": {
        "Diluted EPS": -2.5,
        "Total Revenue": 2,
        "Gross Profit": 2,
        "Operating Income": -3,
        "EBIT": -3,
        "Net Income": -2
    },
    "2011-06-30": {
        "Diluted EPS": -3.5,
        "Total Revenue": 2,
        "Gross Profit": 2,
        "Operating Income": -3,
        "EBIT": -3,
        "Net Income": -3
    },
    "2011-03-31": {
        "Diluted EPS": -4.5,
        "Total Revenue": 3,
        "Gross Profit": 3,
        "Operating Income": -3,
        "EBIT": -3,
        "Net Income": -4
    },
    "2010-12-31": {
        "Diluted EPS": -2.75,
        "Total Revenue": 3,
        "Gross Profit": 3,
        "Operating Income": -2,
        "EBIT": -2,
        "Net Income": -2
    },
    "2010-09-30": {
        "Diluted EPS": -4.75,
        "Total Revenue": 2,
        "Gross Profit": 2,
        "Operating Income": -4,
        "EBIT": -4,
        "Net Income": -4
    },
    "2010-06-30": {
        "Diluted EPS": -4.0,
        "Total Revenue": 2,
        "Gross Profit": 2,
        "Operating Income": -3,
        "EBIT": -3,
        "Net Income": -3
    },
    "2010-03-31": {
        "Diluted EPS": -3.5,
        "Total Revenue": 2,
        "Gross Profit": 2,
        "Operating Income": -3,
        "EBIT": -2,
        "Net Income": -3
    },
    "2009-12-31": {
        "Diluted EPS": -6.5,
        "Total Revenue": 1,
        "Gross Profit": 1,
        "Operating Income": -5,
        "EBIT": -5,
        "Net Income": -5
    },
    "2009-09-30": {
        "Diluted EPS": -4.5,
        "Total Revenue": 0,
        "Gross Profit": 0,
        "Operating Income": -3,
        "EBIT": -3,
        "Net Income": -3
    },
    "2009-06-30": {
        "Diluted EPS": -4.5,
        "Total Revenue": 0,
        "Gross Profit": 0,
        "Operating Income": -3,
        "EBIT": -3,
        "Net Income": -3
    },
    "2009-03-31": {
        "Diluted EPS": -4.75,
        "Total Revenue": 0,
        "Gross Profit": 0,
        "Operating Income": -4,
        "EBIT": -4,
        "Net Income": -4
    }
}