{
    "2023-03-31": {
        "Tax Effect Of Unusual Items": 0.0,
        "Tax Rate For Calcs": 0.0,
        "Normalized EBITDA": -4782073.0,
        "Total Unusual Items": 53323.0,
        "Total Unusual Items Excluding Goodwill": 53323.0,
        "Net Income From Continuing Operation Net Minority Interest": -4762078.0,
        "Reconciled Depreciation": 21772.0,
        "EBITDA": -4728750.0,
        "EBIT": -4750522.0,
        "Net Interest Income": -11556.0,
        "Interest Expense": 11556.0,
        "Interest Income": 0.0,
        "Normalized Income": -4815401.0,
        "Net Income From Continuing And Discontinued Operation": -4762078.0,
        "Total Expenses": 4803845.0,
        "Total Operating Income As Reported": -4803845.0,
        "Diluted Average Shares": 197219.0,
        "Basic Average Shares": 197219.0,
        "Diluted EPS": -24.15,
        "Basic EPS": -24.15,
        "Diluted NI Availto Com Stockholders": -4762078.0,
        "Net Income Common Stockholders": -4762078.0,
        "Net Income": -4762078.0,
        "Net Income Including Noncontrolling Interests": -4762078.0,
        "Net Income Continuous Operations": -4762078.0,
        "Tax Provision": 0.0,
        "Pretax Income": -4762078.0,
        "Other Income Expense": 53323.0,
        "Other Non Operating Income Expenses": NaN,
        "Special Income Charges": NaN,
        "Write Off": NaN,
        "Impairment Of Capital Assets": NaN,
        "Gain On Sale Of Security": 53323.0,
        "Net Non Operating Interest Income Expense": -11556.0,
        "Interest Expense Non Operating": 11556.0,
        "Interest Income Non Operating": 0.0,
        "Operating Income": -4803845.0,
        "Operating Expense": 4803845.0,
        "Research And Development": 794993.0,
        "Selling General And Administration": 4008852.0,
        "General And Administrative Expense": 4008852.0,
        "Other Gand A": 4008852.0,
        "Total Revenue": 0.0,
        "Operating Revenue": 0.0
    },
    "2022-12-31": {
        "Tax Effect Of Unusual Items": -708113.827125,
        "Tax Rate For Calcs": 0.041558,
        "Normalized EBITDA": -5603783.0,
        "Total Unusual Items": -17039086.0,
        "Total Unusual Items Excluding Goodwill": -17039086.0,
        "Net Income From Continuing Operation Net Minority Interest": -21742278.0,
        "Reconciled Depreciation": 37608.0,
        "EBITDA": -22642869.0,
        "EBIT": -22680477.0,
        "Net Interest Income": -6045.0,
        "Interest Expense": 4550.0,
        "Interest Income": NaN,
        "Normalized Income": -5411305.827125,
        "Net Income From Continuing And Discontinued Operation": -21742278.0,
        "Total Expenses": 5639896.0,
        "Total Operating Income As Reported": -5639896.0,
        "Diluted Average Shares": NaN,
        "Basic Average Shares": NaN,
        "Diluted EPS": NaN,
        "Basic EPS": NaN,
        "Diluted NI Availto Com Stockholders": -21742278.0,
        "Net Income Common Stockholders": -21742278.0,
        "Net Income": -21742278.0,
        "Net Income Including Noncontrolling Interests": -21742278.0,
        "Net Income Continuous Operations": -21742278.0,
        "Tax Provision": -942749.0,
        "Pretax Income": -22685027.0,
        "Other Income Expense": -17039086.0,
        "Special Income Charges": -18016512.0,
        "Write Off": NaN,
        "Impairment Of Capital Assets": 14674428.0,
        "Gain On Sale Of Security": 977426.0,
        "Net Non Operating Interest Income Expense": -6045.0,
        "Interest Expense Non Operating": 4550.0,
        "Interest Income Non Operating": NaN,
        "Operating Income": -5639896.0,
        "Operating Expense": 5639896.0,
        "Research And Development": 585690.0,
        "Selling General And Administration": 5054206.0,
        "General And Administrative Expense": 5054206.0,
        "Other Gand A": 5054206.0,
        "Total Revenue": 0.0,
        "Operating Revenue": 0.0
    },
    "2022-09-30": {
        "Tax Effect Of Unusual Items": 0.0,
        "Tax Rate For Calcs": 0.0,
        "Normalized EBITDA": -4047178.0,
        "Total Unusual Items": -17422942.0,
        "Total Unusual Items Excluding Goodwill": -17422942.0,
        "Net Income From Continuing Operation Net Minority Interest": -21486978.0,
        "Reconciled Depreciation": 7974.0,
        "EBITDA": -21470120.0,
        "EBIT": -21478094.0,
        "Net Interest Income": -8884.0,
        "Interest Expense": 8884.0,
        "Interest Income": NaN,
        "Normalized Income": -4064036.0,
        "Net Income From Continuing And Discontinued Operation": -21486978.0,
        "Total Expenses": 4055152.0,
        "Total Operating Income As Reported": -4055152.0,
        "Diluted Average Shares": 1959087.0,
        "Basic Average Shares": 1959087.0,
        "Diluted EPS": -10.97,
        "Basic EPS": -10.97,
        "Diluted NI Availto Com Stockholders": -21486978.0,
        "Net Income Common Stockholders": -21486978.0,
        "Net Income": -21486978.0,
        "Net Income Including Noncontrolling Interests": -21486978.0,
        "Net Income Continuous Operations": -21486978.0,
        "Tax Provision": 0.0,
        "Pretax Income": -21486978.0,
        "Other Income Expense": -17422942.0,
        "Special Income Charges": -18872850.0,
        "Write Off": NaN,
        "Impairment Of Capital Assets": 18872850.0,
        "Gain On Sale Of Security": 1449908.0,
        "Net Non Operating Interest Income Expense": -8884.0,
        "Interest Expense Non Operating": 8884.0,
        "Interest Income Non Operating": NaN,
        "Operating Income": -4055152.0,
        "Operating Expense": 4055152.0,
        "Research And Development": 636524.0,
        "Selling General And Administration": 3418628.0,
        "General And Administrative Expense": 3418628.0,
        "Other Gand A": 3418628.0,
        "Total Revenue": 0.0,
        "Operating Revenue": 0.0
    },
    "2022-06-30": {
        "Tax Effect Of Unusual Items": 0.0,
        "Tax Rate For Calcs": 0.0,
        "Normalized EBITDA": -4502408.0,
        "Total Unusual Items": 7487538.0,
        "Total Unusual Items Excluding Goodwill": 7487538.0,
        "Net Income From Continuing Operation Net Minority Interest": 2939284.0,
        "Reconciled Depreciation": 36960.0,
        "EBITDA": 2985130.0,
        "EBIT": 2948170.0,
        "Net Interest Income": -8886.0,
        "Interest Expense": 8886.0,
        "Interest Income": NaN,
        "Normalized Income": -4548254.0,
        "Net Income From Continuing And Discontinued Operation": 2939284.0,
        "Total Expenses": 4521848.0,
        "Total Operating Income As Reported": -4521848.0,
        "Diluted Average Shares": 1705629.0,
        "Basic Average Shares": 1705629.0,
        "Diluted EPS": 1.72,
        "Basic EPS": 1.72,
        "Diluted NI Availto Com Stockholders": 2939284.0,
        "Net Income Common Stockholders": 2939284.0,
        "Net Income": 2939284.0,
        "Net Income Including Noncontrolling Interests": 2939284.0,
        "Net Income Continuous Operations": 2939284.0,
        "Tax Provision": 0.0,
        "Pretax Income": 2939284.0,
        "Other Income Expense": 7470018.0,
        "Other Non Operating Income Expenses": -17520.0,
        "Special Income Charges": 0.0,
        "Impairment Of Capital Assets": NaN,
        "Gain On Sale Of Security": 7487538.0,
        "Net Non Operating Interest Income Expense": -8886.0,
        "Interest Expense Non Operating": 8886.0,
        "Interest Income Non Operating": NaN,
        "Operating Income": -4521848.0,
        "Operating Expense": 4521848.0,
        "Research And Development": 503694.0,
        "Selling General And Administration": 4018154.0,
        "General And Administrative Expense": 4018154.0,
        "Other Gand A": 4018154.0,
        "Total Revenue": 0.0,
        "Operating Revenue": 0.0
    },
    "2022-03-31": {
        "Diluted EPS": 0.92,
        "Total Revenue": NaN,
        "Gross Profit": NaN,
        "Operating Income": -4,
        "EBIT": -3,
        "Net Income": 2
    },
    "2021-12-31": {
        "Diluted EPS": 9.04,
        "Total Revenue": NaN,
        "Gross Profit": NaN,
        "Operating Income": -4,
        "EBIT": -3,
        "Net Income": 1
    },
    "2021-09-30": {
        "Diluted EPS": 4.6,
        "Total Revenue": NaN,
        "Gross Profit": NaN,
        "Operating Income": -4,
        "EBIT": -4,
        "Net Income": 18
    },
    "2021-06-30": {
        "Diluted EPS": -15.0,
        "Total Revenue": NaN,
        "Gross Profit": NaN,
        "Operating Income": -4,
        "EBIT": -4,
        "Net Income": -23
    },
    "2021-03-31": {
        "Diluted EPS": -11.6,
        "Total Revenue": NaN,
        "Gross Profit": NaN,
        "Operating Income": -3,
        "EBIT": -2,
        "Net Income": -16
    },
    "2020-12-31": {
        "Diluted EPS": -9.8,
        "Total Revenue": NaN,
        "Gross Profit": NaN,
        "Operating Income": -2,
        "EBIT": -1,
        "Net Income": -9
    },
    "2020-09-30": {
        "Diluted EPS": -1.0,
        "Total Revenue": NaN,
        "Gross Profit": NaN,
        "Operating Income": -1,
        "EBIT": -1,
        "Net Income": -1
    },
    "2020-06-30": {
        "Diluted EPS": 0.4,
        "Total Revenue": NaN,
        "Gross Profit": NaN,
        "Operating Income": -1,
        "EBIT": -1,
        "Net Income": 0
    },
    "2020-03-31": {
        "Diluted EPS": -2.8,
        "Total Revenue": NaN,
        "Gross Profit": NaN,
        "Operating Income": -2,
        "EBIT": -2,
        "Net Income": -2
    },
    "2019-12-31": {
        "Diluted EPS": -46.2,
        "Total Revenue": NaN,
        "Gross Profit": NaN,
        "Operating Income": -20,
        "EBIT": -20,
        "Net Income": -26
    },
    "2019-09-30": {
        "Diluted EPS": -0.2,
        "Total Revenue": NaN,
        "Gross Profit": NaN,
        "Operating Income": 0,
        "EBIT": 0,
        "Net Income": 0
    },
    "2019-06-30": {
        "Diluted EPS": 0.0,
        "Total Revenue": NaN,
        "Gross Profit": NaN,
        "Operating Income": 0,
        "EBIT": 0,
        "Net Income": 0
    },
    "2019-03-31": {
        "Diluted EPS": 0.4,
        "Total Revenue": NaN,
        "Gross Profit": NaN,
        "Operating Income": 0,
        "EBIT": 0,
        "Net Income": 0
    },
    "2018-12-31": {
        "Diluted EPS": 0.6,
        "Total Revenue": NaN,
        "Gross Profit": NaN,
        "Operating Income": 0,
        "EBIT": 0,
        "Net Income": 0
    },
    "2018-09-30": {
        "Diluted EPS": 0.4,
        "Total Revenue": NaN,
        "Gross Profit": NaN,
        "Operating Income": 0,
        "EBIT": 0,
        "Net Income": 0
    },
    "2018-06-30": {
        "Diluted EPS": 0.2,
        "Total Revenue": NaN,
        "Gross Profit": NaN,
        "Operating Income": 0,
        "EBIT": 0,
        "Net Income": 0
    },
    "2018-03-31": {
        "Diluted EPS": 0.2,
        "Total Revenue": NaN,
        "Gross Profit": NaN,
        "Operating Income": 0,
        "EBIT": 0,
        "Net Income": 0
    },
    "2017-12-31": {
        "Diluted EPS": 0.2,
        "Total Revenue": NaN,
        "Gross Profit": NaN,
        "Operating Income": 0,
        "EBIT": 0,
        "Net Income": 0
    },
    "2017-09-30": {
        "Diluted EPS": 0.2,
        "Total Revenue": NaN,
        "Gross Profit": NaN,
        "Operating Income": 0,
        "EBIT": 0,
        "Net Income": 0
    },
    "2017-06-30": {
        "Diluted EPS": 0.0,
        "Total Revenue": NaN,
        "Gross Profit": NaN,
        "Operating Income": 0,
        "EBIT": 0,
        "Net Income": 0
    },
    "2017-03-31": {
        "Diluted EPS": -0.2,
        "Total Revenue": NaN,
        "Gross Profit": NaN,
        "Operating Income": 0,
        "EBIT": 0,
        "Net Income": 0
    },
    "2016-12-31": {
        "Diluted EPS": 0.0,
        "Total Revenue": NaN,
        "Gross Profit": NaN,
        "Operating Income": NaN,
        "EBIT": NaN,
        "Net Income": NaN
    },
    "2023-06-30": {
        "Tax Effect Of Unusual Items": 0.0,
        "Tax Rate For Calcs": 0.0,
        "Normalized EBITDA": -3654430.0,
        "Total Unusual Items": 14417.0,
        "Total Unusual Items Excluding Goodwill": 14417.0,
        "Net Income From Continuing Operation Net Minority Interest": -3680169.0,
        "Reconciled Depreciation": 28550.0,
        "EBITDA": -3640013.0,
        "EBIT": -3668563.0,
        "Net Interest Income": -11606.0,
        "Interest Expense": 11606.0,
        "Interest Income": NaN,
        "Normalized Income": -3694586.0,
        "Net Income From Continuing And Discontinued Operation": -3680169.0,
        "Total Expenses": 3682980.0,
        "Total Operating Income As Reported": -3682980.0,
        "Diluted Average Shares": 275331.0,
        "Basic Average Shares": 275331.0,
        "Diluted EPS": -13.3,
        "Basic EPS": -13.3,
        "Diluted NI Availto Com Stockholders": -3680169.0,
        "Net Income Common Stockholders": -3680169.0,
        "Net Income": -3680169.0,
        "Net Income Including Noncontrolling Interests": -3680169.0,
        "Net Income Continuous Operations": -3680169.0,
        "Tax Provision": 0.0,
        "Pretax Income": -3680169.0,
        "Other Income Expense": 14417.0,
        "Other Non Operating Income Expenses": NaN,
        "Special Income Charges": NaN,
        "Write Off": NaN,
        "Impairment Of Capital Assets": NaN,
        "Gain On Sale Of Security": 14417.0,
        "Net Non Operating Interest Income Expense": -11606.0,
        "Interest Expense Non Operating": 11606.0,
        "Interest Income Non Operating": NaN,
        "Operating Income": -3682980.0,
        "Operating Expense": 3682980.0,
        "Research And Development": 920904.0,
        "Selling General And Administration": 2762076.0,
        "General And Administrative Expense": 2762076.0,
        "Other Gand A": 2762076.0,
        "Total Revenue": 0.0,
        "Operating Revenue": 0.0
    },
    "2023-09-30": {
        "Tax Effect Of Unusual Items": -1684921.843018,
        "Tax Rate For Calcs": 0.185954,
        "Normalized EBITDA": -3505494.0,
        "Total Unusual Items": -9060964.0,
        "Total Unusual Items Excluding Goodwill": -9060964.0,
        "Net Income From Continuing Operation Net Minority Interest": -10265760.0,
        "Reconciled Depreciation": 32693.0,
        "EBITDA": -12566458.0,
        "EBIT": -12599151.0,
        "Net Interest Income": -11634.0,
        "Interest Expense": 11634.0,
        "Interest Income": NaN,
        "Normalized Income": -2889717.843018,
        "Net Income From Continuing And Discontinued Operation": -10265760.0,
        "Total Expenses": 3538187.0,
        "Total Operating Income As Reported": -3538187.0,
        "Diluted Average Shares": 418523.0,
        "Basic Average Shares": 418523.0,
        "Diluted EPS": -24.51,
        "Basic EPS": -24.51,
        "Diluted NI Availto Com Stockholders": -10265760.0,
        "Net Income Common Stockholders": -10265760.0,
        "Net Income": -10265760.0,
        "Net Income Including Noncontrolling Interests": -10265760.0,
        "Net Income Continuous Operations": -10265760.0,
        "Tax Provision": -2345025.0,
        "Pretax Income": -12610785.0,
        "Other Income Expense": -9060964.0,
        "Other Non Operating Income Expenses": NaN,
        "Special Income Charges": -9063000.0,
        "Write Off": 9063000.0,
        "Impairment Of Capital Assets": 0.0,
        "Gain On Sale Of Security": 2036.0,
        "Net Non Operating Interest Income Expense": -11634.0,
        "Interest Expense Non Operating": 11634.0,
        "Interest Income Non Operating": NaN,
        "Operating Income": -3538187.0,
        "Operating Expense": 3538187.0,
        "Research And Development": 1104994.0,
        "Selling General And Administration": 2433193.0,
        "General And Administrative Expense": 2433193.0,
        "Other Gand A": 2433193.0,
        "Total Revenue": 0.0,
        "Operating Revenue": 0.0
    },
    "2023-12-31": {
        "Tax Effect Of Unusual Items": 19.769307,
        "Tax Rate For Calcs": 0.003564,
        "Normalized EBITDA": -1204349.0,
        "Total Unusual Items": 5547.0,
        "Total Unusual Items Excluding Goodwill": 5547.0,
        "Net Income From Continuing Operation Net Minority Interest": -1227105.0,
        "Reconciled Depreciation": 22660.0,
        "EBITDA": -1198802.0,
        "EBIT": -1221462.0,
        "Net Interest Income": -10032.0,
        "Interest Expense": 10032.0,
        "Interest Income": NaN,
        "Normalized Income": -1232632.230693,
        "Net Income From Continuing And Discontinued Operation": -1227105.0,
        "Total Expenses": 1452488.0,
        "Total Operating Income As Reported": -1452488.0,
        "Diluted Average Shares": NaN,
        "Basic Average Shares": NaN,
        "Diluted EPS": NaN,
        "Basic EPS": NaN,
        "Diluted NI Availto Com Stockholders": -1227105.0,
        "Net Income Common Stockholders": -1227105.0,
        "Net Income": -1227105.0,
        "Net Income Including Noncontrolling Interests": -1227105.0,
        "Net Income Continuous Operations": -1227105.0,
        "Tax Provision": -4389.0,
        "Pretax Income": -1231494.0,
        "Other Income Expense": 231026.0,
        "Other Non Operating Income Expenses": NaN,
        "Special Income Charges": 0.0,
        "Write Off": 0.0,
        "Impairment Of Capital Assets": 0.0,
        "Gain On Sale Of Security": 5547.0,
        "Net Non Operating Interest Income Expense": -10032.0,
        "Interest Expense Non Operating": 10032.0,
        "Interest Income Non Operating": NaN,
        "Operating Income": -1452488.0,
        "Operating Expense": 1452488.0,
        "Research And Development": -36362.0,
        "Selling General And Administration": 1488850.0,
        "General And Administrative Expense": 1488850.0,
        "Other Gand A": 1488850.0,
        "Total Revenue": 0.0,
        "Operating Revenue": 0.0
    },
    "2024-03-31": {
        "Tax Effect Of Unusual Items": 0.0,
        "Tax Rate For Calcs": 0.0,
        "Normalized EBITDA": -1029528.0,
        "Total Unusual Items": -191.0,
        "Total Unusual Items Excluding Goodwill": -191.0,
        "Net Income From Continuing Operation Net Minority Interest": -1069744.0,
        "Reconciled Depreciation": 23576.0,
        "EBITDA": -1029719.0,
        "EBIT": -1053295.0,
        "Net Interest Income": -16449.0,
        "Interest Expense": 16449.0,
        "Interest Income": NaN,
        "Normalized Income": -1069553.0,
        "Net Income From Continuing And Discontinued Operation": -1069744.0,
        "Total Expenses": 2092468.0,
        "Total Operating Income As Reported": -2092468.0,
        "Diluted Average Shares": 638339.0,
        "Basic Average Shares": 638339.0,
        "Diluted EPS": -1.68,
        "Basic EPS": -1.68,
        "Diluted NI Availto Com Stockholders": -1069744.0,
        "Net Income Common Stockholders": -1069744.0,
        "Net Income": -1069744.0,
        "Net Income Including Noncontrolling Interests": -1069744.0,
        "Net Income Continuous Operations": -1069744.0,
        "Tax Provision": 0.0,
        "Pretax Income": -1069744.0,
        "Other Income Expense": 1039173.0,
        "Other Non Operating Income Expenses": 1039364.0,
        "Special Income Charges": NaN,
        "Write Off": NaN,
        "Impairment Of Capital Assets": NaN,
        "Gain On Sale Of Security": -191.0,
        "Net Non Operating Interest Income Expense": -16449.0,
        "Interest Expense Non Operating": 16449.0,
        "Interest Income Non Operating": NaN,
        "Operating Income": -2092468.0,
        "Operating Expense": 2092468.0,
        "Research And Development": 535728.0,
        "Selling General And Administration": 1556740.0,
        "General And Administrative Expense": 1556740.0,
        "Other Gand A": 1556740.0,
        "Total Revenue": 0.0,
        "Operating Revenue": 0.0
    }
}