{
    "2023-03-31": {
        "Tax Effect Of Unusual Items": 0.0,
        "Tax Rate For Calcs": 0.21,
        "Normalized EBITDA": -72199000.0,
        "Total Unusual Items": NaN,
        "Total Unusual Items Excluding Goodwill": NaN,
        "Net Income From Continuing Operation Net Minority Interest": -74771000.0,
        "Reconciled Depreciation": 1214000.0,
        "Reconciled Cost Of Revenue": 216000.0,
        "EBITDA": -72199000.0,
        "EBIT": -73413000.0,
        "Net Interest Income": 466000.0,
        "Interest Expense": 1336000.0,
        "Interest Income": 1802000.0,
        "Normalized Income": -74771000.0,
        "Net Income From Continuing And Discontinued Operation": -74771000.0,
        "Total Expenses": 76244000.0,
        "Total Operating Income As Reported": -75018000.0,
        "Diluted Average Shares": 103969000.0,
        "Basic Average Shares": 103969000.0,
        "Diluted EPS": -0.72,
        "Basic EPS": -0.72,
        "Diluted NI Availto Com Stockholders": -74771000.0,
        "Net Income Common Stockholders": -74771000.0,
        "Net Income": -74771000.0,
        "Net Income Including Noncontrolling Interests": -74771000.0,
        "Net Income Continuous Operations": -74771000.0,
        "Tax Provision": 22000.0,
        "Pretax Income": -74749000.0,
        "Other Income Expense": -197000.0,
        "Other Non Operating Income Expenses": -197000.0,
        "Special Income Charges": NaN,
        "Gain On Sale Of Ppe": NaN,
        "Gain On Sale Of Business": NaN,
        "Net Non Operating Interest Income Expense": 466000.0,
        "Interest Expense Non Operating": 1336000.0,
        "Interest Income Non Operating": 1802000.0,
        "Operating Income": -75018000.0,
        "Operating Expense": 76028000.0,
        "Research And Development": 62156000.0,
        "Selling General And Administration": 13872000.0,
        "General And Administrative Expense": 13872000.0,
        "Other Gand A": 13872000.0,
        "Gross Profit": 1010000.0,
        "Cost Of Revenue": 216000.0,
        "Total Revenue": 1226000.0,
        "Operating Revenue": 1226000.0
    },
    "2022-12-31": {
        "Tax Effect Of Unusual Items": NaN,
        "Tax Rate For Calcs": NaN,
        "Normalized EBITDA": NaN,
        "Total Unusual Items": 0.0,
        "Total Unusual Items Excluding Goodwill": 0.0,
        "Net Income From Continuing Operation Net Minority Interest": NaN,
        "Reconciled Depreciation": NaN,
        "Reconciled Cost Of Revenue": NaN,
        "EBITDA": NaN,
        "EBIT": NaN,
        "Net Interest Income": NaN,
        "Interest Expense": NaN,
        "Interest Income": NaN,
        "Normalized Income": NaN,
        "Net Income From Continuing And Discontinued Operation": NaN,
        "Total Expenses": NaN,
        "Total Operating Income As Reported": NaN,
        "Diluted Average Shares": 103178000.0,
        "Basic Average Shares": 103178000.0,
        "Diluted EPS": -0.72,
        "Basic EPS": -0.72,
        "Diluted NI Availto Com Stockholders": NaN,
        "Net Income Common Stockholders": NaN,
        "Net Income": NaN,
        "Net Income Including Noncontrolling Interests": NaN,
        "Net Income Continuous Operations": NaN,
        "Tax Provision": NaN,
        "Pretax Income": NaN,
        "Other Income Expense": NaN,
        "Other Non Operating Income Expenses": NaN,
        "Special Income Charges": 0.0,
        "Gain On Sale Of Ppe": 0.0,
        "Gain On Sale Of Business": NaN,
        "Net Non Operating Interest Income Expense": NaN,
        "Interest Expense Non Operating": NaN,
        "Interest Income Non Operating": NaN,
        "Operating Income": NaN,
        "Operating Expense": NaN,
        "Research And Development": NaN,
        "Selling General And Administration": NaN,
        "General And Administrative Expense": NaN,
        "Other Gand A": NaN,
        "Gross Profit": NaN,
        "Cost Of Revenue": NaN,
        "Total Revenue": NaN,
        "Operating Revenue": NaN
    },
    "2022-09-30": {
        "Tax Effect Of Unusual Items": NaN,
        "Tax Rate For Calcs": NaN,
        "Normalized EBITDA": NaN,
        "Total Unusual Items": 0.0,
        "Total Unusual Items Excluding Goodwill": 0.0,
        "Net Income From Continuing Operation Net Minority Interest": NaN,
        "Reconciled Depreciation": NaN,
        "Reconciled Cost Of Revenue": NaN,
        "EBITDA": NaN,
        "EBIT": NaN,
        "Net Interest Income": NaN,
        "Interest Expense": NaN,
        "Interest Income": NaN,
        "Normalized Income": NaN,
        "Net Income From Continuing And Discontinued Operation": NaN,
        "Total Expenses": NaN,
        "Total Operating Income As Reported": NaN,
        "Diluted Average Shares": NaN,
        "Basic Average Shares": NaN,
        "Diluted EPS": NaN,
        "Basic EPS": NaN,
        "Diluted NI Availto Com Stockholders": NaN,
        "Net Income Common Stockholders": NaN,
        "Net Income": NaN,
        "Net Income Including Noncontrolling Interests": NaN,
        "Net Income Continuous Operations": NaN,
        "Tax Provision": NaN,
        "Pretax Income": NaN,
        "Other Income Expense": NaN,
        "Other Non Operating Income Expenses": NaN,
        "Special Income Charges": 0.0,
        "Gain On Sale Of Ppe": 0.0,
        "Gain On Sale Of Business": NaN,
        "Net Non Operating Interest Income Expense": NaN,
        "Total Other Finance Cost": -541000.0,
        "Interest Expense Non Operating": NaN,
        "Interest Income Non Operating": NaN,
        "Operating Income": NaN,
        "Operating Expense": NaN,
        "Research And Development": NaN,
        "Selling General And Administration": NaN,
        "General And Administrative Expense": NaN,
        "Other Gand A": NaN,
        "Gross Profit": NaN,
        "Cost Of Revenue": NaN,
        "Total Revenue": NaN,
        "Operating Revenue": NaN
    },
    "2022-06-30": {
        "Tax Effect Of Unusual Items": 0.0,
        "Tax Rate For Calcs": 0.0,
        "Normalized EBITDA": -80931000.0,
        "Total Unusual Items": 50237000.0,
        "Total Unusual Items Excluding Goodwill": 50237000.0,
        "Net Income From Continuing Operation Net Minority Interest": 18466000.0,
        "Reconciled Depreciation": 1438000.0,
        "Reconciled Cost Of Revenue": NaN,
        "EBITDA": -30694000.0,
        "EBIT": -32132000.0,
        "Net Interest Income": 361000.0,
        "Interest Expense": NaN,
        "Interest Income": NaN,
        "Normalized Income": -31771000.0,
        "Net Income From Continuing And Discontinued Operation": 18466000.0,
        "Total Expenses": 83711000.0,
        "Total Operating Income As Reported": -32132000.0,
        "Diluted Average Shares": 101866000.0,
        "Basic Average Shares": 101601000.0,
        "Diluted EPS": 0.18,
        "Basic EPS": 0.18,
        "Diluted NI Availto Com Stockholders": 18466000.0,
        "Net Income Common Stockholders": 18466000.0,
        "Net Income": 18466000.0,
        "Net Income Including Noncontrolling Interests": 18466000.0,
        "Net Income Continuous Operations": 18466000.0,
        "Tax Provision": 0.0,
        "Pretax Income": 18466000.0,
        "Other Income Expense": 50237000.0,
        "Other Non Operating Income Expenses": NaN,
        "Special Income Charges": 50237000.0,
        "Gain On Sale Of Ppe": 50237000.0,
        "Gain On Sale Of Business": NaN,
        "Net Non Operating Interest Income Expense": 361000.0,
        "Total Other Finance Cost": -361000.0,
        "Interest Expense Non Operating": NaN,
        "Interest Income Non Operating": NaN,
        "Operating Income": -32132000.0,
        "Operating Expense": 83711000.0,
        "Research And Development": 64898000.0,
        "Selling General And Administration": 18813000.0,
        "General And Administrative Expense": 18813000.0,
        "Other Gand A": 18813000.0,
        "Gross Profit": NaN,
        "Cost Of Revenue": NaN,
        "Total Revenue": 51579000.0,
        "Operating Revenue": 51579000.0
    },
    "2022-03-31": {
        "Diluted EPS": -0.87,
        "Total Revenue": 7,
        "Gross Profit": 7,
        "Operating Income": -88,
        "EBIT": -86,
        "Net Income": -88
    },
    "2021-12-31": {
        "Diluted EPS": -0.96,
        "Total Revenue": 8,
        "Gross Profit": 8,
        "Operating Income": -93,
        "EBIT": -90,
        "Net Income": -93
    },
    "2021-09-30": {
        "Diluted EPS": -0.9,
        "Total Revenue": 5,
        "Gross Profit": 5,
        "Operating Income": -85,
        "EBIT": -82,
        "Net Income": -85
    },
    "2021-06-30": {
        "Diluted EPS": -0.91,
        "Total Revenue": 4,
        "Gross Profit": 4,
        "Operating Income": -84,
        "EBIT": -81,
        "Net Income": -84
    },
    "2021-03-31": {
        "Diluted EPS": -0.86,
        "Total Revenue": 4,
        "Gross Profit": 4,
        "Operating Income": -78,
        "EBIT": -76,
        "Net Income": -78
    },
    "2020-12-31": {
        "Diluted EPS": -0.89,
        "Total Revenue": NaN,
        "Gross Profit": NaN,
        "Operating Income": -82,
        "EBIT": -79,
        "Net Income": -81
    },
    "2020-09-30": {
        "Diluted EPS": -0.92,
        "Total Revenue": NaN,
        "Gross Profit": NaN,
        "Operating Income": -75,
        "EBIT": -72,
        "Net Income": -74
    },
    "2020-06-30": {
        "Diluted EPS": -1.14,
        "Total Revenue": NaN,
        "Gross Profit": NaN,
        "Operating Income": -78,
        "EBIT": -76,
        "Net Income": -77
    },
    "2020-03-31": {
        "Diluted EPS": -1.2,
        "Total Revenue": NaN,
        "Gross Profit": NaN,
        "Operating Income": -75,
        "EBIT": -73,
        "Net Income": -74
    },
    "2019-12-31": {
        "Diluted EPS": -1.32,
        "Total Revenue": NaN,
        "Gross Profit": NaN,
        "Operating Income": -80,
        "EBIT": -78,
        "Net Income": -78
    },
    "2019-09-30": {
        "Diluted EPS": -1.31,
        "Total Revenue": NaN,
        "Gross Profit": NaN,
        "Operating Income": -73,
        "EBIT": -71,
        "Net Income": -72
    },
    "2019-06-30": {
        "Diluted EPS": -1.6,
        "Total Revenue": NaN,
        "Gross Profit": NaN,
        "Operating Income": -76,
        "EBIT": -74,
        "Net Income": -74
    },
    "2019-03-31": {
        "Diluted EPS": -1.44,
        "Total Revenue": NaN,
        "Gross Profit": NaN,
        "Operating Income": -68,
        "EBIT": -67,
        "Net Income": -66
    },
    "2018-12-31": {
        "Diluted EPS": -1.78,
        "Total Revenue": NaN,
        "Gross Profit": NaN,
        "Operating Income": -82,
        "EBIT": -81,
        "Net Income": -80
    },
    "2018-09-30": {
        "Diluted EPS": -1.29,
        "Total Revenue": NaN,
        "Gross Profit": NaN,
        "Operating Income": -60,
        "EBIT": -60,
        "Net Income": -58
    },
    "2018-06-30": {
        "Diluted EPS": -1.15,
        "Total Revenue": NaN,
        "Gross Profit": NaN,
        "Operating Income": -53,
        "EBIT": -52,
        "Net Income": -51
    },
    "2018-03-31": {
        "Diluted EPS": -1.05,
        "Total Revenue": NaN,
        "Gross Profit": NaN,
        "Operating Income": -42,
        "EBIT": -42,
        "Net Income": -41
    },
    "2017-12-31": {
        "Diluted EPS": -1.16,
        "Total Revenue": NaN,
        "Gross Profit": NaN,
        "Operating Income": -36,
        "EBIT": -35,
        "Net Income": -35
    },
    "2017-09-30": {
        "Diluted EPS": -1.02,
        "Total Revenue": NaN,
        "Gross Profit": NaN,
        "Operating Income": -32,
        "EBIT": -31,
        "Net Income": -31
    },
    "2017-06-30": {
        "Diluted EPS": -0.94,
        "Total Revenue": NaN,
        "Gross Profit": NaN,
        "Operating Income": -28,
        "EBIT": -28,
        "Net Income": -27
    },
    "2017-03-31": {
        "Diluted EPS": -0.88,
        "Total Revenue": NaN,
        "Gross Profit": NaN,
        "Operating Income": -26,
        "EBIT": -26,
        "Net Income": -26
    },
    "2016-12-31": {
        "Diluted EPS": -0.63,
        "Total Revenue": NaN,
        "Gross Profit": NaN,
        "Operating Income": -19,
        "EBIT": -19,
        "Net Income": -18
    },
    "2016-09-30": {
        "Diluted EPS": -0.88,
        "Total Revenue": NaN,
        "Gross Profit": NaN,
        "Operating Income": -26,
        "EBIT": -25,
        "Net Income": -25
    },
    "2016-06-30": {
        "Diluted EPS": -0.66,
        "Total Revenue": NaN,
        "Gross Profit": NaN,
        "Operating Income": -19,
        "EBIT": -18,
        "Net Income": -19
    },
    "2016-03-31": {
        "Diluted EPS": -0.58,
        "Total Revenue": NaN,
        "Gross Profit": NaN,
        "Operating Income": -17,
        "EBIT": -16,
        "Net Income": -17
    },
    "2015-12-31": {
        "Diluted EPS": -0.77,
        "Total Revenue": NaN,
        "Gross Profit": NaN,
        "Operating Income": -22,
        "EBIT": -20,
        "Net Income": -21
    },
    "2015-09-30": {
        "Diluted EPS": -0.43,
        "Total Revenue": NaN,
        "Gross Profit": NaN,
        "Operating Income": -12,
        "EBIT": -11,
        "Net Income": -12
    },
    "2015-06-30": {
        "Diluted EPS": -0.62,
        "Total Revenue": NaN,
        "Gross Profit": NaN,
        "Operating Income": -15,
        "EBIT": -15,
        "Net Income": -15
    },
    "2015-03-31": {
        "Diluted EPS": -0.42,
        "Total Revenue": NaN,
        "Gross Profit": NaN,
        "Operating Income": -9,
        "EBIT": -9,
        "Net Income": -9
    },
    "2014-12-31": {
        "Diluted EPS": 7.53,
        "Total Revenue": NaN,
        "Gross Profit": NaN,
        "Operating Income": -11,
        "EBIT": -10,
        "Net Income": -11
    },
    "2014-09-30": {
        "Diluted EPS": -4.2,
        "Total Revenue": NaN,
        "Gross Profit": NaN,
        "Operating Income": -6,
        "EBIT": -6,
        "Net Income": -6
    },
    "2014-06-30": {
        "Diluted EPS": -3.37,
        "Total Revenue": NaN,
        "Gross Profit": NaN,
        "Operating Income": -5,
        "EBIT": -4,
        "Net Income": -5
    },
    "2014-03-31": {
        "Diluted EPS": -5.58,
        "Total Revenue": NaN,
        "Gross Profit": NaN,
        "Operating Income": -7,
        "EBIT": -7,
        "Net Income": -7
    },
    "2013-12-31": {
        "Diluted EPS": 0.0,
        "Total Revenue": NaN,
        "Gross Profit": NaN,
        "Operating Income": -5,
        "EBIT": -5,
        "Net Income": -5
    },
    "2013-09-30": {
        "Diluted EPS": -2.59,
        "Total Revenue": NaN,
        "Gross Profit": NaN,
        "Operating Income": -3,
        "EBIT": -3,
        "Net Income": -3
    },
    "2013-06-30": {
        "Diluted EPS": 0.0,
        "Total Revenue": NaN,
        "Gross Profit": NaN,
        "Operating Income": NaN,
        "EBIT": 0,
        "Net Income": NaN
    },
    "2013-03-31": {
        "Diluted EPS": -1.2,
        "Total Revenue": NaN,
        "Gross Profit": NaN,
        "Operating Income": -1,
        "EBIT": -1,
        "Net Income": -1
    },
    "2012-12-31": {
        "Diluted EPS": 0.0,
        "Total Revenue": NaN,
        "Gross Profit": NaN,
        "Operating Income": NaN,
        "EBIT": NaN,
        "Net Income": NaN
    },
    "2023-06-30": {
        "Tax Effect Of Unusual Items": 0.0,
        "Tax Rate For Calcs": 0.21,
        "Normalized EBITDA": -68528000.0,
        "Total Unusual Items": 0.0,
        "Total Unusual Items Excluding Goodwill": 0.0,
        "Net Income From Continuing Operation Net Minority Interest": -71108000.0,
        "Reconciled Depreciation": 1201000.0,
        "Reconciled Cost Of Revenue": 2895000.0,
        "EBITDA": -68528000.0,
        "EBIT": -69729000.0,
        "Net Interest Income": 317000.0,
        "Interest Expense": 1378000.0,
        "Interest Income": 1695000.0,
        "Normalized Income": -71108000.0,
        "Net Income From Continuing And Discontinued Operation": -71108000.0,
        "Total Expenses": 72371000.0,
        "Total Operating Income As Reported": -71414000.0,
        "Diluted Average Shares": 105091000.0,
        "Basic Average Shares": 105091000.0,
        "Diluted EPS": -0.68,
        "Basic EPS": -0.68,
        "Diluted NI Availto Com Stockholders": -71108000.0,
        "Net Income Common Stockholders": -71108000.0,
        "Net Income": -71108000.0,
        "Net Income Including Noncontrolling Interests": -71108000.0,
        "Net Income Continuous Operations": -71108000.0,
        "Tax Provision": 1000.0,
        "Pretax Income": -71107000.0,
        "Other Income Expense": -10000.0,
        "Other Non Operating Income Expenses": -10000.0,
        "Special Income Charges": 0.0,
        "Gain On Sale Of Ppe": NaN,
        "Gain On Sale Of Business": 0.0,
        "Net Non Operating Interest Income Expense": 317000.0,
        "Interest Expense Non Operating": 1378000.0,
        "Interest Income Non Operating": 1695000.0,
        "Operating Income": -71414000.0,
        "Operating Expense": 69476000.0,
        "Research And Development": 56141000.0,
        "Selling General And Administration": 13335000.0,
        "General And Administrative Expense": 13335000.0,
        "Other Gand A": 13335000.0,
        "Gross Profit": -1938000.0,
        "Cost Of Revenue": 2895000.0,
        "Total Revenue": 957000.0,
        "Operating Revenue": 957000.0
    },
    "2023-09-30": {
        "Tax Effect Of Unusual Items": 0.0,
        "Tax Rate For Calcs": 0.000272,
        "Normalized EBITDA": -67212000.0,
        "Total Unusual Items": 0.0,
        "Total Unusual Items Excluding Goodwill": 0.0,
        "Net Income From Continuing Operation Net Minority Interest": -69797000.0,
        "Reconciled Depreciation": 1209000.0,
        "Reconciled Cost Of Revenue": 2615000.0,
        "EBITDA": -67212000.0,
        "EBIT": -68421000.0,
        "Net Interest Income": -177000.0,
        "Interest Expense": 1395000.0,
        "Interest Income": 1218000.0,
        "Normalized Income": -69797000.0,
        "Net Income From Continuing And Discontinued Operation": -69797000.0,
        "Total Expenses": 71750000.0,
        "Total Operating Income As Reported": -69612000.0,
        "Diluted Average Shares": 106401000.0,
        "Basic Average Shares": 106401000.0,
        "Diluted EPS": -0.66,
        "Basic EPS": -0.66,
        "Diluted NI Availto Com Stockholders": -69797000.0,
        "Net Income Common Stockholders": -69797000.0,
        "Net Income": -69797000.0,
        "Net Income Including Noncontrolling Interests": -69797000.0,
        "Net Income Continuous Operations": -69797000.0,
        "Tax Provision": -19000.0,
        "Pretax Income": -69816000.0,
        "Other Income Expense": -27000.0,
        "Other Non Operating Income Expenses": -27000.0,
        "Special Income Charges": 0.0,
        "Gain On Sale Of Ppe": 0.0,
        "Gain On Sale Of Business": NaN,
        "Net Non Operating Interest Income Expense": -177000.0,
        "Interest Expense Non Operating": 1395000.0,
        "Interest Income Non Operating": 1218000.0,
        "Operating Income": -69612000.0,
        "Operating Expense": 69135000.0,
        "Research And Development": 56888000.0,
        "Selling General And Administration": 12247000.0,
        "General And Administrative Expense": 12247000.0,
        "Other Gand A": 12247000.0,
        "Gross Profit": -477000.0,
        "Cost Of Revenue": 2615000.0,
        "Total Revenue": 2138000.0,
        "Operating Revenue": 2138000.0
    },
    "2023-12-31": {
        "Tax Effect Of Unusual Items": 0.0,
        "Tax Rate For Calcs": 0.21,
        "Normalized EBITDA": -58058000.0,
        "Total Unusual Items": 0.0,
        "Total Unusual Items Excluding Goodwill": 0.0,
        "Net Income From Continuing Operation Net Minority Interest": -60450000.0,
        "Reconciled Depreciation": 1205000.0,
        "Reconciled Cost Of Revenue": 3160000.0,
        "EBITDA": -58058000.0,
        "EBIT": -59263000.0,
        "Net Interest Income": -465000.0,
        "Interest Expense": 1176000.0,
        "Interest Income": 711000.0,
        "Normalized Income": -60450000.0,
        "Net Income From Continuing And Discontinued Operation": -60450000.0,
        "Total Expenses": 64214000.0,
        "Total Operating Income As Reported": -59962000.0,
        "Diluted Average Shares": NaN,
        "Basic Average Shares": NaN,
        "Diluted EPS": NaN,
        "Basic EPS": NaN,
        "Diluted NI Availto Com Stockholders": -60450000.0,
        "Net Income Common Stockholders": -60450000.0,
        "Net Income": -60450000.0,
        "Net Income Including Noncontrolling Interests": -60450000.0,
        "Net Income Continuous Operations": -60450000.0,
        "Tax Provision": 11000.0,
        "Pretax Income": -60439000.0,
        "Other Income Expense": -12000.0,
        "Other Non Operating Income Expenses": -12000.0,
        "Special Income Charges": 0.0,
        "Gain On Sale Of Ppe": 0.0,
        "Gain On Sale Of Business": NaN,
        "Net Non Operating Interest Income Expense": -465000.0,
        "Interest Expense Non Operating": 1176000.0,
        "Interest Income Non Operating": 711000.0,
        "Operating Income": -59962000.0,
        "Operating Expense": 61054000.0,
        "Research And Development": 49600000.0,
        "Selling General And Administration": 11454000.0,
        "General And Administrative Expense": 11454000.0,
        "Other Gand A": 11454000.0,
        "Gross Profit": 1092000.0,
        "Cost Of Revenue": 3160000.0,
        "Total Revenue": 4252000.0,
        "Operating Revenue": 4252000.0
    },
    "2024-03-31": {
        "Tax Effect Of Unusual Items": 0.0,
        "Tax Rate For Calcs": 0.4,
        "Normalized EBITDA": -29184000.0,
        "Total Unusual Items": NaN,
        "Total Unusual Items Excluding Goodwill": NaN,
        "Net Income From Continuing Operation Net Minority Interest": -31752000.0,
        "Reconciled Depreciation": 1391000.0,
        "Reconciled Cost Of Revenue": 1985000.0,
        "EBITDA": -29184000.0,
        "EBIT": -30575000.0,
        "Net Interest Income": -549000.0,
        "Interest Expense": 1153000.0,
        "Interest Income": 604000.0,
        "Normalized Income": -31752000.0,
        "Net Income From Continuing And Discontinued Operation": -31752000.0,
        "Total Expenses": 58604000.0,
        "Total Operating Income As Reported": -31247000.0,
        "Diluted Average Shares": 140587000.0,
        "Basic Average Shares": 140587000.0,
        "Diluted EPS": -0.23,
        "Basic EPS": -0.23,
        "Diluted NI Availto Com Stockholders": -31752000.0,
        "Net Income Common Stockholders": -31752000.0,
        "Net Income": -31752000.0,
        "Net Income Including Noncontrolling Interests": -31752000.0,
        "Net Income Continuous Operations": -31752000.0,
        "Tax Provision": 24000.0,
        "Pretax Income": -31728000.0,
        "Other Income Expense": 68000.0,
        "Other Non Operating Income Expenses": 68000.0,
        "Special Income Charges": NaN,
        "Gain On Sale Of Ppe": NaN,
        "Gain On Sale Of Business": NaN,
        "Net Non Operating Interest Income Expense": -549000.0,
        "Interest Expense Non Operating": 1153000.0,
        "Interest Income Non Operating": 604000.0,
        "Operating Income": -31247000.0,
        "Operating Expense": 56619000.0,
        "Research And Development": 45506000.0,
        "Selling General And Administration": 11113000.0,
        "General And Administrative Expense": 11113000.0,
        "Other Gand A": 11113000.0,
        "Gross Profit": 25372000.0,
        "Cost Of Revenue": 1985000.0,
        "Total Revenue": 27357000.0,
        "Operating Revenue": 27357000.0
    }
}