{
    "2023-06-30": {
        "Tax Effect Of Unusual Items": -5109116.022099,
        "Tax Rate For Calcs": 0.189227,
        "Normalized EBITDA": 610000000.0,
        "Total Unusual Items": -27000000.0,
        "Total Unusual Items Excluding Goodwill": -27000000.0,
        "Net Income From Continuing Operation Net Minority Interest": 587000000.0,
        "Reconciled Depreciation": 127000000.0,
        "Reconciled Cost Of Revenue": 656000000.0,
        "EBITDA": 583000000.0,
        "EBIT": 583000000.0,
        "Net Interest Income": 120000000.0,
        "Interest Expense": 27000000.0,
        "Interest Income": 147000000.0,
        "Normalized Income": 608890883.977901,
        "Net Income From Continuing And Discontinued Operation": 587000000.0,
        "Total Expenses": 1624000000.0,
        "Total Operating Income As Reported": 583000000.0,
        "Diluted Average Shares": 794000000.0,
        "Basic Average Shares": 786000000.0,
        "Diluted EPS": 0.74,
        "Basic EPS": 0.75,
        "Diluted NI Availto Com Stockholders": 587000000.0,
        "Net Income Common Stockholders": 587000000.0,
        "Net Income": 587000000.0,
        "Net Income Including Noncontrolling Interests": 587000000.0,
        "Net Income Continuous Operations": 587000000.0,
        "Tax Provision": 137000000.0,
        "Pretax Income": 724000000.0,
        "Other Income Expense": 141000000.0,
        "Other Non Operating Income Expenses": 168000000.0,
        "Special Income Charges": -27000000.0,
        "Other Special Charges": 27000000.0,
        "Restructuring And Mergern Acquisition": NaN,
        "Earnings From Equity Interest": NaN,
        "Gain On Sale Of Security": 15000000.0,
        "Net Non Operating Interest Income Expense": 120000000.0,
        "Total Other Finance Cost": NaN,
        "Interest Expense Non Operating": 27000000.0,
        "Interest Income Non Operating": 147000000.0,
        "Operating Income": 583000000.0,
        "Operating Expense": 968000000.0,
        "Research And Development": 405000000.0,
        "Selling General And Administration": 563000000.0,
        "Selling And Marketing Expense": 333000000.0,
        "General And Administrative Expense": 230000000.0,
        "Other Gand A": 230000000.0,
        "Gross Profit": 1551000000.0,
        "Cost Of Revenue": 656000000.0,
        "Total Revenue": 2207000000.0,
        "Operating Revenue": 2207000000.0
    },
    "2023-03-31": {
        "Tax Effect Of Unusual Items": -4675977.653631,
        "Tax Rate For Calcs": 0.173184,
        "Normalized EBITDA": 827000000.0,
        "Total Unusual Items": -27000000.0,
        "Total Unusual Items Excluding Goodwill": -27000000.0,
        "Net Income From Continuing Operation Net Minority Interest": 740000000.0,
        "Reconciled Depreciation": 123000000.0,
        "Reconciled Cost Of Revenue": 665000000.0,
        "EBITDA": 800000000.0,
        "EBIT": 800000000.0,
        "Net Interest Income": 126000000.0,
        "Interest Expense": NaN,
        "Interest Income": 126000000.0,
        "Normalized Income": 762324022.346369,
        "Net Income From Continuing And Discontinued Operation": 740000000.0,
        "Total Expenses": 1583000000.0,
        "Total Operating Income As Reported": 800000000.0,
        "Diluted Average Shares": 792000000.0,
        "Basic Average Shares": 785000000.0,
        "Diluted EPS": 0.93,
        "Basic EPS": 0.94,
        "Diluted NI Availto Com Stockholders": 740000000.0,
        "Net Income Common Stockholders": 740000000.0,
        "Net Income": 740000000.0,
        "Net Income Including Noncontrolling Interests": 740000000.0,
        "Net Income Continuous Operations": 740000000.0,
        "Tax Provision": 155000000.0,
        "Pretax Income": 895000000.0,
        "Other Income Expense": 95000000.0,
        "Other Non Operating Income Expenses": 122000000.0,
        "Special Income Charges": -27000000.0,
        "Other Special Charges": 27000000.0,
        "Restructuring And Mergern Acquisition": NaN,
        "Earnings From Equity Interest": NaN,
        "Gain On Sale Of Security": -2000000.0,
        "Net Non Operating Interest Income Expense": 126000000.0,
        "Total Other Finance Cost": NaN,
        "Interest Expense Non Operating": NaN,
        "Interest Income Non Operating": 126000000.0,
        "Operating Income": 800000000.0,
        "Operating Expense": 918000000.0,
        "Research And Development": 402000000.0,
        "Selling General And Administration": 516000000.0,
        "Selling And Marketing Expense": 278000000.0,
        "General And Administrative Expense": 238000000.0,
        "Other Gand A": 238000000.0,
        "Gross Profit": 1718000000.0,
        "Cost Of Revenue": 665000000.0,
        "Total Revenue": 2383000000.0,
        "Operating Revenue": 2383000000.0
    },
    "2022-12-31": {
        "Tax Effect Of Unusual Items": 0.0,
        "Tax Rate For Calcs": 0.120087,
        "Normalized EBITDA": 485000000.0,
        "Total Unusual Items": 0.0,
        "Total Unusual Items Excluding Goodwill": 0.0,
        "Net Income From Continuing Operation Net Minority Interest": 403000000.0,
        "Reconciled Depreciation": 100000000.0,
        "Reconciled Cost Of Revenue": 756000000.0,
        "EBITDA": 485000000.0,
        "EBIT": 485000000.0,
        "Net Interest Income": -27000000.0,
        "Interest Expense": 27000000.0,
        "Interest Income": NaN,
        "Normalized Income": 403000000.0,
        "Net Income From Continuing And Discontinued Operation": 403000000.0,
        "Total Expenses": 1966000000.0,
        "Total Operating Income As Reported": 368000000.0,
        "Diluted Average Shares": 792000000.0,
        "Basic Average Shares": 785000000.0,
        "Diluted EPS": 0.51,
        "Basic EPS": 0.52,
        "Diluted NI Availto Com Stockholders": 403000000.0,
        "Net Income Common Stockholders": 403000000.0,
        "Net Income": 403000000.0,
        "Net Income Including Noncontrolling Interests": 403000000.0,
        "Net Income Continuous Operations": 403000000.0,
        "Tax Provision": 55000000.0,
        "Pretax Income": 458000000.0,
        "Other Income Expense": 117000000.0,
        "Other Non Operating Income Expenses": 117000000.0,
        "Special Income Charges": 0.0,
        "Other Special Charges": NaN,
        "Restructuring And Mergern Acquisition": 0.0,
        "Earnings From Equity Interest": NaN,
        "Gain On Sale Of Security": NaN,
        "Net Non Operating Interest Income Expense": -27000000.0,
        "Total Other Finance Cost": 27000000.0,
        "Interest Expense Non Operating": 27000000.0,
        "Interest Income Non Operating": NaN,
        "Operating Income": 368000000.0,
        "Operating Expense": 1210000000.0,
        "Research And Development": 486000000.0,
        "Selling General And Administration": 724000000.0,
        "Selling And Marketing Expense": 415000000.0,
        "General And Administrative Expense": 309000000.0,
        "Other Gand A": 309000000.0,
        "Gross Profit": 1578000000.0,
        "Cost Of Revenue": 756000000.0,
        "Total Revenue": 2334000000.0,
        "Operating Revenue": 2334000000.0
    },
    "2022-09-30": {
        "Tax Effect Of Unusual Items": -260000.0,
        "Tax Rate For Calcs": 0.13,
        "Normalized EBITDA": 566000000.0,
        "Total Unusual Items": -2000000.0,
        "Total Unusual Items Excluding Goodwill": -2000000.0,
        "Net Income From Continuing Operation Net Minority Interest": 435000000.0,
        "Reconciled Depreciation": 37000000.0,
        "Reconciled Cost Of Revenue": 502000000.0,
        "EBITDA": 564000000.0,
        "EBIT": 527000000.0,
        "Net Interest Income": 24000000.0,
        "Interest Expense": 27000000.0,
        "Interest Income": 51000000.0,
        "Normalized Income": 436740000.0,
        "Net Income From Continuing And Discontinued Operation": 435000000.0,
        "Total Expenses": 1295000000.0,
        "Total Operating Income As Reported": 485000000.0,
        "Diluted Average Shares": 789000000.0,
        "Basic Average Shares": 782000000.0,
        "Diluted EPS": 0.55,
        "Basic EPS": 0.56,
        "Diluted NI Availto Com Stockholders": 435000000.0,
        "Net Income Common Stockholders": 435000000.0,
        "Net Income": 435000000.0,
        "Net Income Including Noncontrolling Interests": 435000000.0,
        "Net Income Continuous Operations": 435000000.0,
        "Tax Provision": 65000000.0,
        "Pretax Income": 500000000.0,
        "Other Income Expense": -11000000.0,
        "Other Non Operating Income Expenses": 1000000.0,
        "Special Income Charges": -2000000.0,
        "Other Special Charges": NaN,
        "Restructuring And Mergern Acquisition": 2000000.0,
        "Earnings From Equity Interest": -10000000.0,
        "Gain On Sale Of Security": NaN,
        "Net Non Operating Interest Income Expense": 24000000.0,
        "Total Other Finance Cost": NaN,
        "Interest Expense Non Operating": 27000000.0,
        "Interest Income Non Operating": 51000000.0,
        "Operating Income": 487000000.0,
        "Operating Expense": 793000000.0,
        "Research And Development": 277000000.0,
        "Selling General And Administration": 516000000.0,
        "Selling And Marketing Expense": 287000000.0,
        "General And Administrative Expense": 229000000.0,
        "Other Gand A": 229000000.0,
        "Gross Profit": 1280000000.0,
        "Cost Of Revenue": 502000000.0,
        "Total Revenue": 1782000000.0,
        "Operating Revenue": 1782000000.0
    },
    "2022-06-30": {
        "Tax Effect Of Unusual Items": 390000.0,
        "Tax Rate For Calcs": 0.13,
        "Normalized EBITDA": 428000000.0,
        "Total Unusual Items": 3000000.0,
        "Total Unusual Items Excluding Goodwill": 3000000.0,
        "Net Income From Continuing Operation Net Minority Interest": 280000000.0,
        "Reconciled Depreciation": 83000000.0,
        "Reconciled Cost Of Revenue": 485000000.0,
        "EBITDA": 431000000.0,
        "EBIT": 348000000.0,
        "Net Interest Income": -10000000.0,
        "Interest Expense": 27000000.0,
        "Interest Income": 17000000.0,
        "Normalized Income": 277390000.0,
        "Net Income From Continuing And Discontinued Operation": 280000000.0,
        "Total Expenses": 1309000000.0,
        "Total Operating Income As Reported": 338000000.0,
        "Diluted Average Shares": 788000000.0,
        "Basic Average Shares": 782000000.0,
        "Diluted EPS": 0.36,
        "Basic EPS": 0.36,
        "Diluted NI Availto Com Stockholders": 280000000.0,
        "Net Income Common Stockholders": 280000000.0,
        "Net Income": 280000000.0,
        "Net Income Including Noncontrolling Interests": 280000000.0,
        "Net Income Continuous Operations": 280000000.0,
        "Tax Provision": 41000000.0,
        "Pretax Income": 321000000.0,
        "Other Income Expense": -4000000.0,
        "Other Non Operating Income Expenses": NaN,
        "Special Income Charges": 3000000.0,
        "Other Special Charges": NaN,
        "Restructuring And Mergern Acquisition": -3000000.0,
        "Earnings From Equity Interest": -7000000.0,
        "Gain On Sale Of Security": NaN,
        "Net Non Operating Interest Income Expense": -10000000.0,
        "Total Other Finance Cost": NaN,
        "Interest Expense Non Operating": 27000000.0,
        "Interest Income Non Operating": 17000000.0,
        "Operating Income": 335000000.0,
        "Operating Expense": 824000000.0,
        "Research And Development": 311000000.0,
        "Selling General And Administration": 513000000.0,
        "Selling And Marketing Expense": 263000000.0,
        "General And Administrative Expense": 250000000.0,
        "Other Gand A": 250000000.0,
        "Gross Profit": 1159000000.0,
        "Cost Of Revenue": 485000000.0,
        "Total Revenue": 1644000000.0,
        "Operating Revenue": 1644000000.0
    },
    "2022-03-31": {
        "Diluted EPS": 0.5,
        "Total Revenue": NaN,
        "Gross Profit": NaN,
        "Operating Income": 479,
        "EBIT": 578,
        "Net Income": 395
    },
    "2021-12-31": {
        "Diluted EPS": 0.71,
        "Total Revenue": NaN,
        "Gross Profit": NaN,
        "Operating Income": 681,
        "EBIT": 777,
        "Net Income": 565
    },
    "2021-09-30": {
        "Diluted EPS": 0.82,
        "Total Revenue": NaN,
        "Gross Profit": NaN,
        "Operating Income": 824,
        "EBIT": 920,
        "Net Income": 639
    },
    "2021-06-30": {
        "Diluted EPS": 1.12,
        "Total Revenue": NaN,
        "Gross Profit": NaN,
        "Operating Income": 959,
        "EBIT": NaN,
        "Net Income": 876
    },
    "2021-03-31": {
        "Diluted EPS": 0.79,
        "Total Revenue": NaN,
        "Gross Profit": NaN,
        "Operating Income": 795,
        "EBIT": 934,
        "Net Income": 619
    },
    "2020-12-31": {
        "Diluted EPS": 0.64,
        "Total Revenue": NaN,
        "Gross Profit": NaN,
        "Operating Income": 595,
        "EBIT": 748,
        "Net Income": 508
    },
    "2020-09-30": {
        "Diluted EPS": 0.78,
        "Total Revenue": NaN,
        "Gross Profit": NaN,
        "Operating Income": 778,
        "EBIT": 860,
        "Net Income": 604
    },
    "2020-06-30": {
        "Diluted EPS": 0.75,
        "Total Revenue": NaN,
        "Gross Profit": NaN,
        "Operating Income": 749,
        "EBIT": 821,
        "Net Income": 580
    },
    "2020-03-31": {
        "Diluted EPS": 0.65,
        "Total Revenue": NaN,
        "Gross Profit": NaN,
        "Operating Income": 612,
        "EBIT": 751,
        "Net Income": 505
    },
    "2019-12-31": {
        "Diluted EPS": 0.68,
        "Total Revenue": NaN,
        "Gross Profit": NaN,
        "Operating Income": 454,
        "EBIT": 598,
        "Net Income": 524
    },
    "2019-09-30": {
        "Diluted EPS": 0.26,
        "Total Revenue": NaN,
        "Gross Profit": 840,
        "Operating Income": 247,
        "EBIT": 337,
        "Net Income": 204
    },
    "2019-06-30": {
        "Diluted EPS": 0.43,
        "Total Revenue": NaN,
        "Gross Profit": 963,
        "Operating Income": 336,
        "EBIT": 464,
        "Net Income": 328
    },
    "2019-03-31": {
        "Diluted EPS": 0.58,
        "Total Revenue": NaN,
        "Gross Profit": NaN,
        "Operating Income": 570,
        "EBIT": 761,
        "Net Income": 447
    },
    "2018-12-31": {
        "Diluted EPS": 0.89,
        "Total Revenue": NaN,
        "Gross Profit": NaN,
        "Operating Income": 694,
        "EBIT": NaN,
        "Net Income": 686
    },
    "2018-09-30": {
        "Diluted EPS": 0.34,
        "Total Revenue": NaN,
        "Gross Profit": 999,
        "Operating Income": 265,
        "EBIT": 415,
        "Net Income": 260
    },
    "2018-06-30": {
        "Diluted EPS": 0.52,
        "Total Revenue": NaN,
        "Gross Profit": NaN,
        "Operating Income": 434,
        "EBIT": 602,
        "Net Income": 402
    },
    "2018-03-31": {
        "Diluted EPS": 0.65,
        "Total Revenue": NaN,
        "Gross Profit": NaN,
        "Operating Income": 595,
        "EBIT": 900,
        "Net Income": 500
    },
    "2017-12-31": {
        "Diluted EPS": -0.77,
        "Total Revenue": NaN,
        "Gross Profit": NaN,
        "Operating Income": 220,
        "EBIT": 537,
        "Net Income": -584
    },
    "2017-09-30": {
        "Diluted EPS": 0.25,
        "Total Revenue": NaN,
        "Gross Profit": NaN,
        "Operating Income": 257,
        "EBIT": 501,
        "Net Income": 188
    },
    "2017-06-30": {
        "Diluted EPS": 0.32,
        "Total Revenue": NaN,
        "Gross Profit": NaN,
        "Operating Income": 339,
        "EBIT": 664,
        "Net Income": 243
    },
    "2017-03-31": {
        "Diluted EPS": 0.56,
        "Total Revenue": NaN,
        "Gross Profit": NaN,
        "Operating Income": 493,
        "EBIT": 806,
        "Net Income": 426
    },
    "2016-12-31": {
        "Diluted EPS": 0.34,
        "Total Revenue": NaN,
        "Gross Profit": NaN,
        "Operating Income": 425,
        "EBIT": 738,
        "Net Income": 249
    },
    "2016-09-30": {
        "Diluted EPS": 0.26,
        "Total Revenue": NaN,
        "Gross Profit": NaN,
        "Operating Income": 294,
        "EBIT": 599,
        "Net Income": 199
    },
    "2016-06-30": {
        "Diluted EPS": 0.2,
        "Total Revenue": NaN,
        "Gross Profit": 972,
        "Operating Income": 232,
        "EBIT": 550,
        "Net Income": 151
    },
    "2016-03-31": {
        "Diluted EPS": 0.48,
        "Total Revenue": NaN,
        "Gross Profit": 964,
        "Operating Income": 461,
        "EBIT": 696,
        "Net Income": 363
    },
    "2015-12-31": {
        "Diluted EPS": 0.2,
        "Total Revenue": NaN,
        "Gross Profit": 814,
        "Operating Income": 249,
        "EBIT": 377,
        "Net Income": 150
    },
    "2015-09-30": {
        "Diluted EPS": 0.17,
        "Total Revenue": 990,
        "Gross Profit": 653,
        "Operating Income": 196,
        "EBIT": 300,
        "Net Income": 125
    },
    "2015-06-30": {
        "Diluted EPS": 0.29,
        "Total Revenue": NaN,
        "Gross Profit": 747,
        "Operating Income": 332,
        "EBIT": 437,
        "Net Income": 212
    },
    "2015-03-31": {
        "Diluted EPS": 0.53,
        "Total Revenue": NaN,
        "Gross Profit": 865,
        "Operating Income": 542,
        "EBIT": 706,
        "Net Income": 394
    },
    "2014-12-31": {
        "Diluted EPS": 0.48,
        "Total Revenue": NaN,
        "Gross Profit": 944,
        "Operating Income": 438,
        "EBIT": 594,
        "Net Income": 347
    },
    "2014-09-30": {
        "Diluted EPS": -0.03,
        "Total Revenue": 753,
        "Gross Profit": 500,
        "Operating Income": 8,
        "EBIT": 67,
        "Net Income": -23
    },
    "2014-06-30": {
        "Diluted EPS": 0.28,
        "Total Revenue": 970,
        "Gross Profit": 670,
        "Operating Income": 310,
        "EBIT": 376,
        "Net Income": 200
    },
    "2014-03-31": {
        "Diluted EPS": 0.4,
        "Total Revenue": NaN,
        "Gross Profit": 769,
        "Operating Income": 427,
        "EBIT": 499,
        "Net Income": 293
    },
    "2013-12-31": {
        "Diluted EPS": 0.22,
        "Total Revenue": NaN,
        "Gross Profit": 863,
        "Operating Income": 285,
        "EBIT": 317,
        "Net Income": 157
    },
    "2013-09-30": {
        "Diluted EPS": 0.05,
        "Total Revenue": 691,
        "Gross Profit": 516,
        "Operating Income": 70,
        "EBIT": 181,
        "Net Income": 56
    },
    "2013-06-30": {
        "Diluted EPS": 0.28,
        "Total Revenue": NaN,
        "Gross Profit": 765,
        "Operating Income": 430,
        "EBIT": 496,
        "Net Income": 318
    },
    "2013-03-31": {
        "Diluted EPS": 0.4,
        "Total Revenue": NaN,
        "Gross Profit": 908,
        "Operating Income": 587,
        "EBIT": 694,
        "Net Income": 456
    },
    "2012-12-31": {
        "Diluted EPS": 0.32,
        "Total Revenue": NaN,
        "Gross Profit": NaN,
        "Operating Income": 484,
        "EBIT": 620,
        "Net Income": 346
    },
    "2012-09-30": {
        "Diluted EPS": 0.2,
        "Total Revenue": 841,
        "Gross Profit": 604,
        "Operating Income": 227,
        "EBIT": 272,
        "Net Income": 221
    },
    "2012-06-30": {
        "Diluted EPS": 0.16,
        "Total Revenue": NaN,
        "Gross Profit": 698,
        "Operating Income": 227,
        "EBIT": 321,
        "Net Income": 181
    },
    "2012-03-31": {
        "Diluted EPS": 0.33,
        "Total Revenue": NaN,
        "Gross Profit": 808,
        "Operating Income": 513,
        "EBIT": 566,
        "Net Income": 377
    },
    "2011-12-31": {
        "Diluted EPS": 0.08,
        "Total Revenue": NaN,
        "Gross Profit": 666,
        "Operating Income": 25,
        "EBIT": 232,
        "Net Income": 97
    },
    "2011-09-30": {
        "Diluted EPS": 0.13,
        "Total Revenue": 754,
        "Gross Profit": 517,
        "Operating Income": 162,
        "EBIT": 214,
        "Net Income": 146
    },
    "2011-06-30": {
        "Diluted EPS": 0.29,
        "Total Revenue": NaN,
        "Gross Profit": 803,
        "Operating Income": 467,
        "EBIT": 548,
        "Net Income": 330
    },
    "2011-03-31": {
        "Diluted EPS": 0.42,
        "Total Revenue": NaN,
        "Gross Profit": 997,
        "Operating Income": 674,
        "EBIT": 769,
        "Net Income": 496
    },
    "2010-12-31": {
        "Diluted EPS": -0.18,
        "Total Revenue": NaN,
        "Gross Profit": 542,
        "Operating Income": -397,
        "EBIT": -159,
        "Net Income": -237
    },
    "2010-09-30": {
        "Diluted EPS": 0.04,
        "Total Revenue": 745,
        "Gross Profit": 396,
        "Operating Income": 55,
        "EBIT": 133,
        "Net Income": 51
    },
    "2010-06-30": {
        "Diluted EPS": 0.17,
        "Total Revenue": 967,
        "Gross Profit": 599,
        "Operating Income": 300,
        "EBIT": 380,
        "Net Income": 219
    },
    "2010-03-31": {
        "Diluted EPS": 0.3,
        "Total Revenue": NaN,
        "Gross Profit": 775,
        "Operating Income": 511,
        "EBIT": 632,
        "Net Income": 381
    },
    "2009-12-31": {
        "Diluted EPS": -0.21,
        "Total Revenue": NaN,
        "Gross Profit": 545,
        "Operating Income": -432,
        "EBIT": -183,
        "Net Income": -287
    },
    "2009-09-30": {
        "Diluted EPS": 0.01,
        "Total Revenue": 703,
        "Gross Profit": 364,
        "Operating Income": 9,
        "EBIT": 105,
        "Net Income": 15
    },
    "2009-06-30": {
        "Diluted EPS": 0.15,
        "Total Revenue": NaN,
        "Gross Profit": 566,
        "Operating Income": 218,
        "EBIT": 364,
        "Net Income": 195
    },
    "2009-03-31": {
        "Diluted EPS": 0.14,
        "Total Revenue": 981,
        "Gross Profit": 497,
        "Operating Income": 179,
        "EBIT": 316,
        "Net Income": 189
    }
}