{
    "2023-03-31": {
        "Tax Effect Of Unusual Items": 0.0,
        "Tax Rate For Calcs": 0.4,
        "Normalized EBITDA": -29584000.0,
        "Net Income From Continuing Operation Net Minority Interest": -26206000.0,
        "Reconciled Depreciation": 717000.0,
        "Reconciled Cost Of Revenue": 421000.0,
        "EBITDA": -29584000.0,
        "EBIT": -29584000.0,
        "Net Interest Income": 3814000.0,
        "Interest Expense": NaN,
        "Interest Income": 3814000.0,
        "Normalized Income": -26206000.0,
        "Net Income From Continuing And Discontinued Operation": -26206000.0,
        "Total Expenses": 63993000.0,
        "Total Operating Income As Reported": -29584000.0,
        "Diluted Average Shares": 142641000.0,
        "Basic Average Shares": 142641000.0,
        "Diluted EPS": -0.18,
        "Basic EPS": -0.18,
        "Diluted NI Availto Com Stockholders": -26206000.0,
        "Net Income Common Stockholders": -26206000.0,
        "Net Income": -26206000.0,
        "Net Income Including Noncontrolling Interests": -26206000.0,
        "Net Income Continuous Operations": -26206000.0,
        "Tax Provision": 436000.0,
        "Pretax Income": -25770000.0,
        "Net Non Operating Interest Income Expense": 3814000.0,
        "Interest Expense Non Operating": NaN,
        "Interest Income Non Operating": 3814000.0,
        "Operating Income": -29584000.0,
        "Operating Expense": 63572000.0,
        "Other Operating Expenses": 290000.0,
        "Research And Development": 13158000.0,
        "Selling General And Administration": 50124000.0,
        "General And Administrative Expense": 50124000.0,
        "Other Gand A": 50124000.0,
        "Salaries And Wages": 29887000.0,
        "Gross Profit": 33988000.0,
        "Cost Of Revenue": 421000.0,
        "Total Revenue": 34409000.0,
        "Operating Revenue": 34409000.0
    },
    "2022-12-31": {
        "Tax Effect Of Unusual Items": 0.0,
        "Tax Rate For Calcs": 0.2621,
        "Normalized EBITDA": -28100000.0,
        "Net Income From Continuing Operation Net Minority Interest": -26046000.0,
        "Reconciled Depreciation": 219000.0,
        "Reconciled Cost Of Revenue": 1362000.0,
        "EBITDA": -28100000.0,
        "EBIT": -28100000.0,
        "Net Interest Income": 2909000.0,
        "Interest Expense": NaN,
        "Interest Income": 2909000.0,
        "Normalized Income": -26046000.0,
        "Net Income From Continuing And Discontinued Operation": -26046000.0,
        "Total Expenses": 56535000.0,
        "Total Operating Income As Reported": -28100000.0,
        "Diluted Average Shares": 141909000.0,
        "Basic Average Shares": 141909000.0,
        "Diluted EPS": -0.18,
        "Basic EPS": -0.18,
        "Diluted NI Availto Com Stockholders": -26046000.0,
        "Net Income Common Stockholders": -26046000.0,
        "Net Income": -26046000.0,
        "Net Income Including Noncontrolling Interests": -26046000.0,
        "Net Income Continuous Operations": -26046000.0,
        "Tax Provision": 855000.0,
        "Pretax Income": -25191000.0,
        "Net Non Operating Interest Income Expense": 2909000.0,
        "Interest Expense Non Operating": NaN,
        "Interest Income Non Operating": 2909000.0,
        "Operating Income": -28100000.0,
        "Operating Expense": 55173000.0,
        "Other Operating Expenses": -2170000.0,
        "Research And Development": 9870000.0,
        "Selling General And Administration": 47473000.0,
        "General And Administrative Expense": 47473000.0,
        "Other Gand A": 20873000.0,
        "Salaries And Wages": 26600000.0,
        "Gross Profit": 27073000.0,
        "Cost Of Revenue": 1362000.0,
        "Total Revenue": 28435000.0,
        "Operating Revenue": 28435000.0
    },
    "2022-09-30": {
        "Tax Effect Of Unusual Items": 0.0,
        "Tax Rate For Calcs": 0.4,
        "Normalized EBITDA": -8690000.0,
        "Net Income From Continuing Operation Net Minority Interest": -8989000.0,
        "Reconciled Depreciation": 809000.0,
        "Reconciled Cost Of Revenue": 2447000.0,
        "EBITDA": -8690000.0,
        "EBIT": -9499000.0,
        "Net Interest Income": 1464000.0,
        "Interest Expense": NaN,
        "Interest Income": 1464000.0,
        "Normalized Income": -8989000.0,
        "Net Income From Continuing And Discontinued Operation": -8989000.0,
        "Total Expenses": 65278000.0,
        "Total Operating Income As Reported": -9499000.0,
        "Diluted Average Shares": 141856000.0,
        "Basic Average Shares": 141856000.0,
        "Diluted EPS": -0.06,
        "Basic EPS": -0.06,
        "Diluted NI Availto Com Stockholders": -8989000.0,
        "Net Income Common Stockholders": -8989000.0,
        "Net Income": -8989000.0,
        "Net Income Including Noncontrolling Interests": -8989000.0,
        "Net Income Continuous Operations": -8989000.0,
        "Tax Provision": 954000.0,
        "Pretax Income": -8035000.0,
        "Net Non Operating Interest Income Expense": 1464000.0,
        "Interest Expense Non Operating": NaN,
        "Interest Income Non Operating": 1464000.0,
        "Operating Income": -9499000.0,
        "Operating Expense": 62831000.0,
        "Other Operating Expenses": -311000.0,
        "Research And Development": 10973000.0,
        "Selling General And Administration": 52169000.0,
        "General And Administrative Expense": 52169000.0,
        "Other Gand A": 25122000.0,
        "Salaries And Wages": 27047000.0,
        "Gross Profit": 53332000.0,
        "Cost Of Revenue": 2447000.0,
        "Total Revenue": 55779000.0,
        "Operating Revenue": 55779000.0
    },
    "2022-06-30": {
        "Tax Effect Of Unusual Items": 0.0,
        "Tax Rate For Calcs": 0.4,
        "Normalized EBITDA": -35149000.0,
        "Net Income From Continuing Operation Net Minority Interest": -35515000.0,
        "Reconciled Depreciation": 840000.0,
        "Reconciled Cost Of Revenue": 1599000.0,
        "EBITDA": -35149000.0,
        "EBIT": -35989000.0,
        "Net Interest Income": 483000.0,
        "Interest Expense": NaN,
        "Interest Income": 483000.0,
        "Normalized Income": -35515000.0,
        "Net Income From Continuing And Discontinued Operation": -35515000.0,
        "Total Expenses": 64180000.0,
        "Total Operating Income As Reported": -35989000.0,
        "Diluted Average Shares": 141726000.0,
        "Basic Average Shares": 141726000.0,
        "Diluted EPS": -0.25,
        "Basic EPS": -0.25,
        "Diluted NI Availto Com Stockholders": -35515000.0,
        "Net Income Common Stockholders": -35515000.0,
        "Net Income": -35515000.0,
        "Net Income Including Noncontrolling Interests": -35515000.0,
        "Net Income Continuous Operations": -35515000.0,
        "Tax Provision": 9000.0,
        "Pretax Income": -35506000.0,
        "Net Non Operating Interest Income Expense": 483000.0,
        "Interest Expense Non Operating": NaN,
        "Interest Income Non Operating": 483000.0,
        "Operating Income": -35989000.0,
        "Operating Expense": 62581000.0,
        "Other Operating Expenses": -476000.0,
        "Research And Development": 11525000.0,
        "Selling General And Administration": 51532000.0,
        "General And Administrative Expense": 51532000.0,
        "Other Gand A": 23107000.0,
        "Salaries And Wages": 28425000.0,
        "Gross Profit": 26592000.0,
        "Cost Of Revenue": 1599000.0,
        "Total Revenue": 28191000.0,
        "Operating Revenue": 28191000.0
    },
    "2023-06-30": {
        "Tax Effect Of Unusual Items": 0.0,
        "Tax Rate For Calcs": 0.052909,
        "Normalized EBITDA": -11350000.0,
        "Net Income From Continuing Operation Net Minority Interest": -11492000.0,
        "Reconciled Depreciation": 719000.0,
        "Reconciled Cost Of Revenue": 1563000.0,
        "EBITDA": -11350000.0,
        "EBIT": -12069000.0,
        "Net Interest Income": 4036000.0,
        "Interest Expense": 65000.0,
        "Interest Income": 4101000.0,
        "Normalized Income": -11492000.0,
        "Net Income From Continuing And Discontinued Operation": -11492000.0,
        "Total Expenses": 57664000.0,
        "Total Operating Income As Reported": -16170000.0,
        "Diluted Average Shares": 142777000.0,
        "Basic Average Shares": 142777000.0,
        "Diluted EPS": -0.08,
        "Basic EPS": -0.08,
        "Diluted NI Availto Com Stockholders": -11492000.0,
        "Net Income Common Stockholders": -11492000.0,
        "Net Income": -11492000.0,
        "Net Income Including Noncontrolling Interests": -11492000.0,
        "Net Income Continuous Operations": -11492000.0,
        "Tax Provision": -642000.0,
        "Pretax Income": -12134000.0,
        "Net Non Operating Interest Income Expense": 4036000.0,
        "Interest Expense Non Operating": 65000.0,
        "Interest Income Non Operating": 4101000.0,
        "Operating Income": -16170000.0,
        "Operating Expense": 56101000.0,
        "Other Operating Expenses": -3630000.0,
        "Research And Development": 12650000.0,
        "Selling General And Administration": 47081000.0,
        "General And Administrative Expense": 47081000.0,
        "Other Gand A": 17271000.0,
        "Salaries And Wages": 29810000.0,
        "Gross Profit": 39931000.0,
        "Cost Of Revenue": 1563000.0,
        "Total Revenue": 41494000.0,
        "Operating Revenue": 41494000.0
    },
    "2022-03-31": {
        "Diluted EPS": -0.27,
        "Total Revenue": 22,
        "Gross Profit": 21,
        "Operating Income": -36,
        "EBIT": -35,
        "Net Income": -38
    },
    "2021-12-31": {
        "Diluted EPS": -0.24,
        "Total Revenue": 23,
        "Gross Profit": 23,
        "Operating Income": -33,
        "EBIT": -32,
        "Net Income": -33
    },
    "2021-09-30": {
        "Diluted EPS": -0.39,
        "Total Revenue": 15,
        "Gross Profit": 14,
        "Operating Income": -50,
        "EBIT": -50,
        "Net Income": -50
    },
    "2021-06-30": {
        "Diluted EPS": -0.37,
        "Total Revenue": 7,
        "Gross Profit": 6,
        "Operating Income": -48,
        "EBIT": -48,
        "Net Income": -47
    },
    "2021-03-31": {
        "Diluted EPS": -0.4,
        "Total Revenue": 1,
        "Gross Profit": 1,
        "Operating Income": -49,
        "EBIT": -48,
        "Net Income": -50
    },
    "2020-12-31": {
        "Diluted EPS": -0.06,
        "Total Revenue": 50,
        "Gross Profit": 50,
        "Operating Income": -2,
        "EBIT": -2,
        "Net Income": -8
    },
    "2020-09-30": {
        "Diluted EPS": -0.34,
        "Total Revenue": 0,
        "Gross Profit": 0,
        "Operating Income": -43,
        "EBIT": -43,
        "Net Income": -42
    },
    "2020-06-30": {
        "Diluted EPS": -0.24,
        "Total Revenue": 0,
        "Gross Profit": 0,
        "Operating Income": -27,
        "EBIT": -26,
        "Net Income": -27
    },
    "2020-03-31": {
        "Diluted EPS": -0.23,
        "Total Revenue": 0,
        "Gross Profit": 0,
        "Operating Income": -25,
        "EBIT": -25,
        "Net Income": -26
    },
    "2019-12-31": {
        "Diluted EPS": -0.43,
        "Total Revenue": 0,
        "Gross Profit": 0,
        "Operating Income": -21,
        "EBIT": -21,
        "Net Income": -41
    },
    "2019-09-30": {
        "Diluted EPS": -0.21,
        "Total Revenue": 0,
        "Gross Profit": 0,
        "Operating Income": -24,
        "EBIT": -24,
        "Net Income": -19
    },
    "2019-06-30": {
        "Diluted EPS": -0.17,
        "Total Revenue": 0,
        "Gross Profit": 0,
        "Operating Income": -16,
        "EBIT": -16,
        "Net Income": -16
    },
    "2019-03-31": {
        "Diluted EPS": -0.14,
        "Total Revenue": 0,
        "Gross Profit": 0,
        "Operating Income": -15,
        "EBIT": -15,
        "Net Income": -12
    },
    "2018-12-31": {
        "Diluted EPS": -0.18,
        "Total Revenue": 0,
        "Gross Profit": 0,
        "Operating Income": -15,
        "EBIT": -14,
        "Net Income": -15
    },
    "2018-09-30": {
        "Diluted EPS": -0.21,
        "Total Revenue": 0,
        "Gross Profit": 0,
        "Operating Income": -14,
        "EBIT": -14,
        "Net Income": -18
    },
    "2018-06-30": {
        "Diluted EPS": -0.19,
        "Total Revenue": 0,
        "Gross Profit": 0,
        "Operating Income": -14,
        "EBIT": -14,
        "Net Income": -16
    },
    "2018-03-31": {
        "Diluted EPS": -0.18,
        "Total Revenue": 0,
        "Gross Profit": 0,
        "Operating Income": -13,
        "EBIT": -13,
        "Net Income": -15
    },
    "2017-12-31": {
        "Diluted EPS": 0.19,
        "Total Revenue": 0,
        "Gross Profit": 0,
        "Operating Income": -12,
        "EBIT": -12,
        "Net Income": -3
    },
    "2017-09-30": {
        "Diluted EPS": -0.16,
        "Total Revenue": 0,
        "Gross Profit": 0,
        "Operating Income": -14,
        "EBIT": -13,
        "Net Income": -13
    },
    "2017-06-30": {
        "Diluted EPS": -0.03,
        "Total Revenue": 0,
        "Gross Profit": 0,
        "Operating Income": -10,
        "EBIT": -10,
        "Net Income": -2
    },
    "2017-03-31": {
        "Diluted EPS": -0.92,
        "Total Revenue": 0,
        "Gross Profit": 0,
        "Operating Income": -11,
        "EBIT": -11,
        "Net Income": -52
    },
    "2016-12-31": {
        "Diluted EPS": -0.22,
        "Total Revenue": 0,
        "Gross Profit": 0,
        "Operating Income": -8,
        "EBIT": -8,
        "Net Income": -8
    },
    "2016-09-30": {
        "Diluted EPS": -0.21,
        "Total Revenue": 0,
        "Gross Profit": 0,
        "Operating Income": -5,
        "EBIT": -5,
        "Net Income": -7
    },
    "2016-06-30": {
        "Diluted EPS": -0.1,
        "Total Revenue": 0,
        "Gross Profit": 0,
        "Operating Income": -5,
        "EBIT": -4,
        "Net Income": -3
    },
    "2016-03-31": {
        "Diluted EPS": -0.13,
        "Total Revenue": 0,
        "Gross Profit": 0,
        "Operating Income": -5,
        "EBIT": -5,
        "Net Income": -4
    },
    "2015-12-31": {
        "Diluted EPS": -0.13,
        "Total Revenue": 0,
        "Gross Profit": 0,
        "Operating Income": -6,
        "EBIT": -5,
        "Net Income": -4
    },
    "2015-09-30": {
        "Diluted EPS": -0.16,
        "Total Revenue": 0,
        "Gross Profit": 0,
        "Operating Income": -6,
        "EBIT": -6,
        "Net Income": -5
    },
    "2015-06-30": {
        "Diluted EPS": -0.02,
        "Total Revenue": 0,
        "Gross Profit": 0,
        "Operating Income": -6,
        "EBIT": -6,
        "Net Income": -1
    },
    "2015-03-31": {
        "Diluted EPS": -0.27,
        "Total Revenue": 0,
        "Gross Profit": 0,
        "Operating Income": -6,
        "EBIT": -5,
        "Net Income": -9
    },
    "2014-12-31": {
        "Diluted EPS": -0.15,
        "Total Revenue": 0,
        "Gross Profit": 0,
        "Operating Income": -14,
        "EBIT": -16,
        "Net Income": -5
    },
    "2014-09-30": {
        "Diluted EPS": -0.08,
        "Total Revenue": 0,
        "Gross Profit": 0,
        "Operating Income": -4,
        "EBIT": -4,
        "Net Income": -3
    },
    "2014-06-30": {
        "Diluted EPS": -0.13,
        "Total Revenue": 0,
        "Gross Profit": 0,
        "Operating Income": 0,
        "EBIT": 0,
        "Net Income": -4
    },
    "2014-03-31": {
        "Diluted EPS": -0.24,
        "Total Revenue": 0,
        "Gross Profit": 0,
        "Operating Income": 0,
        "EBIT": 0,
        "Net Income": -5
    },
    "2013-12-31": {
        "Diluted EPS": 0.11,
        "Total Revenue": 1,
        "Gross Profit": 1,
        "Operating Income": 1,
        "EBIT": 1,
        "Net Income": 1
    },
    "2013-09-30": {
        "Diluted EPS": -0.01,
        "Total Revenue": 0,
        "Gross Profit": 0,
        "Operating Income": 0,
        "EBIT": 0,
        "Net Income": -2
    },
    "2013-06-30": {
        "Diluted EPS": 0.0,
        "Total Revenue": 0,
        "Gross Profit": 0,
        "Operating Income": 0,
        "EBIT": 0,
        "Net Income": -1
    },
    "2013-03-31": {
        "Diluted EPS": 0.0,
        "Total Revenue": 0,
        "Gross Profit": 0,
        "Operating Income": 0,
        "EBIT": 0,
        "Net Income": -1
    },
    "2023-09-30": {
        "Tax Effect Of Unusual Items": 0.0,
        "Tax Rate For Calcs": 0.4,
        "Normalized EBITDA": -6487000.0,
        "Net Income From Continuing Operation Net Minority Interest": -13447000.0,
        "Reconciled Depreciation": 5262000.0,
        "Reconciled Cost Of Revenue": 6769000.0,
        "EBITDA": -6487000.0,
        "EBIT": -11749000.0,
        "Net Interest Income": 3114000.0,
        "Interest Expense": 1400000.0,
        "Interest Income": 4514000.0,
        "Normalized Income": -13447000.0,
        "Net Income From Continuing And Discontinued Operation": -13447000.0,
        "Total Expenses": 70778000.0,
        "Total Operating Income As Reported": -16263000.0,
        "Diluted Average Shares": 142847000.0,
        "Basic Average Shares": 142847000.0,
        "Diluted EPS": -0.09,
        "Basic EPS": -0.09,
        "Diluted NI Availto Com Stockholders": -13447000.0,
        "Net Income Common Stockholders": -13447000.0,
        "Net Income": -13447000.0,
        "Net Income Including Noncontrolling Interests": -13447000.0,
        "Net Income Continuous Operations": -13447000.0,
        "Tax Provision": 298000.0,
        "Pretax Income": -13149000.0,
        "Net Non Operating Interest Income Expense": 3114000.0,
        "Interest Expense Non Operating": 1400000.0,
        "Interest Income Non Operating": 4514000.0,
        "Operating Income": -16263000.0,
        "Operating Expense": 64009000.0,
        "Other Operating Expenses": 2645000.0,
        "Research And Development": 13605000.0,
        "Selling General And Administration": 47759000.0,
        "General And Administrative Expense": 47759000.0,
        "Other Gand A": 18636000.0,
        "Salaries And Wages": 29123000.0,
        "Gross Profit": 47746000.0,
        "Cost Of Revenue": 6769000.0,
        "Total Revenue": 54515000.0,
        "Operating Revenue": 54515000.0
    }
}