{
    "2023-03-31": {
        "Tax Effect Of Unusual Items": -1324.595104,
        "Tax Rate For Calcs": 0.000352,
        "Normalized EBITDA": -29253000.0,
        "Total Unusual Items": -3768000.0,
        "Total Unusual Items Excluding Goodwill": -3768000.0,
        "Net Income From Continuing Operation Net Minority Interest": -39811000.0,
        "Reconciled Depreciation": 1899000.0,
        "EBITDA": -33021000.0,
        "EBIT": -34920000.0,
        "Net Interest Income": -1459000.0,
        "Interest Expense": 4905000.0,
        "Interest Income": 3446000.0,
        "Normalized Income": -36044324.595104,
        "Net Income From Continuing And Discontinued Operation": -39811000.0,
        "Total Expenses": 36672000.0,
        "Diluted Average Shares": 173825825.0,
        "Basic Average Shares": 173825825.0,
        "Diluted EPS": -0.23,
        "Basic EPS": -0.23,
        "Diluted NI Availto Com Stockholders": -39811000.0,
        "Net Income Common Stockholders": -39811000.0,
        "Net Income": -39811000.0,
        "Net Income Including Noncontrolling Interests": -39811000.0,
        "Net Income Continuous Operations": -39811000.0,
        "Tax Provision": -14000.0,
        "Pretax Income": -39825000.0,
        "Other Income Expense": -2986000.0,
        "Other Non Operating Income Expenses": 782000.0,
        "Special Income Charges": -3768000.0,
        "Gain On Sale Of Ppe": -3768000.0,
        "Impairment Of Capital Assets": NaN,
        "Net Non Operating Interest Income Expense": -1459000.0,
        "Interest Expense Non Operating": 4905000.0,
        "Interest Income Non Operating": 3446000.0,
        "Operating Income": -35380000.0,
        "Operating Expense": 36672000.0,
        "Other Operating Expenses": NaN,
        "Research And Development": 27388000.0,
        "Selling General And Administration": 9284000.0,
        "General And Administrative Expense": 9284000.0,
        "Other Gand A": 9284000.0,
        "Total Revenue": 1292000.0,
        "Operating Revenue": 1292000.0
    },
    "2022-12-31": {
        "Tax Effect Of Unusual Items": NaN,
        "Tax Rate For Calcs": NaN,
        "Normalized EBITDA": NaN,
        "Total Unusual Items": NaN,
        "Total Unusual Items Excluding Goodwill": NaN,
        "Net Income From Continuing Operation Net Minority Interest": NaN,
        "Reconciled Depreciation": NaN,
        "EBITDA": NaN,
        "EBIT": NaN,
        "Net Interest Income": NaN,
        "Interest Expense": NaN,
        "Interest Income": NaN,
        "Normalized Income": NaN,
        "Net Income From Continuing And Discontinued Operation": NaN,
        "Total Expenses": NaN,
        "Diluted Average Shares": NaN,
        "Basic Average Shares": NaN,
        "Diluted EPS": NaN,
        "Basic EPS": NaN,
        "Diluted NI Availto Com Stockholders": NaN,
        "Net Income Common Stockholders": NaN,
        "Net Income": NaN,
        "Net Income Including Noncontrolling Interests": NaN,
        "Net Income Continuous Operations": NaN,
        "Tax Provision": NaN,
        "Pretax Income": NaN,
        "Other Income Expense": NaN,
        "Other Non Operating Income Expenses": NaN,
        "Special Income Charges": NaN,
        "Gain On Sale Of Ppe": NaN,
        "Impairment Of Capital Assets": NaN,
        "Net Non Operating Interest Income Expense": NaN,
        "Interest Expense Non Operating": NaN,
        "Interest Income Non Operating": NaN,
        "Operating Income": NaN,
        "Operating Expense": NaN,
        "Other Operating Expenses": 0.0,
        "Research And Development": NaN,
        "Selling General And Administration": NaN,
        "General And Administrative Expense": NaN,
        "Other Gand A": NaN,
        "Total Revenue": NaN,
        "Operating Revenue": NaN
    },
    "2022-09-30": {
        "Tax Effect Of Unusual Items": NaN,
        "Tax Rate For Calcs": NaN,
        "Normalized EBITDA": NaN,
        "Total Unusual Items": NaN,
        "Total Unusual Items Excluding Goodwill": NaN,
        "Net Income From Continuing Operation Net Minority Interest": NaN,
        "Reconciled Depreciation": NaN,
        "EBITDA": NaN,
        "EBIT": NaN,
        "Net Interest Income": NaN,
        "Interest Expense": NaN,
        "Interest Income": NaN,
        "Normalized Income": NaN,
        "Net Income From Continuing And Discontinued Operation": NaN,
        "Total Expenses": NaN,
        "Diluted Average Shares": 91240801.0,
        "Basic Average Shares": 91240801.0,
        "Diluted EPS": -0.47,
        "Basic EPS": -0.47,
        "Diluted NI Availto Com Stockholders": NaN,
        "Net Income Common Stockholders": NaN,
        "Net Income": NaN,
        "Net Income Including Noncontrolling Interests": NaN,
        "Net Income Continuous Operations": NaN,
        "Tax Provision": NaN,
        "Pretax Income": NaN,
        "Other Income Expense": NaN,
        "Other Non Operating Income Expenses": NaN,
        "Special Income Charges": NaN,
        "Gain On Sale Of Ppe": NaN,
        "Impairment Of Capital Assets": 0.0,
        "Net Non Operating Interest Income Expense": NaN,
        "Interest Expense Non Operating": NaN,
        "Interest Income Non Operating": NaN,
        "Operating Income": NaN,
        "Operating Expense": NaN,
        "Other Operating Expenses": NaN,
        "Research And Development": NaN,
        "Selling General And Administration": NaN,
        "General And Administrative Expense": NaN,
        "Other Gand A": NaN,
        "Total Revenue": NaN,
        "Operating Revenue": NaN
    },
    "2022-06-30": {
        "Tax Effect Of Unusual Items": 0.0,
        "Tax Rate For Calcs": 0.150889,
        "Normalized EBITDA": -45804000.0,
        "Total Unusual Items": 0.0,
        "Total Unusual Items Excluding Goodwill": 0.0,
        "Net Income From Continuing Operation Net Minority Interest": -42059000.0,
        "Reconciled Depreciation": 1919000.0,
        "EBITDA": -45804000.0,
        "EBIT": -47723000.0,
        "Net Interest Income": -1721000.0,
        "Interest Expense": 1810000.0,
        "Interest Income": 89000.0,
        "Normalized Income": -42059000.0,
        "Net Income From Continuing And Discontinued Operation": -42059000.0,
        "Total Expenses": 46481000.0,
        "Diluted Average Shares": 90931964.0,
        "Basic Average Shares": 90931964.0,
        "Diluted EPS": -0.46,
        "Basic EPS": -0.46,
        "Diluted NI Availto Com Stockholders": -42059000.0,
        "Net Income Common Stockholders": -42059000.0,
        "Net Income": -42059000.0,
        "Net Income Including Noncontrolling Interests": -42059000.0,
        "Net Income Continuous Operations": -42059000.0,
        "Tax Provision": -7474000.0,
        "Pretax Income": -49533000.0,
        "Other Income Expense": -1331000.0,
        "Other Non Operating Income Expenses": -1331000.0,
        "Special Income Charges": 0.0,
        "Gain On Sale Of Ppe": 0.0,
        "Net Non Operating Interest Income Expense": -1721000.0,
        "Interest Expense Non Operating": 1810000.0,
        "Interest Income Non Operating": 89000.0,
        "Operating Income": -46481000.0,
        "Operating Expense": 46481000.0,
        "Other Operating Expenses": NaN,
        "Research And Development": 38212000.0,
        "Selling General And Administration": 8269000.0,
        "General And Administrative Expense": 8269000.0,
        "Other Gand A": 8269000.0,
        "Total Revenue": 0.0,
        "Operating Revenue": 0.0
    },
    "2022-03-31": {
        "Diluted EPS": -0.41,
        "Total Revenue": 0,
        "Gross Profit": 0,
        "Operating Income": -42,
        "EBIT": -40,
        "Net Income": -37
    },
    "2021-12-31": {
        "Diluted EPS": -0.5,
        "Total Revenue": 0,
        "Gross Profit": 0,
        "Operating Income": -47,
        "EBIT": -45,
        "Net Income": -42
    },
    "2021-09-30": {
        "Diluted EPS": -0.47,
        "Total Revenue": 0,
        "Gross Profit": 0,
        "Operating Income": -40,
        "EBIT": -38,
        "Net Income": -34
    },
    "2021-06-30": {
        "Diluted EPS": -0.47,
        "Total Revenue": 2,
        "Gross Profit": 2,
        "Operating Income": -38,
        "EBIT": -35,
        "Net Income": -33
    },
    "2021-03-31": {
        "Diluted EPS": -0.53,
        "Total Revenue": 0,
        "Gross Profit": 0,
        "Operating Income": -40,
        "EBIT": -38,
        "Net Income": -33
    },
    "2020-12-31": {
        "Diluted EPS": -0.82,
        "Total Revenue": 0,
        "Gross Profit": 0,
        "Operating Income": -47,
        "EBIT": -46,
        "Net Income": -43
    },
    "2020-09-30": {
        "Diluted EPS": -0.72,
        "Total Revenue": 1,
        "Gross Profit": 1,
        "Operating Income": -43,
        "EBIT": -41,
        "Net Income": -37
    },
    "2020-06-30": {
        "Diluted EPS": -0.62,
        "Total Revenue": 0,
        "Gross Profit": 0,
        "Operating Income": -40,
        "EBIT": -38,
        "Net Income": -32
    },
    "2020-03-31": {
        "Diluted EPS": -0.6,
        "Total Revenue": 0,
        "Gross Profit": 0,
        "Operating Income": -39,
        "EBIT": -37,
        "Net Income": -30
    },
    "2019-12-31": {
        "Diluted EPS": -0.93,
        "Total Revenue": 0,
        "Gross Profit": 0,
        "Operating Income": -43,
        "EBIT": -42,
        "Net Income": -41
    },
    "2019-09-30": {
        "Diluted EPS": -0.61,
        "Total Revenue": 0,
        "Gross Profit": 0,
        "Operating Income": -36,
        "EBIT": -34,
        "Net Income": -27
    },
    "2019-06-30": {
        "Diluted EPS": -0.65,
        "Total Revenue": 0,
        "Gross Profit": 0,
        "Operating Income": -37,
        "EBIT": -37,
        "Net Income": -28
    },
    "2019-03-31": {
        "Diluted EPS": -0.69,
        "Total Revenue": 2,
        "Gross Profit": 2,
        "Operating Income": -30,
        "EBIT": -29,
        "Net Income": -27
    },
    "2018-12-31": {
        "Diluted EPS": -0.52,
        "Total Revenue": 0,
        "Gross Profit": 0,
        "Operating Income": 77,
        "EBIT": 75,
        "Net Income": -21
    },
    "2018-09-30": {
        "Diluted EPS": -0.33,
        "Total Revenue": 0,
        "Gross Profit": 0,
        "Operating Income": -17,
        "EBIT": -17,
        "Net Income": -13
    },
    "2018-06-30": {
        "Diluted EPS": -0.26,
        "Total Revenue": 0,
        "Gross Profit": 0,
        "Operating Income": -17,
        "EBIT": -16,
        "Net Income": -8
    },
    "2018-03-31": {
        "Diluted EPS": -0.58,
        "Total Revenue": 0,
        "Gross Profit": 0,
        "Operating Income": -16,
        "EBIT": -15,
        "Net Income": -17
    },
    "2017-09-30": {
        "Diluted EPS": 0.0,
        "Total Revenue": NaN,
        "Gross Profit": NaN,
        "Operating Income": NaN,
        "EBIT": NaN,
        "Net Income": NaN
    },
    "2023-06-30": {
        "Tax Effect Of Unusual Items": -1628.044551,
        "Tax Rate For Calcs": 0.070785,
        "Normalized EBITDA": -42467000.0,
        "Total Unusual Items": -23000.0,
        "Total Unusual Items Excluding Goodwill": -23000.0,
        "Net Income From Continuing Operation Net Minority Interest": -45552000.0,
        "Reconciled Depreciation": 1512000.0,
        "EBITDA": -42490000.0,
        "EBIT": -44002000.0,
        "Net Interest Income": -1617000.0,
        "Interest Expense": 5020000.0,
        "Interest Income": 3403000.0,
        "Normalized Income": -45530628.044551,
        "Net Income From Continuing And Discontinued Operation": -45552000.0,
        "Total Expenses": 47864000.0,
        "Diluted Average Shares": 173860491.0,
        "Basic Average Shares": 173860491.0,
        "Diluted EPS": -0.26,
        "Basic EPS": -0.26,
        "Diluted NI Availto Com Stockholders": -45552000.0,
        "Net Income Common Stockholders": -45552000.0,
        "Net Income": -45552000.0,
        "Net Income Including Noncontrolling Interests": -45552000.0,
        "Net Income Continuous Operations": -45552000.0,
        "Tax Provision": -3470000.0,
        "Pretax Income": -49022000.0,
        "Other Income Expense": 459000.0,
        "Other Non Operating Income Expenses": 482000.0,
        "Special Income Charges": -23000.0,
        "Gain On Sale Of Ppe": -23000.0,
        "Impairment Of Capital Assets": NaN,
        "Net Non Operating Interest Income Expense": -1617000.0,
        "Interest Expense Non Operating": 5020000.0,
        "Interest Income Non Operating": 3403000.0,
        "Operating Income": -47864000.0,
        "Operating Expense": 47864000.0,
        "Other Operating Expenses": NaN,
        "Research And Development": 36742000.0,
        "Selling General And Administration": 11122000.0,
        "General And Administrative Expense": 11122000.0,
        "Other Gand A": 11122000.0,
        "Total Revenue": 0.0,
        "Operating Revenue": 0.0
    },
    "2023-09-30": {
        "Tax Effect Of Unusual Items": -37155.289531,
        "Tax Rate For Calcs": 0.097265,
        "Normalized EBITDA": -44014000.0,
        "Total Unusual Items": -382000.0,
        "Total Unusual Items Excluding Goodwill": -382000.0,
        "Net Income From Continuing Operation Net Minority Interest": -45849000.0,
        "Reconciled Depreciation": 1379000.0,
        "EBITDA": -44396000.0,
        "EBIT": -45775000.0,
        "Net Interest Income": -1368000.0,
        "Interest Expense": 5014000.0,
        "Interest Income": 3646000.0,
        "Normalized Income": -45504155.289531,
        "Net Income From Continuing And Discontinued Operation": -45849000.0,
        "Total Expenses": 47848000.0,
        "Diluted Average Shares": 173984101.0,
        "Basic Average Shares": 173984101.0,
        "Diluted EPS": -0.26,
        "Basic EPS": -0.26,
        "Diluted NI Availto Com Stockholders": -45849000.0,
        "Net Income Common Stockholders": -45849000.0,
        "Net Income": -45849000.0,
        "Net Income Including Noncontrolling Interests": -45849000.0,
        "Net Income Continuous Operations": -45849000.0,
        "Tax Provision": -4940000.0,
        "Pretax Income": -50789000.0,
        "Other Income Expense": -1979000.0,
        "Other Non Operating Income Expenses": -1597000.0,
        "Special Income Charges": -382000.0,
        "Gain On Sale Of Ppe": 0.0,
        "Impairment Of Capital Assets": 382000.0,
        "Net Non Operating Interest Income Expense": -1368000.0,
        "Interest Expense Non Operating": 5014000.0,
        "Interest Income Non Operating": 3646000.0,
        "Operating Income": -47442000.0,
        "Operating Expense": 47848000.0,
        "Other Operating Expenses": NaN,
        "Research And Development": 37237000.0,
        "Selling General And Administration": 10611000.0,
        "General And Administrative Expense": 10611000.0,
        "Other Gand A": 10611000.0,
        "Total Revenue": 406000.0,
        "Operating Revenue": 406000.0
    },
    "2023-12-31": {
        "Tax Effect Of Unusual Items": 0.0,
        "Tax Rate For Calcs": 0.19,
        "Normalized EBITDA": -32907000.0,
        "Total Unusual Items": 0.0,
        "Total Unusual Items Excluding Goodwill": 0.0,
        "Net Income From Continuing Operation Net Minority Interest": -77171000.0,
        "Reconciled Depreciation": 1775000.0,
        "EBITDA": -32907000.0,
        "EBIT": -34682000.0,
        "Net Interest Income": -27118000.0,
        "Interest Expense": 30128000.0,
        "Interest Income": 3010000.0,
        "Normalized Income": -77171000.0,
        "Net Income From Continuing And Discontinued Operation": -77171000.0,
        "Total Expenses": 40886000.0,
        "Diluted Average Shares": NaN,
        "Basic Average Shares": NaN,
        "Diluted EPS": NaN,
        "Basic EPS": NaN,
        "Diluted NI Availto Com Stockholders": -77171000.0,
        "Net Income Common Stockholders": -77171000.0,
        "Net Income": -77171000.0,
        "Net Income Including Noncontrolling Interests": -77171000.0,
        "Net Income Continuous Operations": -77171000.0,
        "Tax Provision": 12361000.0,
        "Pretax Income": -64810000.0,
        "Other Income Expense": 3194000.0,
        "Other Non Operating Income Expenses": 3194000.0,
        "Special Income Charges": 0.0,
        "Gain On Sale Of Ppe": 0.0,
        "Impairment Of Capital Assets": 0.0,
        "Net Non Operating Interest Income Expense": -27118000.0,
        "Interest Expense Non Operating": 30128000.0,
        "Interest Income Non Operating": 3010000.0,
        "Operating Income": -40886000.0,
        "Operating Expense": 40886000.0,
        "Other Operating Expenses": NaN,
        "Research And Development": 25158000.0,
        "Selling General And Administration": 15728000.0,
        "General And Administrative Expense": 15728000.0,
        "Other Gand A": 15728000.0,
        "Total Revenue": 0.0,
        "Operating Revenue": 0.0
    },
    "2024-03-31": {
        "Tax Effect Of Unusual Items": 0.0,
        "Tax Rate For Calcs": 0.000152,
        "Normalized EBITDA": -31623000.0,
        "Total Unusual Items": 0.0,
        "Total Unusual Items Excluding Goodwill": 0.0,
        "Net Income From Continuing Operation Net Minority Interest": -52690000.0,
        "Reconciled Depreciation": 1806000.0,
        "EBITDA": -31623000.0,
        "EBIT": -33429000.0,
        "Net Interest Income": -12336000.0,
        "Interest Expense": 19269000.0,
        "Interest Income": 6933000.0,
        "Normalized Income": -52690000.0,
        "Net Income From Continuing And Discontinued Operation": -52690000.0,
        "Total Expenses": 48848000.0,
        "Diluted Average Shares": 222170707.0,
        "Basic Average Shares": 222170707.0,
        "Diluted EPS": -0.24,
        "Basic EPS": -0.24,
        "Diluted NI Availto Com Stockholders": -52690000.0,
        "Net Income Common Stockholders": -52690000.0,
        "Net Income": -52690000.0,
        "Net Income Including Noncontrolling Interests": -52690000.0,
        "Net Income Continuous Operations": -52690000.0,
        "Tax Provision": -8000.0,
        "Pretax Income": -52698000.0,
        "Other Income Expense": -1605000.0,
        "Other Non Operating Income Expenses": -1605000.0,
        "Special Income Charges": 0.0,
        "Gain On Sale Of Ppe": 0.0,
        "Impairment Of Capital Assets": NaN,
        "Net Non Operating Interest Income Expense": -12336000.0,
        "Interest Expense Non Operating": 19269000.0,
        "Interest Income Non Operating": 6933000.0,
        "Operating Income": -38757000.0,
        "Operating Expense": 48848000.0,
        "Other Operating Expenses": NaN,
        "Research And Development": 30671000.0,
        "Selling General And Administration": 18177000.0,
        "General And Administrative Expense": 18177000.0,
        "Other Gand A": 18177000.0,
        "Total Revenue": 10091000.0,
        "Operating Revenue": 10091000.0
    }
}