{
    "2023-06-30": {
        "Tax Effect Of Unusual Items": 0.0,
        "Tax Rate For Calcs": 0.0,
        "Normalized EBITDA": -3661000.0,
        "Net Income From Continuing Operation Net Minority Interest": -4176000.0,
        "Reconciled Depreciation": 68000.0,
        "Reconciled Cost Of Revenue": 1436000.0,
        "EBITDA": -3661000.0,
        "EBIT": -3729000.0,
        "Net Interest Income": -445000.0,
        "Interest Expense": NaN,
        "Normalized Income": -4176000.0,
        "Net Income From Continuing And Discontinued Operation": -4176000.0,
        "Total Expenses": 5770000.0,
        "Total Operating Income As Reported": -3729000.0,
        "Diluted Average Shares": 609000.0,
        "Basic Average Shares": 609000.0,
        "Diluted EPS": -8.86,
        "Basic EPS": -8.86,
        "Diluted NI Availto Com Stockholders": -5394000.0,
        "Net Income Common Stockholders": -5394000.0,
        "Otherunder Preferred Stock Dividend": NaN,
        "Preferred Stock Dividends": 1218000.0,
        "Net Income": -4176000.0,
        "Net Income Including Noncontrolling Interests": -4176000.0,
        "Net Income Continuous Operations": -4176000.0,
        "Pretax Income": -4176000.0,
        "Other Income Expense": -2000.0,
        "Other Non Operating Income Expenses": -2000.0,
        "Net Non Operating Interest Income Expense": -445000.0,
        "Total Other Finance Cost": 445000.0,
        "Interest Expense Non Operating": NaN,
        "Operating Income": -3729000.0,
        "Operating Expense": 4334000.0,
        "Research And Development": 988000.0,
        "Selling General And Administration": 3346000.0,
        "Gross Profit": 605000.0,
        "Cost Of Revenue": 1436000.0,
        "Total Revenue": 2041000.0,
        "Operating Revenue": 2041000.0
    },
    "2023-03-31": {
        "Tax Effect Of Unusual Items": NaN,
        "Tax Rate For Calcs": NaN,
        "Normalized EBITDA": NaN,
        "Net Income From Continuing Operation Net Minority Interest": NaN,
        "Reconciled Depreciation": NaN,
        "Reconciled Cost Of Revenue": NaN,
        "EBITDA": NaN,
        "EBIT": NaN,
        "Net Interest Income": NaN,
        "Interest Expense": 392000.0,
        "Normalized Income": NaN,
        "Net Income From Continuing And Discontinued Operation": NaN,
        "Total Expenses": NaN,
        "Total Operating Income As Reported": NaN,
        "Diluted Average Shares": 548000.0,
        "Basic Average Shares": 548000.0,
        "Diluted EPS": -10.7,
        "Basic EPS": -10.7,
        "Diluted NI Availto Com Stockholders": NaN,
        "Net Income Common Stockholders": NaN,
        "Otherunder Preferred Stock Dividend": 0.0,
        "Preferred Stock Dividends": 1218000.0,
        "Net Income": NaN,
        "Net Income Including Noncontrolling Interests": NaN,
        "Net Income Continuous Operations": NaN,
        "Pretax Income": NaN,
        "Other Income Expense": NaN,
        "Other Non Operating Income Expenses": NaN,
        "Net Non Operating Interest Income Expense": NaN,
        "Total Other Finance Cost": NaN,
        "Interest Expense Non Operating": 392000.0,
        "Operating Income": NaN,
        "Operating Expense": NaN,
        "Research And Development": NaN,
        "Selling General And Administration": NaN,
        "Gross Profit": NaN,
        "Cost Of Revenue": NaN,
        "Total Revenue": NaN,
        "Operating Revenue": NaN
    },
    "2022-12-31": {
        "Tax Effect Of Unusual Items": NaN,
        "Tax Rate For Calcs": NaN,
        "Normalized EBITDA": NaN,
        "Net Income From Continuing Operation Net Minority Interest": NaN,
        "Reconciled Depreciation": NaN,
        "Reconciled Cost Of Revenue": NaN,
        "EBITDA": NaN,
        "EBIT": NaN,
        "Net Interest Income": NaN,
        "Interest Expense": NaN,
        "Normalized Income": NaN,
        "Net Income From Continuing And Discontinued Operation": NaN,
        "Total Expenses": NaN,
        "Total Operating Income As Reported": NaN,
        "Diluted Average Shares": 504600.0,
        "Basic Average Shares": 504600.0,
        "Diluted EPS": -10.5,
        "Basic EPS": -10.5,
        "Diluted NI Availto Com Stockholders": NaN,
        "Net Income Common Stockholders": NaN,
        "Otherunder Preferred Stock Dividend": NaN,
        "Preferred Stock Dividends": 1129000.0,
        "Net Income": NaN,
        "Net Income Including Noncontrolling Interests": NaN,
        "Net Income Continuous Operations": NaN,
        "Pretax Income": NaN,
        "Other Income Expense": NaN,
        "Other Non Operating Income Expenses": NaN,
        "Net Non Operating Interest Income Expense": NaN,
        "Total Other Finance Cost": NaN,
        "Interest Expense Non Operating": NaN,
        "Operating Income": NaN,
        "Operating Expense": NaN,
        "Research And Development": NaN,
        "Selling General And Administration": NaN,
        "Gross Profit": NaN,
        "Cost Of Revenue": NaN,
        "Total Revenue": NaN,
        "Operating Revenue": NaN
    },
    "2022-09-30": {
        "Tax Effect Of Unusual Items": NaN,
        "Tax Rate For Calcs": NaN,
        "Normalized EBITDA": NaN,
        "Net Income From Continuing Operation Net Minority Interest": NaN,
        "Reconciled Depreciation": NaN,
        "Reconciled Cost Of Revenue": NaN,
        "EBITDA": NaN,
        "EBIT": NaN,
        "Net Interest Income": NaN,
        "Interest Expense": 407000.0,
        "Normalized Income": NaN,
        "Net Income From Continuing And Discontinued Operation": NaN,
        "Total Expenses": NaN,
        "Total Operating Income As Reported": NaN,
        "Diluted Average Shares": NaN,
        "Basic Average Shares": NaN,
        "Diluted EPS": NaN,
        "Basic EPS": NaN,
        "Diluted NI Availto Com Stockholders": NaN,
        "Net Income Common Stockholders": NaN,
        "Otherunder Preferred Stock Dividend": NaN,
        "Preferred Stock Dividends": NaN,
        "Net Income": NaN,
        "Net Income Including Noncontrolling Interests": NaN,
        "Net Income Continuous Operations": NaN,
        "Pretax Income": NaN,
        "Other Income Expense": NaN,
        "Other Non Operating Income Expenses": NaN,
        "Net Non Operating Interest Income Expense": NaN,
        "Total Other Finance Cost": NaN,
        "Interest Expense Non Operating": 407000.0,
        "Operating Income": NaN,
        "Operating Expense": NaN,
        "Research And Development": NaN,
        "Selling General And Administration": NaN,
        "Gross Profit": NaN,
        "Cost Of Revenue": NaN,
        "Total Revenue": NaN,
        "Operating Revenue": NaN
    },
    "2022-06-30": {
        "Tax Effect Of Unusual Items": 0.0,
        "Tax Rate For Calcs": 0.0,
        "Normalized EBITDA": -3710000.0,
        "Net Income From Continuing Operation Net Minority Interest": -4214000.0,
        "Reconciled Depreciation": 64000.0,
        "Reconciled Cost Of Revenue": 1475000.0,
        "EBITDA": -3710000.0,
        "EBIT": -3774000.0,
        "Net Interest Income": -440000.0,
        "Interest Expense": 440000.0,
        "Normalized Income": -4214000.0,
        "Net Income From Continuing And Discontinued Operation": -4214000.0,
        "Total Expenses": 5891000.0,
        "Total Operating Income As Reported": -3759000.0,
        "Diluted Average Shares": 5702000.0,
        "Basic Average Shares": 5702000.0,
        "Diluted EPS": -0.94,
        "Basic EPS": -0.94,
        "Diluted NI Availto Com Stockholders": -5341000.0,
        "Net Income Common Stockholders": -5341000.0,
        "Preferred Stock Dividends": 1127000.0,
        "Net Income": -4214000.0,
        "Net Income Including Noncontrolling Interests": -4214000.0,
        "Net Income Continuous Operations": -4214000.0,
        "Pretax Income": -4214000.0,
        "Other Income Expense": -15000.0,
        "Other Non Operating Income Expenses": -15000.0,
        "Net Non Operating Interest Income Expense": -440000.0,
        "Total Other Finance Cost": 440000.0,
        "Interest Expense Non Operating": 440000.0,
        "Operating Income": -3759000.0,
        "Operating Expense": 4416000.0,
        "Research And Development": 1086000.0,
        "Selling General And Administration": 3330000.0,
        "Gross Profit": 657000.0,
        "Cost Of Revenue": 1475000.0,
        "Total Revenue": 2132000.0,
        "Operating Revenue": 2132000.0
    },
    "2022-03-31": {
        "Diluted EPS": -2.33,
        "Total Revenue": 2,
        "Gross Profit": 1,
        "Operating Income": -5,
        "EBIT": -5,
        "Net Income": -11
    },
    "2021-12-31": {
        "Diluted EPS": -1.26,
        "Total Revenue": 2,
        "Gross Profit": 1,
        "Operating Income": -5,
        "EBIT": -4,
        "Net Income": -6
    },
    "2021-09-30": {
        "Diluted EPS": -1.25,
        "Total Revenue": 2,
        "Gross Profit": 1,
        "Operating Income": -4,
        "EBIT": -4,
        "Net Income": -6
    },
    "2021-06-30": {
        "Diluted EPS": -0.73,
        "Total Revenue": 3,
        "Gross Profit": 1,
        "Operating Income": -4,
        "EBIT": -4,
        "Net Income": -3
    },
    "2021-03-31": {
        "Diluted EPS": -1.33,
        "Total Revenue": 3,
        "Gross Profit": 1,
        "Operating Income": -5,
        "EBIT": -4,
        "Net Income": -6
    },
    "2020-12-31": {
        "Diluted EPS": 5.31,
        "Total Revenue": 3,
        "Gross Profit": 1,
        "Operating Income": -4,
        "EBIT": -4,
        "Net Income": -6
    },
    "2020-09-30": {
        "Diluted EPS": -1.6,
        "Total Revenue": 2,
        "Gross Profit": 1,
        "Operating Income": -4,
        "EBIT": -4,
        "Net Income": -5
    },
    "2020-06-30": {
        "Diluted EPS": -3.6,
        "Total Revenue": 1,
        "Gross Profit": 0,
        "Operating Income": -4,
        "EBIT": -3,
        "Net Income": -5
    },
    "2020-03-31": {
        "Diluted EPS": -9.4,
        "Total Revenue": 2,
        "Gross Profit": 1,
        "Operating Income": -5,
        "EBIT": -5,
        "Net Income": -7
    },
    "2019-12-31": {
        "Diluted EPS": -4.2,
        "Total Revenue": 3,
        "Gross Profit": 1,
        "Operating Income": -5,
        "EBIT": -5,
        "Net Income": -6
    },
    "2019-09-30": {
        "Diluted EPS": -14.0,
        "Total Revenue": 2,
        "Gross Profit": 1,
        "Operating Income": -5,
        "EBIT": -4,
        "Net Income": -6
    },
    "2019-06-30": {
        "Diluted EPS": -17.4,
        "Total Revenue": 2,
        "Gross Profit": 1,
        "Operating Income": -5,
        "EBIT": -4,
        "Net Income": -6
    },
    "2019-03-31": {
        "Diluted EPS": -28.0,
        "Total Revenue": 2,
        "Gross Profit": 0,
        "Operating Income": -5,
        "EBIT": -5,
        "Net Income": -6
    },
    "2018-12-31": {
        "Diluted EPS": NaN,
        "Total Revenue": 2,
        "Gross Profit": 1,
        "Operating Income": -6,
        "EBIT": -5,
        "Net Income": -7
    },
    "2018-09-30": {
        "Diluted EPS": -111.2,
        "Total Revenue": 2,
        "Gross Profit": 1,
        "Operating Income": -5,
        "EBIT": -5,
        "Net Income": -6
    },
    "2018-06-30": {
        "Diluted EPS": -196.6,
        "Total Revenue": 2,
        "Gross Profit": 0,
        "Operating Income": -6,
        "EBIT": -5,
        "Net Income": -7
    },
    "2018-03-31": {
        "Diluted EPS": NaN,
        "Total Revenue": 2,
        "Gross Profit": 0,
        "Operating Income": -6,
        "EBIT": -6,
        "Net Income": -16
    },
    "2017-12-31": {
        "Diluted EPS": NaN,
        "Total Revenue": 2,
        "Gross Profit": 0,
        "Operating Income": -9,
        "EBIT": -8,
        "Net Income": -10
    },
    "2017-09-30": {
        "Diluted EPS": NaN,
        "Total Revenue": 2,
        "Gross Profit": -1,
        "Operating Income": -9,
        "EBIT": -8,
        "Net Income": -10
    },
    "2017-06-30": {
        "Diluted EPS": NaN,
        "Total Revenue": 2,
        "Gross Profit": -1,
        "Operating Income": -11,
        "EBIT": -11,
        "Net Income": -13
    },
    "2017-03-31": {
        "Diluted EPS": NaN,
        "Total Revenue": 3,
        "Gross Profit": -1,
        "Operating Income": -14,
        "EBIT": -13,
        "Net Income": -15
    },
    "2016-12-31": {
        "Diluted EPS": NaN,
        "Total Revenue": 5,
        "Gross Profit": 1,
        "Operating Income": -12,
        "EBIT": -11,
        "Net Income": -13
    },
    "2016-09-30": {
        "Diluted EPS": NaN,
        "Total Revenue": 5,
        "Gross Profit": 2,
        "Operating Income": -11,
        "EBIT": -11,
        "Net Income": -13
    },
    "2016-06-30": {
        "Diluted EPS": NaN,
        "Total Revenue": 5,
        "Gross Profit": 1,
        "Operating Income": -12,
        "EBIT": -12,
        "Net Income": -13
    },
    "2016-03-31": {
        "Diluted EPS": NaN,
        "Total Revenue": 5,
        "Gross Profit": 1,
        "Operating Income": -15,
        "EBIT": -15,
        "Net Income": -16
    },
    "2015-12-31": {
        "Diluted EPS": NaN,
        "Total Revenue": 3,
        "Gross Profit": 1,
        "Operating Income": -12,
        "EBIT": -12,
        "Net Income": -13
    },
    "2015-09-30": {
        "Diluted EPS": NaN,
        "Total Revenue": 3,
        "Gross Profit": 1,
        "Operating Income": -10,
        "EBIT": -10,
        "Net Income": -13
    },
    "2015-06-30": {
        "Diluted EPS": NaN,
        "Total Revenue": 3,
        "Gross Profit": 1,
        "Operating Income": -9,
        "EBIT": -9,
        "Net Income": -10
    },
    "2015-03-31": {
        "Diluted EPS": NaN,
        "Total Revenue": 2,
        "Gross Profit": 1,
        "Operating Income": -9,
        "EBIT": -9,
        "Net Income": -13
    },
    "2014-12-31": {
        "Diluted EPS": NaN,
        "Total Revenue": 3,
        "Gross Profit": 1,
        "Operating Income": -7,
        "EBIT": -7,
        "Net Income": -8
    },
    "2014-09-30": {
        "Diluted EPS": NaN,
        "Total Revenue": 3,
        "Gross Profit": 1,
        "Operating Income": -6,
        "EBIT": -6,
        "Net Income": -9
    },
    "2014-06-30": {
        "Diluted EPS": NaN,
        "Total Revenue": 3,
        "Gross Profit": 1,
        "Operating Income": -6,
        "EBIT": -5,
        "Net Income": -7
    },
    "2014-03-31": {
        "Diluted EPS": NaN,
        "Total Revenue": 2,
        "Gross Profit": 1,
        "Operating Income": -6,
        "EBIT": -6,
        "Net Income": -8
    },
    "2013-12-31": {
        "Diluted EPS": 0.0,
        "Total Revenue": NaN,
        "Gross Profit": NaN,
        "Operating Income": NaN,
        "EBIT": NaN,
        "Net Income": NaN
    },
    "2012-12-31": {
        "Diluted EPS": 0.0,
        "Total Revenue": NaN,
        "Gross Profit": NaN,
        "Operating Income": NaN,
        "EBIT": NaN,
        "Net Income": NaN
    },
    "2023-09-30": {
        "Tax Effect Of Unusual Items": 0.0,
        "Tax Rate For Calcs": 0.0,
        "Normalized EBITDA": -3947000.0,
        "Net Income From Continuing Operation Net Minority Interest": -4476000.0,
        "Reconciled Depreciation": 74000.0,
        "Reconciled Cost Of Revenue": 1429000.0,
        "EBITDA": -3947000.0,
        "EBIT": -4021000.0,
        "Net Interest Income": -455000.0,
        "Interest Expense": 455000.0,
        "Normalized Income": -4476000.0,
        "Net Income From Continuing And Discontinued Operation": -4476000.0,
        "Total Expenses": 5850000.0,
        "Total Operating Income As Reported": -4033000.0,
        "Diluted Average Shares": 698000.0,
        "Basic Average Shares": 698000.0,
        "Diluted EPS": -2.92,
        "Basic EPS": -2.92,
        "Diluted NI Availto Com Stockholders": -2040000.0,
        "Net Income Common Stockholders": -2040000.0,
        "Otherunder Preferred Stock Dividend": NaN,
        "Preferred Stock Dividends": -2436000.0,
        "Net Income": -4476000.0,
        "Net Income Including Noncontrolling Interests": -4476000.0,
        "Net Income Continuous Operations": -4476000.0,
        "Pretax Income": -4476000.0,
        "Other Income Expense": 12000.0,
        "Other Non Operating Income Expenses": 12000.0,
        "Net Non Operating Interest Income Expense": -455000.0,
        "Total Other Finance Cost": NaN,
        "Interest Expense Non Operating": 455000.0,
        "Operating Income": -4033000.0,
        "Operating Expense": 4421000.0,
        "Research And Development": 1044000.0,
        "Selling General And Administration": 3377000.0,
        "Gross Profit": 388000.0,
        "Cost Of Revenue": 1429000.0,
        "Total Revenue": 1817000.0,
        "Operating Revenue": 1817000.0
    },
    "2023-12-31": {
        "Tax Effect Of Unusual Items": 0.0,
        "Tax Rate For Calcs": 0.0,
        "Normalized EBITDA": -4556000.0,
        "Net Income From Continuing Operation Net Minority Interest": -5024000.0,
        "Reconciled Depreciation": 75000.0,
        "Reconciled Cost Of Revenue": 1532000.0,
        "EBITDA": -4556000.0,
        "EBIT": -4631000.0,
        "Net Interest Income": -427000.0,
        "Interest Expense": NaN,
        "Normalized Income": -5024000.0,
        "Net Income From Continuing And Discontinued Operation": -5024000.0,
        "Total Expenses": 6521000.0,
        "Total Operating Income As Reported": -4615000.0,
        "Diluted Average Shares": NaN,
        "Basic Average Shares": NaN,
        "Diluted EPS": NaN,
        "Basic EPS": NaN,
        "Diluted NI Availto Com Stockholders": -5024000.0,
        "Net Income Common Stockholders": -5024000.0,
        "Otherunder Preferred Stock Dividend": NaN,
        "Preferred Stock Dividends": NaN,
        "Net Income": -5024000.0,
        "Net Income Including Noncontrolling Interests": -5024000.0,
        "Net Income Continuous Operations": -5024000.0,
        "Pretax Income": -5024000.0,
        "Other Income Expense": 18000.0,
        "Other Non Operating Income Expenses": 18000.0,
        "Net Non Operating Interest Income Expense": -427000.0,
        "Total Other Finance Cost": NaN,
        "Interest Expense Non Operating": NaN,
        "Operating Income": -4615000.0,
        "Operating Expense": 4989000.0,
        "Research And Development": 1152000.0,
        "Selling General And Administration": 3837000.0,
        "Gross Profit": 374000.0,
        "Cost Of Revenue": 1532000.0,
        "Total Revenue": 1906000.0,
        "Operating Revenue": 1906000.0
    },
    "2024-03-31": {
        "Tax Effect Of Unusual Items": 0.0,
        "Tax Rate For Calcs": 0.0,
        "Normalized EBITDA": -5018000.0,
        "Net Income From Continuing Operation Net Minority Interest": -5517000.0,
        "Reconciled Depreciation": 83000.0,
        "Reconciled Cost Of Revenue": 1516000.0,
        "EBITDA": -5018000.0,
        "EBIT": -5101000.0,
        "Net Interest Income": -416000.0,
        "Interest Expense": 416000.0,
        "Normalized Income": -5517000.0,
        "Net Income From Continuing And Discontinued Operation": -5517000.0,
        "Total Expenses": 6948000.0,
        "Total Operating Income As Reported": -5089000.0,
        "Diluted Average Shares": 1477000.0,
        "Basic Average Shares": 1477000.0,
        "Diluted EPS": -2.49,
        "Basic EPS": -2.49,
        "Diluted NI Availto Com Stockholders": -3674000.0,
        "Net Income Common Stockholders": -3674000.0,
        "Otherunder Preferred Stock Dividend": -1908000.0,
        "Preferred Stock Dividends": 65000.0,
        "Net Income": -5517000.0,
        "Net Income Including Noncontrolling Interests": -5517000.0,
        "Net Income Continuous Operations": -5517000.0,
        "Pretax Income": -5517000.0,
        "Other Income Expense": -12000.0,
        "Other Non Operating Income Expenses": -12000.0,
        "Net Non Operating Interest Income Expense": -416000.0,
        "Total Other Finance Cost": NaN,
        "Interest Expense Non Operating": 416000.0,
        "Operating Income": -5089000.0,
        "Operating Expense": 5432000.0,
        "Research And Development": 1062000.0,
        "Selling General And Administration": 4370000.0,
        "Gross Profit": 343000.0,
        "Cost Of Revenue": 1516000.0,
        "Total Revenue": 1859000.0,
        "Operating Revenue": 1859000.0
    },
    "2024-06-30": {
        "Tax Effect Of Unusual Items": 0.0,
        "Tax Rate For Calcs": 0.0,
        "Normalized EBITDA": -4041000.0,
        "Net Income From Continuing Operation Net Minority Interest": -4362000.0,
        "Reconciled Depreciation": 86000.0,
        "Reconciled Cost Of Revenue": 1469000.0,
        "EBITDA": -4041000.0,
        "EBIT": -4127000.0,
        "Net Interest Income": -234000.0,
        "Interest Expense": NaN,
        "Normalized Income": -4362000.0,
        "Net Income From Continuing And Discontinued Operation": -4362000.0,
        "Total Expenses": 5974000.0,
        "Total Operating Income As Reported": -4127000.0,
        "Diluted Average Shares": 1634000.0,
        "Basic Average Shares": 1634000.0,
        "Diluted EPS": -2.82,
        "Basic EPS": -2.82,
        "Diluted NI Availto Com Stockholders": -4600000.0,
        "Net Income Common Stockholders": -4600000.0,
        "Otherunder Preferred Stock Dividend": NaN,
        "Preferred Stock Dividends": 238000.0,
        "Net Income": -4362000.0,
        "Net Income Including Noncontrolling Interests": -4362000.0,
        "Net Income Continuous Operations": -4362000.0,
        "Pretax Income": -4362000.0,
        "Other Income Expense": -1000.0,
        "Other Non Operating Income Expenses": -1000.0,
        "Net Non Operating Interest Income Expense": -234000.0,
        "Total Other Finance Cost": 234000.0,
        "Interest Expense Non Operating": NaN,
        "Operating Income": -4127000.0,
        "Operating Expense": 4505000.0,
        "Research And Development": 904000.0,
        "Selling General And Administration": 3601000.0,
        "Gross Profit": 378000.0,
        "Cost Of Revenue": 1469000.0,
        "Total Revenue": 1847000.0,
        "Operating Revenue": 1847000.0
    }
}