{
    "2023-03-31": {
        "Tax Effect Of Unusual Items": 0.0,
        "Tax Rate For Calcs": 0.0,
        "Normalized EBITDA": -24892000.0,
        "Total Unusual Items": NaN,
        "Total Unusual Items Excluding Goodwill": NaN,
        "Net Income From Continuing Operation Net Minority Interest": -24957000.0,
        "Reconciled Depreciation": 328000.0,
        "EBITDA": -24892000.0,
        "EBIT": -25220000.0,
        "Net Interest Income": 248000.0,
        "Interest Expense": NaN,
        "Normalized Income": -24957000.0,
        "Net Income From Continuing And Discontinued Operation": -24957000.0,
        "Total Expenses": 25220000.0,
        "Total Operating Income As Reported": -25220000.0,
        "Diluted Average Shares": 44037000.0,
        "Basic Average Shares": 44037000.0,
        "Diluted EPS": -0.57,
        "Basic EPS": -0.57,
        "Diluted NI Availto Com Stockholders": -24957000.0,
        "Net Income Common Stockholders": -24957000.0,
        "Net Income": -24957000.0,
        "Net Income Including Noncontrolling Interests": -24957000.0,
        "Net Income Continuous Operations": -24957000.0,
        "Pretax Income": -24957000.0,
        "Other Income Expense": 15000.0,
        "Other Non Operating Income Expenses": 15000.0,
        "Special Income Charges": NaN,
        "Gain On Sale Of Ppe": NaN,
        "Write Off": NaN,
        "Net Non Operating Interest Income Expense": 248000.0,
        "Total Other Finance Cost": -248000.0,
        "Interest Expense Non Operating": NaN,
        "Operating Income": -25220000.0,
        "Operating Expense": 25220000.0,
        "Research And Development": 17333000.0,
        "Selling General And Administration": 7887000.0,
        "General And Administrative Expense": 7887000.0,
        "Other Gand A": 7887000.0,
        "Salaries And Wages": NaN,
        "Total Revenue": 0.0,
        "Operating Revenue": 0.0
    },
    "2022-12-31": {
        "Tax Effect Of Unusual Items": NaN,
        "Tax Rate For Calcs": NaN,
        "Normalized EBITDA": NaN,
        "Total Unusual Items": NaN,
        "Total Unusual Items Excluding Goodwill": NaN,
        "Net Income From Continuing Operation Net Minority Interest": NaN,
        "Reconciled Depreciation": NaN,
        "EBITDA": NaN,
        "EBIT": NaN,
        "Net Interest Income": NaN,
        "Interest Expense": NaN,
        "Normalized Income": NaN,
        "Net Income From Continuing And Discontinued Operation": NaN,
        "Total Expenses": NaN,
        "Total Operating Income As Reported": NaN,
        "Diluted Average Shares": 43788000.0,
        "Basic Average Shares": 43788000.0,
        "Diluted EPS": -0.57,
        "Basic EPS": -0.57,
        "Diluted NI Availto Com Stockholders": NaN,
        "Net Income Common Stockholders": NaN,
        "Net Income": NaN,
        "Net Income Including Noncontrolling Interests": NaN,
        "Net Income Continuous Operations": NaN,
        "Pretax Income": NaN,
        "Other Income Expense": NaN,
        "Other Non Operating Income Expenses": NaN,
        "Special Income Charges": NaN,
        "Gain On Sale Of Ppe": NaN,
        "Write Off": NaN,
        "Net Non Operating Interest Income Expense": NaN,
        "Total Other Finance Cost": -245000.0,
        "Interest Expense Non Operating": NaN,
        "Operating Income": NaN,
        "Operating Expense": NaN,
        "Research And Development": NaN,
        "Selling General And Administration": NaN,
        "General And Administrative Expense": NaN,
        "Other Gand A": NaN,
        "Salaries And Wages": NaN,
        "Total Revenue": NaN,
        "Operating Revenue": NaN
    },
    "2022-09-30": {
        "Tax Effect Of Unusual Items": NaN,
        "Tax Rate For Calcs": NaN,
        "Normalized EBITDA": NaN,
        "Total Unusual Items": 0.0,
        "Total Unusual Items Excluding Goodwill": 0.0,
        "Net Income From Continuing Operation Net Minority Interest": NaN,
        "Reconciled Depreciation": NaN,
        "EBITDA": NaN,
        "EBIT": NaN,
        "Net Interest Income": NaN,
        "Interest Expense": NaN,
        "Normalized Income": NaN,
        "Net Income From Continuing And Discontinued Operation": NaN,
        "Total Expenses": NaN,
        "Total Operating Income As Reported": NaN,
        "Diluted Average Shares": NaN,
        "Basic Average Shares": NaN,
        "Diluted EPS": NaN,
        "Basic EPS": NaN,
        "Diluted NI Availto Com Stockholders": NaN,
        "Net Income Common Stockholders": NaN,
        "Net Income": NaN,
        "Net Income Including Noncontrolling Interests": NaN,
        "Net Income Continuous Operations": NaN,
        "Pretax Income": NaN,
        "Other Income Expense": NaN,
        "Other Non Operating Income Expenses": NaN,
        "Special Income Charges": 0.0,
        "Gain On Sale Of Ppe": 0.0,
        "Write Off": 0.0,
        "Net Non Operating Interest Income Expense": NaN,
        "Total Other Finance Cost": NaN,
        "Interest Expense Non Operating": NaN,
        "Operating Income": NaN,
        "Operating Expense": NaN,
        "Research And Development": NaN,
        "Selling General And Administration": NaN,
        "General And Administrative Expense": NaN,
        "Other Gand A": NaN,
        "Salaries And Wages": NaN,
        "Total Revenue": NaN,
        "Operating Revenue": NaN
    },
    "2022-06-30": {
        "Tax Effect Of Unusual Items": 0.0,
        "Tax Rate For Calcs": 0.0,
        "Normalized EBITDA": -27420000.0,
        "Total Unusual Items": NaN,
        "Total Unusual Items Excluding Goodwill": NaN,
        "Net Income From Continuing Operation Net Minority Interest": -28054000.0,
        "Reconciled Depreciation": 354000.0,
        "EBITDA": -27420000.0,
        "EBIT": -27774000.0,
        "Net Interest Income": -285000.0,
        "Interest Expense": NaN,
        "Normalized Income": -28054000.0,
        "Net Income From Continuing And Discontinued Operation": -28054000.0,
        "Total Expenses": 27774000.0,
        "Total Operating Income As Reported": -27774000.0,
        "Diluted Average Shares": 43696000.0,
        "Basic Average Shares": 43696000.0,
        "Diluted EPS": -0.64,
        "Basic EPS": -0.64,
        "Diluted NI Availto Com Stockholders": -28054000.0,
        "Net Income Common Stockholders": -28054000.0,
        "Net Income": -28054000.0,
        "Net Income Including Noncontrolling Interests": -28054000.0,
        "Net Income Continuous Operations": -28054000.0,
        "Pretax Income": -28054000.0,
        "Other Income Expense": 5000.0,
        "Other Non Operating Income Expenses": 5000.0,
        "Special Income Charges": NaN,
        "Gain On Sale Of Ppe": NaN,
        "Net Non Operating Interest Income Expense": -285000.0,
        "Total Other Finance Cost": 285000.0,
        "Interest Expense Non Operating": NaN,
        "Operating Income": -27774000.0,
        "Operating Expense": 27774000.0,
        "Research And Development": 18877000.0,
        "Selling General And Administration": 8897000.0,
        "General And Administrative Expense": 8897000.0,
        "Other Gand A": 8897000.0,
        "Salaries And Wages": NaN,
        "Total Revenue": 0.0,
        "Operating Revenue": 0.0
    },
    "2022-03-31": {
        "Diluted EPS": -0.68,
        "Total Revenue": NaN,
        "Gross Profit": NaN,
        "Operating Income": -29,
        "EBIT": -29,
        "Net Income": -30
    },
    "2021-12-31": {
        "Diluted EPS": -0.64,
        "Total Revenue": NaN,
        "Gross Profit": NaN,
        "Operating Income": -28,
        "EBIT": -28,
        "Net Income": -28
    },
    "2021-09-30": {
        "Diluted EPS": -0.75,
        "Total Revenue": NaN,
        "Gross Profit": NaN,
        "Operating Income": -33,
        "EBIT": -32,
        "Net Income": -33
    },
    "2021-06-30": {
        "Diluted EPS": -0.74,
        "Total Revenue": NaN,
        "Gross Profit": NaN,
        "Operating Income": -31,
        "EBIT": -31,
        "Net Income": -31
    },
    "2021-03-31": {
        "Diluted EPS": -0.65,
        "Total Revenue": NaN,
        "Gross Profit": NaN,
        "Operating Income": -27,
        "EBIT": -27,
        "Net Income": -27
    },
    "2020-12-31": {
        "Diluted EPS": -0.73,
        "Total Revenue": NaN,
        "Gross Profit": NaN,
        "Operating Income": -28,
        "EBIT": -28,
        "Net Income": -28
    },
    "2020-09-30": {
        "Diluted EPS": -1.01,
        "Total Revenue": NaN,
        "Gross Profit": NaN,
        "Operating Income": -37,
        "EBIT": -36,
        "Net Income": -37
    },
    "2020-06-30": {
        "Diluted EPS": -0.8,
        "Total Revenue": NaN,
        "Gross Profit": NaN,
        "Operating Income": -29,
        "EBIT": -29,
        "Net Income": -29
    },
    "2020-03-31": {
        "Diluted EPS": -0.77,
        "Total Revenue": NaN,
        "Gross Profit": NaN,
        "Operating Income": -27,
        "EBIT": -26,
        "Net Income": -26
    },
    "2019-12-31": {
        "Diluted EPS": -0.7,
        "Total Revenue": NaN,
        "Gross Profit": NaN,
        "Operating Income": -23,
        "EBIT": -23,
        "Net Income": -23
    },
    "2019-09-30": {
        "Diluted EPS": -0.57,
        "Total Revenue": NaN,
        "Gross Profit": NaN,
        "Operating Income": -18,
        "EBIT": -18,
        "Net Income": -17
    },
    "2019-06-30": {
        "Diluted EPS": -0.67,
        "Total Revenue": NaN,
        "Gross Profit": NaN,
        "Operating Income": -17,
        "EBIT": -16,
        "Net Income": -16
    },
    "2019-03-31": {
        "Diluted EPS": -0.72,
        "Total Revenue": NaN,
        "Gross Profit": NaN,
        "Operating Income": -18,
        "EBIT": -18,
        "Net Income": -17
    },
    "2018-12-31": {
        "Diluted EPS": 4.36,
        "Total Revenue": NaN,
        "Gross Profit": NaN,
        "Operating Income": -17,
        "EBIT": -16,
        "Net Income": -16
    },
    "2018-09-30": {
        "Diluted EPS": -0.49,
        "Total Revenue": NaN,
        "Gross Profit": NaN,
        "Operating Income": -12,
        "EBIT": -12,
        "Net Income": -12
    },
    "2018-06-30": {
        "Diluted EPS": -2.98,
        "Total Revenue": NaN,
        "Gross Profit": NaN,
        "Operating Income": -10,
        "EBIT": -9,
        "Net Income": -11
    },
    "2018-03-31": {
        "Diluted EPS": -4.51,
        "Total Revenue": NaN,
        "Gross Profit": NaN,
        "Operating Income": -8,
        "EBIT": -8,
        "Net Income": -10
    },
    "2017-12-31": {
        "Diluted EPS": 0.0,
        "Total Revenue": NaN,
        "Gross Profit": NaN,
        "Operating Income": NaN,
        "EBIT": NaN,
        "Net Income": NaN
    },
    "2017-09-30": {
        "Diluted EPS": -2.85,
        "Total Revenue": NaN,
        "Gross Profit": NaN,
        "Operating Income": -6,
        "EBIT": -6,
        "Net Income": -6
    },
    "2017-06-30": {
        "Diluted EPS": -1.15,
        "Total Revenue": NaN,
        "Gross Profit": NaN,
        "Operating Income": -3,
        "EBIT": -3,
        "Net Income": -3
    },
    "2016-12-31": {
        "Diluted EPS": 0.0,
        "Total Revenue": NaN,
        "Gross Profit": NaN,
        "Operating Income": NaN,
        "EBIT": NaN,
        "Net Income": NaN
    },
    "2023-06-30": {
        "Tax Effect Of Unusual Items": 17584560.0,
        "Tax Rate For Calcs": 0.21,
        "Normalized EBITDA": -15476000.0,
        "Total Unusual Items": 83736000.0,
        "Total Unusual Items Excluding Goodwill": 83736000.0,
        "Net Income From Continuing Operation Net Minority Interest": 67476000.0,
        "Reconciled Depreciation": 289000.0,
        "EBITDA": 68260000.0,
        "EBIT": 67971000.0,
        "Net Interest Income": -495000.0,
        "Interest Expense": 495000.0,
        "Normalized Income": 1324560.0,
        "Net Income From Continuing And Discontinued Operation": 67476000.0,
        "Total Expenses": 15729000.0,
        "Total Operating Income As Reported": 68007000.0,
        "Diluted Average Shares": 44281000.0,
        "Basic Average Shares": 44134000.0,
        "Diluted EPS": 1.52,
        "Basic EPS": 1.53,
        "Diluted NI Availto Com Stockholders": 67476000.0,
        "Net Income Common Stockholders": 67476000.0,
        "Net Income": 67476000.0,
        "Net Income Including Noncontrolling Interests": 67476000.0,
        "Net Income Continuous Operations": 67476000.0,
        "Pretax Income": 67476000.0,
        "Other Income Expense": 83700000.0,
        "Other Non Operating Income Expenses": -36000.0,
        "Special Income Charges": 83736000.0,
        "Gain On Sale Of Ppe": 83736000.0,
        "Write Off": NaN,
        "Net Non Operating Interest Income Expense": -495000.0,
        "Total Other Finance Cost": NaN,
        "Interest Expense Non Operating": 495000.0,
        "Operating Income": -15729000.0,
        "Operating Expense": 15729000.0,
        "Research And Development": 11148000.0,
        "Selling General And Administration": 4581000.0,
        "General And Administrative Expense": 4581000.0,
        "Other Gand A": 3716000.0,
        "Salaries And Wages": 865000.0,
        "Total Revenue": 0.0,
        "Operating Revenue": 0.0
    },
    "2023-09-30": {
        "Tax Effect Of Unusual Items": 0.0,
        "Tax Rate For Calcs": 0.0,
        "Normalized EBITDA": -19249000.0,
        "Total Unusual Items": -1842000.0,
        "Total Unusual Items Excluding Goodwill": -1842000.0,
        "Net Income From Continuing Operation Net Minority Interest": -21577000.0,
        "Reconciled Depreciation": 0.0,
        "EBITDA": -21091000.0,
        "EBIT": -21091000.0,
        "Net Interest Income": 1407000.0,
        "Interest Expense": NaN,
        "Normalized Income": -19735000.0,
        "Net Income From Continuing And Discontinued Operation": -21577000.0,
        "Total Expenses": 21091000.0,
        "Total Operating Income As Reported": -22933000.0,
        "Diluted Average Shares": 44528000.0,
        "Basic Average Shares": 44528000.0,
        "Diluted EPS": -0.48,
        "Basic EPS": -0.48,
        "Diluted NI Availto Com Stockholders": -21577000.0,
        "Net Income Common Stockholders": -21577000.0,
        "Net Income": -21577000.0,
        "Net Income Including Noncontrolling Interests": -21577000.0,
        "Net Income Continuous Operations": -21577000.0,
        "Pretax Income": -21577000.0,
        "Other Income Expense": -1893000.0,
        "Other Non Operating Income Expenses": -51000.0,
        "Special Income Charges": -1842000.0,
        "Gain On Sale Of Ppe": 0.0,
        "Write Off": 1842000.0,
        "Net Non Operating Interest Income Expense": 1407000.0,
        "Total Other Finance Cost": -1407000.0,
        "Interest Expense Non Operating": NaN,
        "Operating Income": -21091000.0,
        "Operating Expense": 21091000.0,
        "Research And Development": 14829000.0,
        "Selling General And Administration": 6262000.0,
        "General And Administrative Expense": 6262000.0,
        "Other Gand A": 6262000.0,
        "Salaries And Wages": NaN,
        "Total Revenue": 0.0,
        "Operating Revenue": 0.0
    },
    "2023-12-31": {
        "Tax Effect Of Unusual Items": 0.0,
        "Tax Rate For Calcs": 0.0,
        "Normalized EBITDA": -9592000.0,
        "Total Unusual Items": -35000.0,
        "Total Unusual Items Excluding Goodwill": -35000.0,
        "Net Income From Continuing Operation Net Minority Interest": -8785000.0,
        "Reconciled Depreciation": 0.0,
        "EBITDA": -9627000.0,
        "EBIT": -9627000.0,
        "Net Interest Income": 1260000.0,
        "Interest Expense": NaN,
        "Normalized Income": -8750000.0,
        "Net Income From Continuing And Discontinued Operation": -8785000.0,
        "Total Expenses": 9627000.0,
        "Total Operating Income As Reported": -9662000.0,
        "Diluted Average Shares": NaN,
        "Basic Average Shares": NaN,
        "Diluted EPS": NaN,
        "Basic EPS": NaN,
        "Diluted NI Availto Com Stockholders": -8785000.0,
        "Net Income Common Stockholders": -8785000.0,
        "Net Income": -8785000.0,
        "Net Income Including Noncontrolling Interests": -8785000.0,
        "Net Income Continuous Operations": -8785000.0,
        "Pretax Income": -8408000.0,
        "Other Income Expense": -41000.0,
        "Other Non Operating Income Expenses": -6000.0,
        "Special Income Charges": -35000.0,
        "Gain On Sale Of Ppe": 0.0,
        "Write Off": 35000.0,
        "Net Non Operating Interest Income Expense": 1260000.0,
        "Total Other Finance Cost": -1260000.0,
        "Interest Expense Non Operating": NaN,
        "Operating Income": -9627000.0,
        "Operating Expense": 9627000.0,
        "Research And Development": 4390000.0,
        "Selling General And Administration": 5237000.0,
        "General And Administrative Expense": 5237000.0,
        "Other Gand A": 5237000.0,
        "Salaries And Wages": NaN,
        "Total Revenue": 0.0,
        "Operating Revenue": 0.0
    },
    "2024-03-31": {
        "Tax Effect Of Unusual Items": 0.0,
        "Tax Rate For Calcs": 0.0,
        "Normalized EBITDA": -7941000.0,
        "Total Unusual Items": NaN,
        "Total Unusual Items Excluding Goodwill": NaN,
        "Net Income From Continuing Operation Net Minority Interest": -6808000.0,
        "Reconciled Depreciation": 0.0,
        "EBITDA": -7941000.0,
        "EBIT": -7941000.0,
        "Net Interest Income": 1146000.0,
        "Interest Expense": NaN,
        "Normalized Income": -6808000.0,
        "Net Income From Continuing And Discontinued Operation": -6808000.0,
        "Total Expenses": 7941000.0,
        "Total Operating Income As Reported": -7941000.0,
        "Diluted Average Shares": 44791000.0,
        "Basic Average Shares": 44791000.0,
        "Diluted EPS": -0.15,
        "Basic EPS": -0.15,
        "Diluted NI Availto Com Stockholders": -6808000.0,
        "Net Income Common Stockholders": -6808000.0,
        "Net Income": -6808000.0,
        "Net Income Including Noncontrolling Interests": -6808000.0,
        "Net Income Continuous Operations": -6808000.0,
        "Pretax Income": -6808000.0,
        "Other Income Expense": -13000.0,
        "Other Non Operating Income Expenses": -13000.0,
        "Special Income Charges": NaN,
        "Gain On Sale Of Ppe": NaN,
        "Write Off": NaN,
        "Net Non Operating Interest Income Expense": 1146000.0,
        "Total Other Finance Cost": -1146000.0,
        "Interest Expense Non Operating": NaN,
        "Operating Income": -7941000.0,
        "Operating Expense": 7941000.0,
        "Research And Development": 683000.0,
        "Selling General And Administration": 7258000.0,
        "General And Administrative Expense": 7258000.0,
        "Other Gand A": 7258000.0,
        "Salaries And Wages": NaN,
        "Total Revenue": 0.0,
        "Operating Revenue": 0.0
    }
}