{
    "2023-03-31": {
        "Tax Effect Of Unusual Items": NaN,
        "Tax Rate For Calcs": NaN,
        "Normalized EBITDA": NaN,
        "Total Unusual Items": NaN,
        "Total Unusual Items Excluding Goodwill": NaN,
        "Net Income From Continuing Operation Net Minority Interest": NaN,
        "Reconciled Depreciation": NaN,
        "Reconciled Cost Of Revenue": NaN,
        "EBITDA": NaN,
        "EBIT": NaN,
        "Net Interest Income": NaN,
        "Interest Expense": NaN,
        "Normalized Income": NaN,
        "Net Income From Continuing And Discontinued Operation": NaN,
        "Total Expenses": NaN,
        "Total Operating Income As Reported": NaN,
        "Diluted Average Shares": 92456000.0,
        "Basic Average Shares": 91436000.0,
        "Diluted EPS": 2.03,
        "Basic EPS": 2.05,
        "Diluted NI Availto Com Stockholders": NaN,
        "Net Income Common Stockholders": NaN,
        "Net Income": NaN,
        "Net Income Including Noncontrolling Interests": NaN,
        "Net Income Continuous Operations": NaN,
        "Tax Provision": NaN,
        "Pretax Income": NaN,
        "Other Income Expense": NaN,
        "Other Non Operating Income Expenses": NaN,
        "Special Income Charges": NaN,
        "Other Special Charges": NaN,
        "Restructuring And Mergern Acquisition": NaN,
        "Net Non Operating Interest Income Expense": NaN,
        "Interest Expense Non Operating": NaN,
        "Operating Income": NaN,
        "Operating Expense": NaN,
        "Selling General And Administration": NaN,
        "Gross Profit": NaN,
        "Cost Of Revenue": NaN,
        "Total Revenue": NaN,
        "Operating Revenue": NaN
    },
    "2022-12-31": {
        "Tax Effect Of Unusual Items": NaN,
        "Tax Rate For Calcs": NaN,
        "Normalized EBITDA": NaN,
        "Total Unusual Items": NaN,
        "Total Unusual Items Excluding Goodwill": NaN,
        "Net Income From Continuing Operation Net Minority Interest": NaN,
        "Reconciled Depreciation": NaN,
        "Reconciled Cost Of Revenue": NaN,
        "EBITDA": NaN,
        "EBIT": NaN,
        "Net Interest Income": NaN,
        "Interest Expense": NaN,
        "Normalized Income": NaN,
        "Net Income From Continuing And Discontinued Operation": NaN,
        "Total Expenses": NaN,
        "Total Operating Income As Reported": NaN,
        "Diluted Average Shares": NaN,
        "Basic Average Shares": NaN,
        "Diluted EPS": NaN,
        "Basic EPS": NaN,
        "Diluted NI Availto Com Stockholders": NaN,
        "Net Income Common Stockholders": NaN,
        "Net Income": NaN,
        "Net Income Including Noncontrolling Interests": NaN,
        "Net Income Continuous Operations": NaN,
        "Tax Provision": NaN,
        "Pretax Income": NaN,
        "Other Income Expense": NaN,
        "Other Non Operating Income Expenses": NaN,
        "Special Income Charges": NaN,
        "Other Special Charges": -61705000.0,
        "Restructuring And Mergern Acquisition": NaN,
        "Net Non Operating Interest Income Expense": NaN,
        "Interest Expense Non Operating": NaN,
        "Operating Income": NaN,
        "Operating Expense": NaN,
        "Selling General And Administration": NaN,
        "Gross Profit": NaN,
        "Cost Of Revenue": NaN,
        "Total Revenue": NaN,
        "Operating Revenue": NaN
    },
    "2022-09-30": {
        "Tax Effect Of Unusual Items": 0.0,
        "Tax Rate For Calcs": 0.250246,
        "Normalized EBITDA": 326396000.0,
        "Total Unusual Items": 0.0,
        "Total Unusual Items Excluding Goodwill": 0.0,
        "Net Income From Continuing Operation Net Minority Interest": 184261000.0,
        "Reconciled Depreciation": 35536000.0,
        "Reconciled Cost Of Revenue": 5981960000.0,
        "EBITDA": 326396000.0,
        "EBIT": 290860000.0,
        "Net Interest Income": -45098000.0,
        "Interest Expense": 45098000.0,
        "Normalized Income": 184261000.0,
        "Net Income From Continuing And Discontinued Operation": 184261000.0,
        "Total Expenses": 6459596000.0,
        "Total Operating Income As Reported": 290537000.0,
        "Diluted Average Shares": 95636000.0,
        "Basic Average Shares": 94051000.0,
        "Diluted EPS": 1.93,
        "Basic EPS": 1.96,
        "Diluted NI Availto Com Stockholders": 184261000.0,
        "Net Income Common Stockholders": 184261000.0,
        "Net Income": 184261000.0,
        "Net Income Including Noncontrolling Interests": 184261000.0,
        "Net Income Continuous Operations": 184261000.0,
        "Tax Provision": 61501000.0,
        "Pretax Income": 245762000.0,
        "Other Income Expense": 323000.0,
        "Other Non Operating Income Expenses": 323000.0,
        "Special Income Charges": 0.0,
        "Other Special Charges": NaN,
        "Restructuring And Mergern Acquisition": 0.0,
        "Net Non Operating Interest Income Expense": -45098000.0,
        "Interest Expense Non Operating": 45098000.0,
        "Operating Income": 290537000.0,
        "Operating Expense": 477636000.0,
        "Selling General And Administration": 477636000.0,
        "Gross Profit": 768173000.0,
        "Cost Of Revenue": 5981960000.0,
        "Total Revenue": 6750133000.0,
        "Operating Revenue": 6750133000.0
    },
    "2022-06-30": {
        "Tax Effect Of Unusual Items": 0.0,
        "Tax Rate For Calcs": 0.006912,
        "Normalized EBITDA": 315684000.0,
        "Total Unusual Items": 0.0,
        "Total Unusual Items Excluding Goodwill": 0.0,
        "Net Income From Continuing Operation Net Minority Interest": 246823000.0,
        "Reconciled Depreciation": 37156000.0,
        "Reconciled Cost Of Revenue": 5593022000.0,
        "EBITDA": 315684000.0,
        "EBIT": 278528000.0,
        "Net Interest Income": -29987000.0,
        "Interest Expense": 29987000.0,
        "Normalized Income": 246823000.0,
        "Net Income From Continuing And Discontinued Operation": 246823000.0,
        "Total Expenses": 6087965000.0,
        "Total Operating Income As Reported": 284688000.0,
        "Diluted Average Shares": 98388000.0,
        "Basic Average Shares": 97309000.0,
        "Diluted EPS": 2.51,
        "Basic EPS": 2.54,
        "Diluted NI Availto Com Stockholders": 246823000.0,
        "Net Income Common Stockholders": 246823000.0,
        "Net Income": 246823000.0,
        "Net Income Including Noncontrolling Interests": 246823000.0,
        "Net Income Continuous Operations": 246823000.0,
        "Tax Provision": 1718000.0,
        "Pretax Income": 248541000.0,
        "Other Income Expense": -6160000.0,
        "Other Non Operating Income Expenses": -6160000.0,
        "Special Income Charges": 0.0,
        "Other Special Charges": 0.0,
        "Restructuring And Mergern Acquisition": 0.0,
        "Net Non Operating Interest Income Expense": -29987000.0,
        "Interest Expense Non Operating": 29987000.0,
        "Operating Income": 284688000.0,
        "Operating Expense": 494943000.0,
        "Selling General And Administration": 494943000.0,
        "Gross Profit": 779631000.0,
        "Cost Of Revenue": 5593022000.0,
        "Total Revenue": 6372653000.0,
        "Operating Revenue": 6372653000.0
    },
    "2022-03-31": {
        "Diluted EPS": 1.84,
        "Total Revenue": NaN,
        "Gross Profit": 813,
        "Operating Income": 274,
        "EBIT": 312,
        "Net Income": 183
    },
    "2021-12-31": {
        "Diluted EPS": 1.5,
        "Total Revenue": NaN,
        "Gross Profit": 713,
        "Operating Income": 212,
        "EBIT": 251,
        "Net Income": 151
    },
    "2021-09-30": {
        "Diluted EPS": 1.1,
        "Total Revenue": NaN,
        "Gross Profit": 660,
        "Operating Income": 168,
        "EBIT": 209,
        "Net Income": 111
    },
    "2021-06-30": {
        "Diluted EPS": 0.86,
        "Total Revenue": NaN,
        "Gross Profit": 645,
        "Operating Income": 118,
        "EBIT": 161,
        "Net Income": 85
    },
    "2021-03-31": {
        "Diluted EPS": 1.07,
        "Total Revenue": NaN,
        "Gross Profit": 568,
        "Operating Income": 88,
        "EBIT": 130,
        "Net Income": 107
    },
    "2020-12-31": {
        "Diluted EPS": 0.19,
        "Total Revenue": NaN,
        "Gross Profit": 511,
        "Operating Income": 57,
        "EBIT": 104,
        "Net Income": 19
    },
    "2020-09-30": {
        "Diluted EPS": -0.19,
        "Total Revenue": NaN,
        "Gross Profit": 516,
        "Operating Income": 19,
        "EBIT": 75,
        "Net Income": -19
    },
    "2020-06-30": {
        "Diluted EPS": 0.54,
        "Total Revenue": NaN,
        "Gross Profit": 475,
        "Operating Income": 2,
        "EBIT": -85,
        "Net Income": 52
    },
    "2020-03-31": {
        "Diluted EPS": -1.29,
        "Total Revenue": NaN,
        "Gross Profit": 519,
        "Operating Income": -116,
        "EBIT": 92,
        "Net Income": -129
    },
    "2019-12-31": {
        "Diluted EPS": 0.04,
        "Total Revenue": NaN,
        "Gross Profit": 526,
        "Operating Income": 46,
        "EBIT": 108,
        "Net Income": 4
    },
    "2019-09-30": {
        "Diluted EPS": 0.4,
        "Total Revenue": NaN,
        "Gross Profit": 544,
        "Operating Income": 63,
        "EBIT": 123,
        "Net Income": 42
    },
    "2019-06-30": {
        "Diluted EPS": -0.27,
        "Total Revenue": NaN,
        "Gross Profit": 595,
        "Operating Income": -30,
        "EBIT": 207,
        "Net Income": -32
    },
    "2019-03-31": {
        "Diluted EPS": 0.81,
        "Total Revenue": NaN,
        "Gross Profit": 624,
        "Operating Income": 153,
        "EBIT": 200,
        "Net Income": 88
    },
    "2018-12-31": {
        "Diluted EPS": 0.33,
        "Total Revenue": NaN,
        "Gross Profit": 630,
        "Operating Income": 96,
        "EBIT": 139,
        "Net Income": 36
    },
    "2018-09-30": {
        "Diluted EPS": 0.72,
        "Total Revenue": NaN,
        "Gross Profit": 637,
        "Operating Income": 147,
        "EBIT": 193,
        "Net Income": 84
    },
    "2018-06-30": {
        "Diluted EPS": 0.52,
        "Total Revenue": NaN,
        "Gross Profit": 659,
        "Operating Income": 122,
        "EBIT": 178,
        "Net Income": 59
    },
    "2018-03-31": {
        "Diluted EPS": -2.68,
        "Total Revenue": NaN,
        "Gross Profit": 654,
        "Operating Income": -58,
        "EBIT": 182,
        "Net Income": -320
    },
    "2017-12-31": {
        "Diluted EPS": 0.39,
        "Total Revenue": NaN,
        "Gross Profit": 602,
        "Operating Income": 82,
        "EBIT": 143,
        "Net Income": 47
    },
    "2017-09-30": {
        "Diluted EPS": 0.47,
        "Total Revenue": NaN,
        "Gross Profit": 613,
        "Operating Income": 65,
        "EBIT": 128,
        "Net Income": 58
    },
    "2017-06-30": {
        "Diluted EPS": 0.66,
        "Total Revenue": NaN,
        "Gross Profit": 631,
        "Operating Income": 76,
        "EBIT": 133,
        "Net Income": 81
    },
    "2017-03-31": {
        "Diluted EPS": 2.1,
        "Total Revenue": NaN,
        "Gross Profit": 630,
        "Operating Income": 114,
        "EBIT": 155,
        "Net Income": 272
    },
    "2016-12-31": {
        "Diluted EPS": 0.79,
        "Total Revenue": NaN,
        "Gross Profit": 586,
        "Operating Income": 124,
        "EBIT": 160,
        "Net Income": 103
    },
    "2016-09-30": {
        "Diluted EPS": 0.53,
        "Total Revenue": NaN,
        "Gross Profit": 523,
        "Operating Income": 130,
        "EBIT": 151,
        "Net Income": 69
    },
    "2016-06-30": {
        "Diluted EPS": 0.75,
        "Total Revenue": NaN,
        "Gross Profit": 731,
        "Operating Income": 173,
        "EBIT": 196,
        "Net Income": 97
    },
    "2016-03-31": {
        "Diluted EPS": 0.94,
        "Total Revenue": NaN,
        "Gross Profit": 521,
        "Operating Income": 150,
        "EBIT": 169,
        "Net Income": 123
    },
    "2015-12-31": {
        "Diluted EPS": 1.16,
        "Total Revenue": NaN,
        "Gross Profit": 505,
        "Operating Income": 136,
        "EBIT": 155,
        "Net Income": 156
    },
    "2015-09-30": {
        "Diluted EPS": 0.96,
        "Total Revenue": NaN,
        "Gross Profit": 563,
        "Operating Income": 170,
        "EBIT": 189,
        "Net Income": 130
    },
    "2015-06-30": {
        "Diluted EPS": 1.15,
        "Total Revenue": NaN,
        "Gross Profit": 786,
        "Operating Income": 180,
        "EBIT": 159,
        "Net Income": 159
    },
    "2015-03-31": {
        "Diluted EPS": 0.88,
        "Total Revenue": NaN,
        "Gross Profit": 774,
        "Operating Income": 204,
        "EBIT": 238,
        "Net Income": 122
    },
    "2014-12-31": {
        "Diluted EPS": 1.18,
        "Total Revenue": NaN,
        "Gross Profit": 838,
        "Operating Income": 250,
        "EBIT": 285,
        "Net Income": 164
    },
    "2014-09-30": {
        "Diluted EPS": 0.91,
        "Total Revenue": NaN,
        "Gross Profit": 795,
        "Operating Income": 193,
        "EBIT": 228,
        "Net Income": 128
    },
    "2014-06-30": {
        "Diluted EPS": 1.33,
        "Total Revenue": NaN,
        "Gross Profit": 837,
        "Operating Income": 205,
        "EBIT": 241,
        "Net Income": 186
    },
    "2014-03-31": {
        "Diluted EPS": 0.81,
        "Total Revenue": NaN,
        "Gross Profit": 805,
        "Operating Income": 185,
        "EBIT": 220,
        "Net Income": 114
    },
    "2013-12-31": {
        "Diluted EPS": 0.89,
        "Total Revenue": NaN,
        "Gross Profit": 849,
        "Operating Income": 222,
        "EBIT": 258,
        "Net Income": 125
    },
    "2013-09-30": {
        "Diluted EPS": 0.86,
        "Total Revenue": NaN,
        "Gross Profit": 735,
        "Operating Income": 179,
        "EBIT": 208,
        "Net Income": 121
    },
    "2013-06-30": {
        "Diluted EPS": 0.9,
        "Total Revenue": NaN,
        "Gross Profit": 771,
        "Operating Income": 163,
        "EBIT": 194,
        "Net Income": 126
    },
    "2013-03-31": {
        "Diluted EPS": 0.62,
        "Total Revenue": NaN,
        "Gross Profit": 756,
        "Operating Income": 168,
        "EBIT": 199,
        "Net Income": 86
    },
    "2012-12-31": {
        "Diluted EPS": 0.99,
        "Total Revenue": NaN,
        "Gross Profit": 768,
        "Operating Income": 196,
        "EBIT": 225,
        "Net Income": 137
    },
    "2012-09-30": {
        "Diluted EPS": 0.7,
        "Total Revenue": NaN,
        "Gross Profit": 684,
        "Operating Income": 100,
        "EBIT": 128,
        "Net Income": 100
    },
    "2012-06-30": {
        "Diluted EPS": 0.91,
        "Total Revenue": NaN,
        "Gross Profit": 759,
        "Operating Income": 213,
        "EBIT": 244,
        "Net Income": 133
    },
    "2012-03-31": {
        "Diluted EPS": 1.0,
        "Total Revenue": NaN,
        "Gross Profit": 754,
        "Operating Income": 217,
        "EBIT": 243,
        "Net Income": 148
    },
    "2011-12-31": {
        "Diluted EPS": 0.98,
        "Total Revenue": NaN,
        "Gross Profit": 784,
        "Operating Income": 231,
        "EBIT": 253,
        "Net Income": 147
    },
    "2011-09-30": {
        "Diluted EPS": 0.9,
        "Total Revenue": NaN,
        "Gross Profit": 754,
        "Operating Income": 223,
        "EBIT": 245,
        "Net Income": 139
    },
    "2011-06-30": {
        "Diluted EPS": 1.55,
        "Total Revenue": NaN,
        "Gross Profit": 825,
        "Operating Income": 267,
        "EBIT": 289,
        "Net Income": 239
    },
    "2011-03-31": {
        "Diluted EPS": 0.98,
        "Total Revenue": NaN,
        "Gross Profit": 787,
        "Operating Income": 241,
        "EBIT": 260,
        "Net Income": 151
    },
    "2010-12-31": {
        "Diluted EPS": 0.91,
        "Total Revenue": NaN,
        "Gross Profit": 773,
        "Operating Income": 228,
        "EBIT": 246,
        "Net Income": 141
    },
    "2010-09-30": {
        "Diluted EPS": 0.9,
        "Total Revenue": NaN,
        "Gross Profit": 723,
        "Operating Income": 194,
        "EBIT": 215,
        "Net Income": 138
    },
    "2010-06-30": {
        "Diluted EPS": 0.92,
        "Total Revenue": NaN,
        "Gross Profit": 646,
        "Operating Income": 217,
        "EBIT": 232,
        "Net Income": 141
    },
    "2010-03-31": {
        "Diluted EPS": 0.75,
        "Total Revenue": NaN,
        "Gross Profit": 583,
        "Operating Income": 167,
        "EBIT": 182,
        "Net Income": 115
    },
    "2009-12-31": {
        "Diluted EPS": 0.68,
        "Total Revenue": NaN,
        "Gross Profit": 552,
        "Operating Income": 162,
        "EBIT": 178,
        "Net Income": 104
    },
    "2009-09-30": {
        "Diluted EPS": 0.33,
        "Total Revenue": NaN,
        "Gross Profit": 500,
        "Operating Income": 89,
        "EBIT": 105,
        "Net Income": 51
    },
    "2009-06-30": {
        "Diluted EPS": -0.19,
        "Total Revenue": NaN,
        "Gross Profit": 443,
        "Operating Income": -21,
        "EBIT": -5,
        "Net Income": -31
    },
    "2009-03-31": {
        "Diluted EPS": 0.1,
        "Total Revenue": NaN,
        "Gross Profit": 462,
        "Operating Income": 56,
        "EBIT": 71,
        "Net Income": 16
    },
    "2023-06-30": {
        "Tax Effect Of Unusual Items": NaN,
        "Tax Rate For Calcs": NaN,
        "Normalized EBITDA": NaN,
        "Total Unusual Items": NaN,
        "Total Unusual Items Excluding Goodwill": NaN,
        "Net Income From Continuing Operation Net Minority Interest": NaN,
        "Reconciled Depreciation": NaN,
        "Reconciled Cost Of Revenue": NaN,
        "EBITDA": NaN,
        "EBIT": NaN,
        "Net Interest Income": NaN,
        "Interest Expense": NaN,
        "Normalized Income": NaN,
        "Net Income From Continuing And Discontinued Operation": NaN,
        "Total Expenses": NaN,
        "Total Operating Income As Reported": NaN,
        "Diluted Average Shares": NaN,
        "Basic Average Shares": NaN,
        "Diluted EPS": NaN,
        "Basic EPS": NaN,
        "Diluted NI Availto Com Stockholders": NaN,
        "Net Income Common Stockholders": NaN,
        "Net Income": NaN,
        "Net Income Including Noncontrolling Interests": NaN,
        "Net Income Continuous Operations": NaN,
        "Tax Provision": NaN,
        "Pretax Income": NaN,
        "Other Income Expense": NaN,
        "Other Non Operating Income Expenses": NaN,
        "Special Income Charges": NaN,
        "Other Special Charges": 24668000.0,
        "Restructuring And Mergern Acquisition": NaN,
        "Net Non Operating Interest Income Expense": NaN,
        "Interest Expense Non Operating": NaN,
        "Operating Income": NaN,
        "Operating Expense": NaN,
        "Selling General And Administration": NaN,
        "Gross Profit": NaN,
        "Cost Of Revenue": NaN,
        "Total Revenue": NaN,
        "Operating Revenue": NaN
    },
    "2023-09-30": {
        "Tax Effect Of Unusual Items": NaN,
        "Tax Rate For Calcs": NaN,
        "Normalized EBITDA": NaN,
        "Total Unusual Items": NaN,
        "Total Unusual Items Excluding Goodwill": NaN,
        "Net Income From Continuing Operation Net Minority Interest": NaN,
        "Reconciled Depreciation": NaN,
        "Reconciled Cost Of Revenue": NaN,
        "EBITDA": NaN,
        "EBIT": NaN,
        "Net Interest Income": NaN,
        "Interest Expense": NaN,
        "Normalized Income": NaN,
        "Net Income From Continuing And Discontinued Operation": NaN,
        "Total Expenses": NaN,
        "Total Operating Income As Reported": NaN,
        "Diluted Average Shares": NaN,
        "Basic Average Shares": NaN,
        "Diluted EPS": NaN,
        "Basic EPS": NaN,
        "Diluted NI Availto Com Stockholders": NaN,
        "Net Income Common Stockholders": NaN,
        "Net Income": NaN,
        "Net Income Including Noncontrolling Interests": NaN,
        "Net Income Continuous Operations": NaN,
        "Tax Provision": NaN,
        "Pretax Income": NaN,
        "Other Income Expense": NaN,
        "Other Non Operating Income Expenses": NaN,
        "Special Income Charges": NaN,
        "Other Special Charges": -86499000.0,
        "Restructuring And Mergern Acquisition": NaN,
        "Net Non Operating Interest Income Expense": NaN,
        "Interest Expense Non Operating": NaN,
        "Operating Income": NaN,
        "Operating Expense": NaN,
        "Selling General And Administration": NaN,
        "Gross Profit": NaN,
        "Cost Of Revenue": NaN,
        "Total Revenue": NaN,
        "Operating Revenue": NaN
    },
    "2023-12-31": {
        "Tax Effect Of Unusual Items": -1214520.0,
        "Tax Rate For Calcs": 0.232,
        "Normalized EBITDA": 267239000.0,
        "Total Unusual Items": -5235000.0,
        "Total Unusual Items Excluding Goodwill": -5235000.0,
        "Net Income From Continuing Operation Net Minority Interest": 117931000.0,
        "Reconciled Depreciation": 34144000.0,
        "Reconciled Cost Of Revenue": 5498730000.0,
        "EBITDA": 262004000.0,
        "EBIT": 227860000.0,
        "Net Interest Income": -74302000.0,
        "Interest Expense": 74302000.0,
        "Normalized Income": 121951480.0,
        "Net Income From Continuing And Discontinued Operation": 117931000.0,
        "Total Expenses": 5963422000.0,
        "Total Operating Income As Reported": 236257000.0,
        "Diluted Average Shares": 91792000.0,
        "Basic Average Shares": 90253000.0,
        "Diluted EPS": 1.28,
        "Basic EPS": 1.31,
        "Diluted NI Availto Com Stockholders": 117931000.0,
        "Net Income Common Stockholders": 117931000.0,
        "Net Income": 117931000.0,
        "Net Income Including Noncontrolling Interests": 117931000.0,
        "Net Income Continuous Operations": 117931000.0,
        "Tax Provision": 35627000.0,
        "Pretax Income": 153558000.0,
        "Other Income Expense": -13632000.0,
        "Other Non Operating Income Expenses": -8397000.0,
        "Special Income Charges": -5235000.0,
        "Other Special Charges": NaN,
        "Restructuring And Mergern Acquisition": 5235000.0,
        "Net Non Operating Interest Income Expense": -74302000.0,
        "Interest Expense Non Operating": 74302000.0,
        "Operating Income": 241492000.0,
        "Operating Expense": 464692000.0,
        "Selling General And Administration": 464692000.0,
        "Gross Profit": 706184000.0,
        "Cost Of Revenue": 5498730000.0,
        "Total Revenue": 6204914000.0,
        "Operating Revenue": 6204914000.0
    },
    "2024-03-31": {
        "Tax Effect Of Unusual Items": -1528263.0,
        "Tax Rate For Calcs": 0.129,
        "Normalized EBITDA": 222691000.0,
        "Total Unusual Items": -11847000.0,
        "Total Unusual Items Excluding Goodwill": -11847000.0,
        "Net Income From Continuing Operation Net Minority Interest": 88834000.0,
        "Reconciled Depreciation": 35400000.0,
        "Reconciled Cost Of Revenue": 4984318000.0,
        "EBITDA": 210844000.0,
        "EBIT": 175444000.0,
        "Net Interest Income": -73496000.0,
        "Interest Expense": 73496000.0,
        "Normalized Income": 99152737.0,
        "Net Income From Continuing And Discontinued Operation": 88834000.0,
        "Total Expenses": 5451593000.0,
        "Total Operating Income As Reported": 190151000.0,
        "Diluted Average Shares": 91256000.0,
        "Basic Average Shares": 90430000.0,
        "Diluted EPS": 0.97,
        "Basic EPS": 0.98,
        "Diluted NI Availto Com Stockholders": 88834000.0,
        "Net Income Common Stockholders": 88834000.0,
        "Net Income": 88834000.0,
        "Net Income Including Noncontrolling Interests": 88834000.0,
        "Net Income Continuous Operations": 88834000.0,
        "Tax Provision": 13114000.0,
        "Pretax Income": 101948000.0,
        "Other Income Expense": -26554000.0,
        "Other Non Operating Income Expenses": -14707000.0,
        "Special Income Charges": -11847000.0,
        "Other Special Charges": NaN,
        "Restructuring And Mergern Acquisition": 11847000.0,
        "Net Non Operating Interest Income Expense": -73496000.0,
        "Interest Expense Non Operating": 73496000.0,
        "Operating Income": 201998000.0,
        "Operating Expense": 467275000.0,
        "Selling General And Administration": 467275000.0,
        "Gross Profit": 669273000.0,
        "Cost Of Revenue": 4984318000.0,
        "Total Revenue": 5653591000.0,
        "Operating Revenue": 5653591000.0
    },
    "2024-06-30": {
        "Tax Effect Of Unusual Items": -5232946.23189,
        "Tax Rate For Calcs": 0.184142,
        "Normalized EBITDA": 230180000.0,
        "Total Unusual Items": -28418000.0,
        "Total Unusual Items Excluding Goodwill": -28418000.0,
        "Net Income From Continuing Operation Net Minority Interest": 82666000.0,
        "Reconciled Depreciation": 36164000.0,
        "Reconciled Cost Of Revenue": 4920096000.0,
        "EBITDA": 201762000.0,
        "EBIT": 165598000.0,
        "Net Interest Income": -64274000.0,
        "Interest Expense": 64274000.0,
        "Normalized Income": 105851053.76811,
        "Net Income From Continuing And Discontinued Operation": 82666000.0,
        "Total Expenses": 5370368000.0,
        "Total Operating Income As Reported": 164190000.0,
        "Diluted Average Shares": 91122000.0,
        "Basic Average Shares": 90092000.0,
        "Diluted EPS": 0.91,
        "Basic EPS": 0.92,
        "Diluted NI Availto Com Stockholders": 82666000.0,
        "Net Income Common Stockholders": 82666000.0,
        "Net Income": 82666000.0,
        "Net Income Including Noncontrolling Interests": 82666000.0,
        "Net Income Continuous Operations": 82666000.0,
        "Tax Provision": 18658000.0,
        "Pretax Income": 101324000.0,
        "Other Income Expense": -27010000.0,
        "Other Non Operating Income Expenses": 1408000.0,
        "Special Income Charges": -28418000.0,
        "Other Special Charges": 0.0,
        "Restructuring And Mergern Acquisition": 28418000.0,
        "Net Non Operating Interest Income Expense": -64274000.0,
        "Interest Expense Non Operating": 64274000.0,
        "Operating Income": 192608000.0,
        "Operating Expense": 450272000.0,
        "Selling General And Administration": 450272000.0,
        "Gross Profit": 642880000.0,
        "Cost Of Revenue": 4920096000.0,
        "Total Revenue": 5562976000.0,
        "Operating Revenue": 5562976000.0
    },
    "2024-09-30": {
        "Tax Effect Of Unusual Items": -5560061.0,
        "Tax Rate For Calcs": 0.211,
        "Normalized EBITDA": 199342000.0,
        "Total Unusual Items": -26351000.0,
        "Total Unusual Items Excluding Goodwill": -26351000.0,
        "Net Income From Continuing Operation Net Minority Interest": 58956000.0,
        "Reconciled Depreciation": 33809000.0,
        "Reconciled Cost Of Revenue": 4996785000.0,
        "EBITDA": 172991000.0,
        "EBIT": 139182000.0,
        "Net Interest Income": -64444000.0,
        "Interest Expense": 64444000.0,
        "Normalized Income": 79746939.0,
        "Net Income From Continuing And Discontinued Operation": 58956000.0,
        "Total Expenses": 5435576000.0,
        "Total Operating Income As Reported": 142225000.0,
        "Diluted Average Shares": 89392000.0,
        "Basic Average Shares": 88092000.0,
        "Diluted EPS": 0.66,
        "Basic EPS": 0.67,
        "Diluted NI Availto Com Stockholders": 58956000.0,
        "Net Income Common Stockholders": 58956000.0,
        "Net Income": 58956000.0,
        "Net Income Including Noncontrolling Interests": 58956000.0,
        "Net Income Continuous Operations": 58956000.0,
        "Tax Provision": 15782000.0,
        "Pretax Income": 74738000.0,
        "Other Income Expense": -29394000.0,
        "Other Non Operating Income Expenses": -3043000.0,
        "Special Income Charges": -26351000.0,
        "Other Special Charges": NaN,
        "Restructuring And Mergern Acquisition": 26351000.0,
        "Net Non Operating Interest Income Expense": -64444000.0,
        "Interest Expense Non Operating": 64444000.0,
        "Operating Income": 168576000.0,
        "Operating Expense": 438791000.0,
        "Selling General And Administration": 438791000.0,
        "Gross Profit": 607367000.0,
        "Cost Of Revenue": 4996785000.0,
        "Total Revenue": 5604152000.0,
        "Operating Revenue": 5604152000.0
    },
    "2024-12-31": {
        "Tax Effect Of Unusual Items": -128996.0,
        "Tax Rate For Calcs": 0.034,
        "Normalized EBITDA": 186924000.0,
        "Total Unusual Items": -3794000.0,
        "Total Unusual Items Excluding Goodwill": -3794000.0,
        "Net Income From Continuing Operation Net Minority Interest": 87253000.0,
        "Reconciled Depreciation": 30448000.0,
        "Reconciled Cost Of Revenue": 5067332000.0,
        "EBITDA": 183130000.0,
        "EBIT": 152682000.0,
        "Net Interest Income": -62399000.0,
        "Interest Expense": 62399000.0,
        "Normalized Income": 90918004.0,
        "Net Income From Continuing And Discontinued Operation": 87253000.0,
        "Total Expenses": 5504263000.0,
        "Total Operating Income As Reported": 155327000.0,
        "Diluted Average Shares": 88327000.0,
        "Basic Average Shares": 86846000.0,
        "Diluted EPS": 0.99,
        "Basic EPS": 1.0,
        "Diluted NI Availto Com Stockholders": 87253000.0,
        "Net Income Common Stockholders": 87253000.0,
        "Net Income": 87253000.0,
        "Net Income Including Noncontrolling Interests": 87253000.0,
        "Net Income Continuous Operations": 87253000.0,
        "Tax Provision": 3030000.0,
        "Pretax Income": 90283000.0,
        "Other Income Expense": -6439000.0,
        "Other Non Operating Income Expenses": -2645000.0,
        "Special Income Charges": -3794000.0,
        "Other Special Charges": NaN,
        "Restructuring And Mergern Acquisition": 3794000.0,
        "Net Non Operating Interest Income Expense": -62399000.0,
        "Interest Expense Non Operating": 62399000.0,
        "Operating Income": 159121000.0,
        "Operating Expense": 436931000.0,
        "Selling General And Administration": 436931000.0,
        "Gross Profit": 596052000.0,
        "Cost Of Revenue": 5067332000.0,
        "Total Revenue": 5663384000.0,
        "Operating Revenue": 5663384000.0
    }
}