{
    "2023-06-30": {
        "Tax Effect Of Unusual Items": NaN,
        "Tax Rate For Calcs": NaN,
        "Normalized EBITDA": NaN,
        "Total Unusual Items": NaN,
        "Total Unusual Items Excluding Goodwill": NaN,
        "Net Income From Continuing Operation Net Minority Interest": NaN,
        "Reconciled Depreciation": NaN,
        "Reconciled Cost Of Revenue": NaN,
        "EBITDA": NaN,
        "EBIT": NaN,
        "Net Interest Income": NaN,
        "Interest Expense": NaN,
        "Normalized Income": NaN,
        "Net Income From Continuing And Discontinued Operation": NaN,
        "Total Expenses": NaN,
        "Total Operating Income As Reported": NaN,
        "Diluted Average Shares": 675300000.0,
        "Basic Average Shares": 675300000.0,
        "Diluted EPS": -0.01,
        "Basic EPS": -0.01,
        "Diluted NI Availto Com Stockholders": NaN,
        "Average Dilution Earnings": 0.0,
        "Net Income Common Stockholders": NaN,
        "Net Income": NaN,
        "Net Income Including Noncontrolling Interests": NaN,
        "Net Income Continuous Operations": NaN,
        "Tax Provision": NaN,
        "Pretax Income": NaN,
        "Other Income Expense": NaN,
        "Other Non Operating Income Expenses": NaN,
        "Special Income Charges": NaN,
        "Other Special Charges": NaN,
        "Impairment Of Capital Assets": 160800000.0,
        "Gain On Sale Of Security": 1600000.0,
        "Net Non Operating Interest Income Expense": NaN,
        "Interest Expense Non Operating": NaN,
        "Operating Income": NaN,
        "Operating Expense": NaN,
        "Selling General And Administration": NaN,
        "Gross Profit": NaN,
        "Cost Of Revenue": NaN,
        "Total Revenue": NaN,
        "Operating Revenue": NaN
    },
    "2023-03-31": {
        "Tax Effect Of Unusual Items": NaN,
        "Tax Rate For Calcs": NaN,
        "Normalized EBITDA": NaN,
        "Total Unusual Items": NaN,
        "Total Unusual Items Excluding Goodwill": NaN,
        "Net Income From Continuing Operation Net Minority Interest": NaN,
        "Reconciled Depreciation": NaN,
        "Reconciled Cost Of Revenue": NaN,
        "EBITDA": NaN,
        "EBIT": NaN,
        "Net Interest Income": NaN,
        "Interest Expense": NaN,
        "Normalized Income": NaN,
        "Net Income From Continuing And Discontinued Operation": NaN,
        "Total Expenses": NaN,
        "Total Operating Income As Reported": NaN,
        "Diluted Average Shares": 678100000.0,
        "Basic Average Shares": 674700000.0,
        "Diluted EPS": 0.18,
        "Basic EPS": 0.18,
        "Diluted NI Availto Com Stockholders": NaN,
        "Average Dilution Earnings": NaN,
        "Net Income Common Stockholders": NaN,
        "Net Income": NaN,
        "Net Income Including Noncontrolling Interests": NaN,
        "Net Income Continuous Operations": NaN,
        "Tax Provision": NaN,
        "Pretax Income": NaN,
        "Other Income Expense": NaN,
        "Other Non Operating Income Expenses": NaN,
        "Special Income Charges": NaN,
        "Other Special Charges": NaN,
        "Impairment Of Capital Assets": NaN,
        "Gain On Sale Of Security": NaN,
        "Net Non Operating Interest Income Expense": NaN,
        "Interest Expense Non Operating": NaN,
        "Operating Income": NaN,
        "Operating Expense": NaN,
        "Selling General And Administration": NaN,
        "Gross Profit": NaN,
        "Cost Of Revenue": NaN,
        "Total Revenue": NaN,
        "Operating Revenue": NaN
    },
    "2022-12-31": {
        "Tax Effect Of Unusual Items": NaN,
        "Tax Rate For Calcs": NaN,
        "Normalized EBITDA": NaN,
        "Total Unusual Items": NaN,
        "Total Unusual Items Excluding Goodwill": NaN,
        "Net Income From Continuing Operation Net Minority Interest": NaN,
        "Reconciled Depreciation": NaN,
        "Reconciled Cost Of Revenue": NaN,
        "EBITDA": NaN,
        "EBIT": NaN,
        "Net Interest Income": NaN,
        "Interest Expense": NaN,
        "Normalized Income": NaN,
        "Net Income From Continuing And Discontinued Operation": NaN,
        "Total Expenses": NaN,
        "Total Operating Income As Reported": NaN,
        "Diluted Average Shares": NaN,
        "Basic Average Shares": NaN,
        "Diluted EPS": NaN,
        "Basic EPS": NaN,
        "Diluted NI Availto Com Stockholders": NaN,
        "Average Dilution Earnings": NaN,
        "Net Income Common Stockholders": NaN,
        "Preferred Stock Dividends": 0.0,
        "Net Income": NaN,
        "Net Income Including Noncontrolling Interests": NaN,
        "Net Income Continuous Operations": NaN,
        "Tax Provision": NaN,
        "Pretax Income": NaN,
        "Other Income Expense": NaN,
        "Other Non Operating Income Expenses": NaN,
        "Special Income Charges": NaN,
        "Other Special Charges": NaN,
        "Impairment Of Capital Assets": NaN,
        "Gain On Sale Of Security": NaN,
        "Net Non Operating Interest Income Expense": NaN,
        "Interest Expense Non Operating": NaN,
        "Operating Income": NaN,
        "Operating Expense": NaN,
        "Selling General And Administration": NaN,
        "Gross Profit": NaN,
        "Cost Of Revenue": NaN,
        "Total Revenue": NaN,
        "Operating Revenue": NaN
    },
    "2022-09-30": {
        "Tax Effect Of Unusual Items": NaN,
        "Tax Rate For Calcs": NaN,
        "Normalized EBITDA": NaN,
        "Total Unusual Items": NaN,
        "Total Unusual Items Excluding Goodwill": NaN,
        "Net Income From Continuing Operation Net Minority Interest": NaN,
        "Reconciled Depreciation": NaN,
        "Reconciled Cost Of Revenue": NaN,
        "EBITDA": NaN,
        "EBIT": NaN,
        "Net Interest Income": NaN,
        "Interest Expense": NaN,
        "Normalized Income": NaN,
        "Net Income From Continuing And Discontinued Operation": NaN,
        "Total Expenses": NaN,
        "Total Operating Income As Reported": NaN,
        "Diluted Average Shares": NaN,
        "Basic Average Shares": NaN,
        "Diluted EPS": NaN,
        "Basic EPS": NaN,
        "Diluted NI Availto Com Stockholders": NaN,
        "Average Dilution Earnings": NaN,
        "Net Income Common Stockholders": NaN,
        "Preferred Stock Dividends": NaN,
        "Net Income": NaN,
        "Net Income Including Noncontrolling Interests": NaN,
        "Net Income Continuous Operations": NaN,
        "Tax Provision": NaN,
        "Pretax Income": NaN,
        "Other Income Expense": NaN,
        "Other Non Operating Income Expenses": NaN,
        "Special Income Charges": NaN,
        "Other Special Charges": NaN,
        "Impairment Of Capital Assets": 0.0,
        "Gain On Sale Of Security": NaN,
        "Net Non Operating Interest Income Expense": NaN,
        "Interest Expense Non Operating": NaN,
        "Operating Income": NaN,
        "Operating Expense": NaN,
        "Selling General And Administration": NaN,
        "Gross Profit": NaN,
        "Cost Of Revenue": NaN,
        "Total Revenue": NaN,
        "Operating Revenue": NaN
    },
    "2022-06-30": {
        "Tax Effect Of Unusual Items": -1204000.0,
        "Tax Rate For Calcs": 0.172,
        "Normalized EBITDA": 386900000.0,
        "Total Unusual Items": -7000000.0,
        "Total Unusual Items Excluding Goodwill": -7000000.0,
        "Net Income From Continuing Operation Net Minority Interest": 187400000.0,
        "Reconciled Depreciation": 89700000.0,
        "Reconciled Cost Of Revenue": 1262800000.0,
        "EBITDA": 379900000.0,
        "EBIT": 290200000.0,
        "Net Interest Income": -63900000.0,
        "Interest Expense": 63900000.0,
        "Normalized Income": 193196000.0,
        "Net Income From Continuing And Discontinued Operation": 187400000.0,
        "Total Expenses": 1614900000.0,
        "Total Operating Income As Reported": 295600000.0,
        "Diluted Average Shares": 680200000.0,
        "Basic Average Shares": 644200000.0,
        "Diluted EPS": 0.28,
        "Basic EPS": 0.28,
        "Diluted NI Availto Com Stockholders": 187400000.0,
        "Average Dilution Earnings": 8100000.0,
        "Net Income Common Stockholders": 179300000.0,
        "Preferred Stock Dividends": 8100000.0,
        "Net Income": 187400000.0,
        "Net Income Including Noncontrolling Interests": 187400000.0,
        "Net Income Continuous Operations": 187400000.0,
        "Tax Provision": 38900000.0,
        "Pretax Income": 226300000.0,
        "Other Income Expense": -5400000.0,
        "Other Non Operating Income Expenses": 1600000.0,
        "Special Income Charges": -6100000.0,
        "Other Special Charges": 6100000.0,
        "Impairment Of Capital Assets": NaN,
        "Gain On Sale Of Security": -900000.0,
        "Net Non Operating Interest Income Expense": -63900000.0,
        "Interest Expense Non Operating": 63900000.0,
        "Operating Income": 295600000.0,
        "Operating Expense": 352100000.0,
        "Selling General And Administration": 352100000.0,
        "General And Administrative Expense": 352100000.0,
        "Other Gand A": 352100000.0,
        "Gross Profit": 647700000.0,
        "Cost Of Revenue": 1262800000.0,
        "Total Revenue": 1910500000.0,
        "Operating Revenue": 1910500000.0
    },
    "2022-03-31": {
        "Diluted EPS": 0.28,
        "Total Revenue": NaN,
        "Gross Profit": 690,
        "Operating Income": 307,
        "EBIT": 426,
        "Net Income": 174
    },
    "2021-12-31": {
        "Diluted EPS": 0.12,
        "Total Revenue": NaN,
        "Gross Profit": 648,
        "Operating Income": 214,
        "EBIT": 323,
        "Net Income": 78
    },
    "2021-09-30": {
        "Diluted EPS": 0.24,
        "Total Revenue": NaN,
        "Gross Profit": 616,
        "Operating Income": 237,
        "EBIT": 341,
        "Net Income": 141
    },
    "2021-06-30": {
        "Diluted EPS": 0.24,
        "Total Revenue": NaN,
        "Gross Profit": 627,
        "Operating Income": 255,
        "EBIT": 345,
        "Net Income": 142
    },
    "2021-03-31": {
        "Diluted EPS": 0.25,
        "Total Revenue": NaN,
        "Gross Profit": 613,
        "Operating Income": 266,
        "EBIT": 359,
        "Net Income": 148
    },
    "2020-12-31": {
        "Diluted EPS": 0.06,
        "Total Revenue": NaN,
        "Gross Profit": 582,
        "Operating Income": 205,
        "EBIT": 311,
        "Net Income": 35
    },
    "2020-09-30": {
        "Diluted EPS": -0.1,
        "Total Revenue": NaN,
        "Gross Profit": 506,
        "Operating Income": 177,
        "EBIT": 282,
        "Net Income": -58
    },
    "2020-06-30": {
        "Diluted EPS": 0.08,
        "Total Revenue": NaN,
        "Gross Profit": 491,
        "Operating Income": 167,
        "EBIT": 271,
        "Net Income": 44
    },
    "2020-03-31": {
        "Diluted EPS": 0.05,
        "Total Revenue": NaN,
        "Gross Profit": 502,
        "Operating Income": 158,
        "EBIT": 262,
        "Net Income": 31
    },
    "2019-12-31": {
        "Diluted EPS": 0.72,
        "Total Revenue": NaN,
        "Gross Profit": 480,
        "Operating Income": 152,
        "EBIT": 256,
        "Net Income": 55
    },
    "2019-09-30": {
        "Diluted EPS": 0.01,
        "Total Revenue": NaN,
        "Gross Profit": 474,
        "Operating Income": 143,
        "EBIT": 251,
        "Net Income": 6
    },
    "2019-06-30": {
        "Diluted EPS": -0.98,
        "Total Revenue": NaN,
        "Gross Profit": 491,
        "Operating Income": 119,
        "EBIT": 231,
        "Net Income": -317
    },
    "2019-03-31": {
        "Diluted EPS": -0.59,
        "Total Revenue": NaN,
        "Gross Profit": 475,
        "Operating Income": 138,
        "EBIT": 246,
        "Net Income": -78
    },
    "2018-12-31": {
        "Diluted EPS": 0.0,
        "Total Revenue": NaN,
        "Gross Profit": NaN,
        "Operating Income": NaN,
        "EBIT": NaN,
        "Net Income": NaN
    },
    "2018-09-30": {
        "Diluted EPS": -0.26,
        "Total Revenue": NaN,
        "Gross Profit": 479,
        "Operating Income": 132,
        "EBIT": 244,
        "Net Income": -34
    },
    "2018-06-30": {
        "Diluted EPS": -0.7,
        "Total Revenue": NaN,
        "Gross Profit": 468,
        "Operating Income": 94,
        "EBIT": 94,
        "Net Income": -93
    },
    "2017-12-31": {
        "Diluted EPS": 0.0,
        "Total Revenue": NaN,
        "Gross Profit": NaN,
        "Operating Income": NaN,
        "EBIT": NaN,
        "Net Income": NaN
    },
    "2023-09-30": {
        "Tax Effect Of Unusual Items": -309000.0,
        "Tax Rate For Calcs": 0.206,
        "Normalized EBITDA": 308400000.0,
        "Total Unusual Items": -1500000.0,
        "Total Unusual Items Excluding Goodwill": -1500000.0,
        "Net Income From Continuing Operation Net Minority Interest": 108400000.0,
        "Reconciled Depreciation": 98000000.0,
        "Reconciled Cost Of Revenue": 1141600000.0,
        "EBITDA": 306900000.0,
        "EBIT": 208900000.0,
        "Net Interest Income": -72400000.0,
        "Interest Expense": 72400000.0,
        "Normalized Income": 109591000.0,
        "Net Income From Continuing And Discontinued Operation": 108400000.0,
        "Total Expenses": 1510000000.0,
        "Total Operating Income As Reported": 210200000.0,
        "Diluted Average Shares": 678500000.0,
        "Basic Average Shares": 676000000.0,
        "Diluted EPS": 0.16,
        "Basic EPS": 0.16,
        "Diluted NI Availto Com Stockholders": 108400000.0,
        "Average Dilution Earnings": NaN,
        "Net Income Common Stockholders": 108400000.0,
        "Net Income": 108400000.0,
        "Net Income Including Noncontrolling Interests": 108400000.0,
        "Net Income Continuous Operations": 108400000.0,
        "Tax Provision": 28100000.0,
        "Pretax Income": 136500000.0,
        "Other Income Expense": -1300000.0,
        "Other Non Operating Income Expenses": 200000.0,
        "Special Income Charges": -2000000.0,
        "Other Special Charges": 2000000.0,
        "Impairment Of Capital Assets": 0.0,
        "Gain On Sale Of Security": 500000.0,
        "Net Non Operating Interest Income Expense": -72400000.0,
        "Interest Expense Non Operating": 72400000.0,
        "Operating Income": 210200000.0,
        "Operating Expense": 368400000.0,
        "Selling General And Administration": 368400000.0,
        "Gross Profit": 578600000.0,
        "Cost Of Revenue": 1141600000.0,
        "Total Revenue": 1720200000.0,
        "Operating Revenue": 1720200000.0
    },
    "2023-12-31": {
        "Tax Effect Of Unusual Items": -35146.443515,
        "Tax Rate For Calcs": 0.175732,
        "Normalized EBITDA": 285600000.0,
        "Total Unusual Items": -200000.0,
        "Total Unusual Items Excluding Goodwill": -200000.0,
        "Net Income From Continuing Operation Net Minority Interest": 98500000.0,
        "Reconciled Depreciation": 100600000.0,
        "Reconciled Cost Of Revenue": 1152400000.0,
        "EBITDA": 285400000.0,
        "EBIT": 184800000.0,
        "Net Interest Income": -65300000.0,
        "Interest Expense": 65300000.0,
        "Normalized Income": 98664853.556485,
        "Net Income From Continuing And Discontinued Operation": 98500000.0,
        "Total Expenses": 1539500000.0,
        "Total Operating Income As Reported": 183300000.0,
        "Diluted Average Shares": NaN,
        "Basic Average Shares": NaN,
        "Diluted EPS": NaN,
        "Basic EPS": NaN,
        "Diluted NI Availto Com Stockholders": 98500000.0,
        "Average Dilution Earnings": NaN,
        "Net Income Common Stockholders": 98500000.0,
        "Net Income": 98500000.0,
        "Net Income Including Noncontrolling Interests": 98500000.0,
        "Net Income Continuous Operations": 98500000.0,
        "Tax Provision": 21000000.0,
        "Pretax Income": 119500000.0,
        "Other Income Expense": 1500000.0,
        "Other Non Operating Income Expenses": 1700000.0,
        "Special Income Charges": -1000000.0,
        "Other Special Charges": 1000000.0,
        "Impairment Of Capital Assets": 0.0,
        "Gain On Sale Of Security": 800000.0,
        "Net Non Operating Interest Income Expense": -65300000.0,
        "Interest Expense Non Operating": 65300000.0,
        "Operating Income": 183300000.0,
        "Operating Expense": 387100000.0,
        "Selling General And Administration": 387100000.0,
        "Gross Profit": 570400000.0,
        "Cost Of Revenue": 1152400000.0,
        "Total Revenue": 1722800000.0,
        "Operating Revenue": 1722800000.0
    },
    "2024-03-31": {
        "Tax Effect Of Unusual Items": -426700.0,
        "Tax Rate For Calcs": 0.251,
        "Normalized EBITDA": 246200000.0,
        "Total Unusual Items": -1700000.0,
        "Total Unusual Items Excluding Goodwill": -1700000.0,
        "Net Income From Continuing Operation Net Minority Interest": 60400000.0,
        "Reconciled Depreciation": 99600000.0,
        "Reconciled Cost Of Revenue": 1109300000.0,
        "EBITDA": 244500000.0,
        "EBIT": 144900000.0,
        "Net Interest Income": -64300000.0,
        "Interest Expense": 64300000.0,
        "Normalized Income": 61673300.0,
        "Net Income From Continuing And Discontinued Operation": 60400000.0,
        "Total Expenses": 1533500000.0,
        "Total Operating Income As Reported": 146300000.0,
        "Diluted Average Shares": 681400000.0,
        "Basic Average Shares": 678100000.0,
        "Diluted EPS": 0.09,
        "Basic EPS": 0.09,
        "Diluted NI Availto Com Stockholders": 60400000.0,
        "Average Dilution Earnings": NaN,
        "Net Income Common Stockholders": 60400000.0,
        "Net Income": 60400000.0,
        "Net Income Including Noncontrolling Interests": 60400000.0,
        "Net Income Continuous Operations": 60400000.0,
        "Tax Provision": 20200000.0,
        "Pretax Income": 80600000.0,
        "Other Income Expense": -1400000.0,
        "Other Non Operating Income Expenses": 300000.0,
        "Special Income Charges": -2500000.0,
        "Other Special Charges": 2500000.0,
        "Impairment Of Capital Assets": NaN,
        "Gain On Sale Of Security": 800000.0,
        "Net Non Operating Interest Income Expense": -64300000.0,
        "Interest Expense Non Operating": 64300000.0,
        "Operating Income": 146300000.0,
        "Operating Expense": 424200000.0,
        "Selling General And Administration": 424200000.0,
        "Gross Profit": 570500000.0,
        "Cost Of Revenue": 1109300000.0,
        "Total Revenue": 1679800000.0,
        "Operating Revenue": 1679800000.0
    },
    "2024-06-30": {
        "Tax Effect Of Unusual Items": -170100.0,
        "Tax Rate For Calcs": 0.189,
        "Normalized EBITDA": 279000000.0,
        "Total Unusual Items": -900000.0,
        "Total Unusual Items Excluding Goodwill": -900000.0,
        "Net Income From Continuing Operation Net Minority Interest": 92900000.0,
        "Reconciled Depreciation": 102600000.0,
        "Reconciled Cost Of Revenue": 1121300000.0,
        "EBITDA": 278100000.0,
        "EBIT": 175500000.0,
        "Net Interest Income": -60900000.0,
        "Interest Expense": 60900000.0,
        "Normalized Income": 93629900.0,
        "Net Income From Continuing And Discontinued Operation": 92900000.0,
        "Total Expenses": 1527000000.0,
        "Total Operating Income As Reported": 175800000.0,
        "Diluted Average Shares": 682600000.0,
        "Basic Average Shares": 679400000.0,
        "Diluted EPS": 0.14,
        "Basic EPS": 0.14,
        "Diluted NI Availto Com Stockholders": 92900000.0,
        "Average Dilution Earnings": NaN,
        "Net Income Common Stockholders": 92900000.0,
        "Net Income": 92900000.0,
        "Net Income Including Noncontrolling Interests": 92900000.0,
        "Net Income Continuous Operations": 92900000.0,
        "Tax Provision": 21700000.0,
        "Pretax Income": 114600000.0,
        "Other Income Expense": -300000.0,
        "Other Non Operating Income Expenses": 600000.0,
        "Special Income Charges": -1900000.0,
        "Other Special Charges": 1900000.0,
        "Impairment Of Capital Assets": 0.0,
        "Gain On Sale Of Security": 1000000.0,
        "Net Non Operating Interest Income Expense": -60900000.0,
        "Interest Expense Non Operating": 60900000.0,
        "Operating Income": 175800000.0,
        "Operating Expense": 405700000.0,
        "Selling General And Administration": 405700000.0,
        "Gross Profit": 581500000.0,
        "Cost Of Revenue": 1121300000.0,
        "Total Revenue": 1702800000.0,
        "Operating Revenue": 1702800000.0
    },
    "2024-09-30": {
        "Tax Effect Of Unusual Items": -470400.0,
        "Tax Rate For Calcs": 0.224,
        "Normalized EBITDA": 227700000.0,
        "Total Unusual Items": -2100000.0,
        "Total Unusual Items Excluding Goodwill": -2100000.0,
        "Net Income From Continuing Operation Net Minority Interest": 57800000.0,
        "Reconciled Depreciation": 102400000.0,
        "Reconciled Cost Of Revenue": 1150000000.0,
        "EBITDA": 225600000.0,
        "EBIT": 123200000.0,
        "Net Interest Income": -48700000.0,
        "Interest Expense": 48700000.0,
        "Normalized Income": 59429600.0,
        "Net Income From Continuing And Discontinued Operation": 57800000.0,
        "Total Expenses": 1589800000.0,
        "Total Operating Income As Reported": 124600000.0,
        "Diluted Average Shares": 683000000.0,
        "Basic Average Shares": 680300000.0,
        "Diluted EPS": 0.08,
        "Basic EPS": 0.08,
        "Diluted NI Availto Com Stockholders": 57800000.0,
        "Average Dilution Earnings": NaN,
        "Net Income Common Stockholders": 57800000.0,
        "Net Income": 57800000.0,
        "Net Income Including Noncontrolling Interests": 57800000.0,
        "Net Income Continuous Operations": 57800000.0,
        "Tax Provision": 16700000.0,
        "Pretax Income": 74500000.0,
        "Other Income Expense": -1400000.0,
        "Other Non Operating Income Expenses": 700000.0,
        "Special Income Charges": -2100000.0,
        "Other Special Charges": 2100000.0,
        "Impairment Of Capital Assets": 0.0,
        "Gain On Sale Of Security": NaN,
        "Net Non Operating Interest Income Expense": -48700000.0,
        "Interest Expense Non Operating": 48700000.0,
        "Operating Income": 124600000.0,
        "Operating Expense": 439800000.0,
        "Selling General And Administration": 439800000.0,
        "Gross Profit": 564400000.0,
        "Cost Of Revenue": 1150000000.0,
        "Total Revenue": 1714400000.0,
        "Operating Revenue": 1714400000.0
    }
}