{
    "2023-03-31": {
        "Tax Effect Of Unusual Items": NaN,
        "Tax Rate For Calcs": NaN,
        "Normalized EBITDA": NaN,
        "Total Unusual Items": NaN,
        "Total Unusual Items Excluding Goodwill": NaN,
        "Net Income From Continuing Operation Net Minority Interest": NaN,
        "Reconciled Depreciation": NaN,
        "Reconciled Cost Of Revenue": NaN,
        "EBITDA": NaN,
        "EBIT": NaN,
        "Net Interest Income": NaN,
        "Interest Expense": 949000.0,
        "Interest Income": NaN,
        "Normalized Income": NaN,
        "Net Income From Continuing And Discontinued Operation": NaN,
        "Total Expenses": NaN,
        "Total Operating Income As Reported": NaN,
        "Diluted Average Shares": NaN,
        "Basic Average Shares": NaN,
        "Diluted EPS": NaN,
        "Basic EPS": NaN,
        "Diluted NI Availto Com Stockholders": NaN,
        "Average Dilution Earnings": NaN,
        "Net Income Common Stockholders": NaN,
        "Otherunder Preferred Stock Dividend": NaN,
        "Net Income": NaN,
        "Net Income Including Noncontrolling Interests": NaN,
        "Net Income Continuous Operations": NaN,
        "Tax Provision": NaN,
        "Pretax Income": NaN,
        "Other Income Expense": NaN,
        "Other Non Operating Income Expenses": -26000.0,
        "Special Income Charges": NaN,
        "Other Special Charges": NaN,
        "Restructuring And Mergern Acquisition": NaN,
        "Gain On Sale Of Security": NaN,
        "Net Non Operating Interest Income Expense": NaN,
        "Total Other Finance Cost": NaN,
        "Interest Expense Non Operating": 949000.0,
        "Interest Income Non Operating": NaN,
        "Operating Income": NaN,
        "Operating Expense": NaN,
        "Depreciation Amortization Depletion Income Statement": 0.0,
        "Depreciation And Amortization In Income Statement": 0.0,
        "Amortization": 0.0,
        "Amortization Of Intangibles Income Statement": 0.0,
        "Research And Development": NaN,
        "Selling General And Administration": NaN,
        "Selling And Marketing Expense": NaN,
        "General And Administrative Expense": NaN,
        "Other Gand A": NaN,
        "Salaries And Wages": NaN,
        "Gross Profit": NaN,
        "Cost Of Revenue": NaN,
        "Total Revenue": NaN,
        "Operating Revenue": NaN
    },
    "2022-12-31": {
        "Tax Effect Of Unusual Items": NaN,
        "Tax Rate For Calcs": NaN,
        "Normalized EBITDA": NaN,
        "Total Unusual Items": NaN,
        "Total Unusual Items Excluding Goodwill": NaN,
        "Net Income From Continuing Operation Net Minority Interest": NaN,
        "Reconciled Depreciation": NaN,
        "Reconciled Cost Of Revenue": NaN,
        "EBITDA": NaN,
        "EBIT": NaN,
        "Net Interest Income": NaN,
        "Interest Expense": 949000.0,
        "Interest Income": NaN,
        "Normalized Income": NaN,
        "Net Income From Continuing And Discontinued Operation": NaN,
        "Total Expenses": NaN,
        "Diluted Average Shares": NaN,
        "Basic Average Shares": NaN,
        "Diluted EPS": NaN,
        "Basic EPS": NaN,
        "Diluted NI Availto Com Stockholders": NaN,
        "Average Dilution Earnings": NaN,
        "Net Income Common Stockholders": NaN,
        "Otherunder Preferred Stock Dividend": NaN,
        "Net Income": NaN,
        "Net Income Including Noncontrolling Interests": NaN,
        "Net Income Discontinuous Operations": 0.0,
        "Net Income Continuous Operations": NaN,
        "Tax Provision": NaN,
        "Pretax Income": NaN,
        "Other Income Expense": NaN,
        "Other Non Operating Income Expenses": 0.0,
        "Special Income Charges": NaN,
        "Other Special Charges": NaN,
        "Restructuring And Mergern Acquisition": NaN,
        "Gain On Sale Of Security": NaN,
        "Net Non Operating Interest Income Expense": NaN,
        "Total Other Finance Cost": NaN,
        "Interest Expense Non Operating": 949000.0,
        "Interest Income Non Operating": NaN,
        "Operating Income": NaN,
        "Operating Expense": NaN,
        "Depreciation Amortization Depletion Income Statement": 0.0,
        "Depreciation And Amortization In Income Statement": 0.0,
        "Amortization": 0.0,
        "Amortization Of Intangibles Income Statement": 0.0,
        "Research And Development": NaN,
        "Selling General And Administration": NaN,
        "Selling And Marketing Expense": NaN,
        "General And Administrative Expense": NaN,
        "Other Gand A": NaN,
        "Salaries And Wages": NaN,
        "Gross Profit": NaN,
        "Cost Of Revenue": NaN,
        "Total Revenue": NaN,
        "Operating Revenue": NaN
    },
    "2022-09-30": {
        "Tax Effect Of Unusual Items": NaN,
        "Tax Rate For Calcs": NaN,
        "Normalized EBITDA": NaN,
        "Total Unusual Items": NaN,
        "Total Unusual Items Excluding Goodwill": NaN,
        "Net Income From Continuing Operation Net Minority Interest": NaN,
        "Reconciled Depreciation": NaN,
        "Reconciled Cost Of Revenue": NaN,
        "EBITDA": NaN,
        "EBIT": NaN,
        "Net Interest Income": NaN,
        "Interest Expense": NaN,
        "Interest Income": NaN,
        "Normalized Income": NaN,
        "Net Income From Continuing And Discontinued Operation": NaN,
        "Total Expenses": NaN,
        "Total Operating Income As Reported": 4095000.0,
        "Diluted Average Shares": 39223.0,
        "Basic Average Shares": 39222.0,
        "Diluted EPS": 81.599999,
        "Basic EPS": 81.599999,
        "Diluted NI Availto Com Stockholders": NaN,
        "Net Income Common Stockholders": NaN,
        "Net Income": NaN,
        "Net Income Including Noncontrolling Interests": NaN,
        "Net Income Discontinuous Operations": 0.0,
        "Net Income Continuous Operations": NaN,
        "Tax Provision": NaN,
        "Pretax Income": NaN,
        "Other Income Expense": NaN,
        "Other Non Operating Income Expenses": NaN,
        "Special Income Charges": NaN,
        "Other Special Charges": NaN,
        "Restructuring And Mergern Acquisition": NaN,
        "Gain On Sale Of Security": NaN,
        "Net Non Operating Interest Income Expense": NaN,
        "Interest Expense Non Operating": NaN,
        "Interest Income Non Operating": NaN,
        "Operating Income": NaN,
        "Operating Expense": NaN,
        "Depreciation Amortization Depletion Income Statement": NaN,
        "Depreciation And Amortization In Income Statement": NaN,
        "Amortization": NaN,
        "Amortization Of Intangibles Income Statement": NaN,
        "Research And Development": NaN,
        "Selling General And Administration": NaN,
        "Selling And Marketing Expense": NaN,
        "General And Administrative Expense": NaN,
        "Other Gand A": NaN,
        "Salaries And Wages": NaN,
        "Gross Profit": NaN,
        "Cost Of Revenue": NaN,
        "Total Revenue": NaN,
        "Operating Revenue": NaN
    },
    "2022-06-30": {
        "Tax Effect Of Unusual Items": 0.0,
        "Tax Rate For Calcs": 0.4,
        "Normalized EBITDA": -11798000.0,
        "Total Unusual Items": NaN,
        "Total Unusual Items Excluding Goodwill": NaN,
        "Net Income From Continuing Operation Net Minority Interest": -12987000.0,
        "Reconciled Depreciation": 30000.0,
        "Reconciled Cost Of Revenue": 1537000.0,
        "EBITDA": -11798000.0,
        "EBIT": -11828000.0,
        "Net Interest Income": -1154000.0,
        "Interest Expense": 1154000.0,
        "Normalized Income": -12987000.0,
        "Net Income From Continuing And Discontinued Operation": -12987000.0,
        "Total Expenses": 12861000.0,
        "Total Operating Income As Reported": NaN,
        "Diluted Average Shares": 9400902.0,
        "Basic Average Shares": 9400902.0,
        "Diluted EPS": -1.38,
        "Basic EPS": -1.38,
        "Diluted NI Availto Com Stockholders": -12987000.0,
        "Net Income Common Stockholders": -12987000.0,
        "Net Income": -12987000.0,
        "Net Income Including Noncontrolling Interests": -12987000.0,
        "Net Income Discontinuous Operations": 0.0,
        "Net Income Continuous Operations": -12987000.0,
        "Tax Provision": 5000.0,
        "Pretax Income": -12982000.0,
        "Other Income Expense": NaN,
        "Other Non Operating Income Expenses": NaN,
        "Gain On Sale Of Security": NaN,
        "Net Non Operating Interest Income Expense": -1154000.0,
        "Interest Expense Non Operating": 1154000.0,
        "Operating Income": -11828000.0,
        "Operating Expense": 11294000.0,
        "Depreciation Amortization Depletion Income Statement": 0.0,
        "Depreciation And Amortization In Income Statement": 0.0,
        "Amortization": 0.0,
        "Amortization Of Intangibles Income Statement": 0.0,
        "Research And Development": 8510000.0,
        "Selling General And Administration": 2784000.0,
        "Selling And Marketing Expense": 14000.0,
        "General And Administrative Expense": 2770000.0,
        "Other Gand A": 1970000.0,
        "Salaries And Wages": 800000.0,
        "Gross Profit": -534000.0,
        "Cost Of Revenue": 1567000.0,
        "Total Revenue": 1033000.0,
        "Operating Revenue": 1033000.0
    },
    "2022-03-31": {
        "Diluted EPS": -2.35,
        "Total Revenue": 1,
        "Gross Profit": 0,
        "Operating Income": -21,
        "EBIT": -20,
        "Net Income": -22
    },
    "2021-12-31": {
        "Diluted EPS": -1.92,
        "Total Revenue": 0,
        "Gross Profit": 0,
        "Operating Income": -18,
        "EBIT": -17,
        "Net Income": -19
    },
    "2021-09-30": {
        "Diluted EPS": -2.08,
        "Total Revenue": 1,
        "Gross Profit": 0,
        "Operating Income": -16,
        "EBIT": -16,
        "Net Income": -17
    },
    "2021-06-30": {
        "Diluted EPS": -2.11,
        "Total Revenue": 3,
        "Gross Profit": 3,
        "Operating Income": -17,
        "EBIT": -17,
        "Net Income": -17
    },
    "2021-03-31": {
        "Diluted EPS": -3.84,
        "Total Revenue": 0,
        "Gross Profit": 0,
        "Operating Income": -31,
        "EBIT": -30,
        "Net Income": -31
    },
    "2020-12-31": {
        "Diluted EPS": -27.13,
        "Total Revenue": 1,
        "Gross Profit": 1,
        "Operating Income": -16,
        "EBIT": -16,
        "Net Income": -16
    },
    "2020-09-30": {
        "Diluted EPS": -2.04,
        "Total Revenue": 1,
        "Gross Profit": 1,
        "Operating Income": -13,
        "EBIT": -13,
        "Net Income": -13
    },
    "2020-06-30": {
        "Diluted EPS": -2.28,
        "Total Revenue": 1,
        "Gross Profit": 1,
        "Operating Income": -12,
        "EBIT": -11,
        "Net Income": -13
    },
    "2020-03-31": {
        "Diluted EPS": -20.41,
        "Total Revenue": 3,
        "Gross Profit": 3,
        "Operating Income": -31,
        "EBIT": -31,
        "Net Income": -21
    },
    "2019-12-31": {
        "Diluted EPS": -6.72,
        "Total Revenue": 1,
        "Gross Profit": 1,
        "Operating Income": -6,
        "EBIT": -5,
        "Net Income": 2
    },
    "2019-09-30": {
        "Diluted EPS": -0.84,
        "Total Revenue": 2,
        "Gross Profit": 2,
        "Operating Income": -3,
        "EBIT": -2,
        "Net Income": -4
    },
    "2019-06-30": {
        "Diluted EPS": -1.32,
        "Total Revenue": 1,
        "Gross Profit": 3,
        "Operating Income": -3,
        "EBIT": 0,
        "Net Income": -6
    },
    "2019-03-31": {
        "Diluted EPS": -8.04,
        "Total Revenue": 3,
        "Gross Profit": 2,
        "Operating Income": -5,
        "EBIT": -4,
        "Net Income": -7
    },
    "2018-12-31": {
        "Diluted EPS": -2.16,
        "Total Revenue": -6,
        "Gross Profit": -4,
        "Operating Income": -2,
        "EBIT": 0,
        "Net Income": -6
    },
    "2018-09-30": {
        "Diluted EPS": -8.52,
        "Total Revenue": 4,
        "Gross Profit": 1,
        "Operating Income": -24,
        "EBIT": -23,
        "Net Income": -25
    },
    "2018-06-30": {
        "Diluted EPS": -2.28,
        "Total Revenue": 5,
        "Gross Profit": 3,
        "Operating Income": -6,
        "EBIT": -3,
        "Net Income": -6
    },
    "2018-03-31": {
        "Diluted EPS": -1.44,
        "Total Revenue": 4,
        "Gross Profit": 4,
        "Operating Income": -4,
        "EBIT": -3,
        "Net Income": -4
    },
    "2017-12-31": {
        "Diluted EPS": 2.76,
        "Total Revenue": 2,
        "Gross Profit": 2,
        "Operating Income": -4,
        "EBIT": -4,
        "Net Income": -7
    },
    "2017-09-30": {
        "Diluted EPS": 6.24,
        "Total Revenue": 25,
        "Gross Profit": 25,
        "Operating Income": 22,
        "EBIT": 22,
        "Net Income": 19
    },
    "2017-06-30": {
        "Diluted EPS": -1.68,
        "Total Revenue": 0,
        "Gross Profit": 0,
        "Operating Income": -2,
        "EBIT": -2,
        "Net Income": -2
    },
    "2017-03-31": {
        "Diluted EPS": -2.28,
        "Total Revenue": 0,
        "Gross Profit": 0,
        "Operating Income": -2,
        "EBIT": -2,
        "Net Income": -2
    },
    "2016-12-31": {
        "Diluted EPS": -2.04,
        "Total Revenue": 0,
        "Gross Profit": 0,
        "Operating Income": -2,
        "EBIT": -2,
        "Net Income": -2
    },
    "2016-09-30": {
        "Diluted EPS": -8.4,
        "Total Revenue": 0,
        "Gross Profit": 0,
        "Operating Income": -6,
        "EBIT": -6,
        "Net Income": -6
    },
    "2016-06-30": {
        "Diluted EPS": -4.92,
        "Total Revenue": 1,
        "Gross Profit": 1,
        "Operating Income": -3,
        "EBIT": -3,
        "Net Income": -4
    },
    "2016-03-31": {
        "Diluted EPS": -7.08,
        "Total Revenue": NaN,
        "Gross Profit": NaN,
        "Operating Income": -5,
        "EBIT": -5,
        "Net Income": -5
    },
    "2015-12-31": {
        "Diluted EPS": 69.75,
        "Total Revenue": NaN,
        "Gross Profit": NaN,
        "Operating Income": -4,
        "EBIT": -4,
        "Net Income": -4
    },
    "2015-09-30": {
        "Diluted EPS": -12.73,
        "Total Revenue": NaN,
        "Gross Profit": NaN,
        "Operating Income": -2,
        "EBIT": -2,
        "Net Income": -1
    },
    "2015-06-30": {
        "Diluted EPS": -53.78,
        "Total Revenue": NaN,
        "Gross Profit": NaN,
        "Operating Income": -3,
        "EBIT": -3,
        "Net Income": -3
    },
    "2015-03-31": {
        "Diluted EPS": -59.78,
        "Total Revenue": NaN,
        "Gross Profit": NaN,
        "Operating Income": -2,
        "EBIT": -2,
        "Net Income": -3
    },
    "2014-12-31": {
        "Diluted EPS": 0.0,
        "Total Revenue": NaN,
        "Gross Profit": NaN,
        "Operating Income": NaN,
        "EBIT": NaN,
        "Net Income": NaN
    },
    "2014-09-30": {
        "Diluted EPS": -108.4,
        "Total Revenue": NaN,
        "Gross Profit": NaN,
        "Operating Income": -6,
        "EBIT": -6,
        "Net Income": -6
    },
    "2013-12-31": {
        "Diluted EPS": 0.0,
        "Total Revenue": NaN,
        "Gross Profit": NaN,
        "Operating Income": NaN,
        "EBIT": NaN,
        "Net Income": NaN
    },
    "2023-06-30": {
        "Tax Effect Of Unusual Items": NaN,
        "Tax Rate For Calcs": NaN,
        "Normalized EBITDA": NaN,
        "Total Unusual Items": NaN,
        "Total Unusual Items Excluding Goodwill": NaN,
        "Net Income From Continuing Operation Net Minority Interest": NaN,
        "Reconciled Depreciation": NaN,
        "Reconciled Cost Of Revenue": NaN,
        "EBITDA": NaN,
        "EBIT": NaN,
        "Net Interest Income": NaN,
        "Interest Expense": 996000.0,
        "Interest Income": NaN,
        "Normalized Income": NaN,
        "Net Income From Continuing And Discontinued Operation": NaN,
        "Total Expenses": NaN,
        "Total Operating Income As Reported": NaN,
        "Diluted Average Shares": 58217.0,
        "Basic Average Shares": 58217.0,
        "Diluted EPS": -140.73,
        "Basic EPS": -140.73,
        "Diluted NI Availto Com Stockholders": NaN,
        "Average Dilution Earnings": NaN,
        "Net Income Common Stockholders": NaN,
        "Otherunder Preferred Stock Dividend": NaN,
        "Net Income": NaN,
        "Net Income Including Noncontrolling Interests": NaN,
        "Net Income Continuous Operations": NaN,
        "Tax Provision": NaN,
        "Pretax Income": NaN,
        "Other Income Expense": NaN,
        "Other Non Operating Income Expenses": NaN,
        "Special Income Charges": 0.0,
        "Other Special Charges": NaN,
        "Restructuring And Mergern Acquisition": 0.0,
        "Gain On Sale Of Security": NaN,
        "Net Non Operating Interest Income Expense": NaN,
        "Total Other Finance Cost": 996000.0,
        "Interest Expense Non Operating": 996000.0,
        "Interest Income Non Operating": NaN,
        "Operating Income": NaN,
        "Operating Expense": NaN,
        "Depreciation Amortization Depletion Income Statement": 0.0,
        "Depreciation And Amortization In Income Statement": 0.0,
        "Amortization": 0.0,
        "Amortization Of Intangibles Income Statement": 0.0,
        "Research And Development": NaN,
        "Selling General And Administration": NaN,
        "Selling And Marketing Expense": 7000.0,
        "General And Administrative Expense": NaN,
        "Other Gand A": NaN,
        "Salaries And Wages": NaN,
        "Gross Profit": NaN,
        "Cost Of Revenue": NaN,
        "Total Revenue": NaN,
        "Operating Revenue": NaN
    },
    "2023-09-30": {
        "Tax Effect Of Unusual Items": 21000.0,
        "Tax Rate For Calcs": 0.21,
        "Normalized EBITDA": -3809000.0,
        "Total Unusual Items": 100000.0,
        "Total Unusual Items Excluding Goodwill": 100000.0,
        "Net Income From Continuing Operation Net Minority Interest": -5228000.0,
        "Reconciled Depreciation": 41000.0,
        "Reconciled Cost Of Revenue": 247000.0,
        "EBITDA": -3709000.0,
        "EBIT": -3750000.0,
        "Net Interest Income": -1553000.0,
        "Interest Expense": 1553000.0,
        "Interest Income": NaN,
        "Normalized Income": -5307000.0,
        "Net Income From Continuing And Discontinued Operation": -5228000.0,
        "Total Expenses": 3986000.0,
        "Total Operating Income As Reported": -3750000.0,
        "Diluted Average Shares": 194851.0,
        "Basic Average Shares": 194851.0,
        "Diluted EPS": -26.83,
        "Basic EPS": -26.83,
        "Diluted NI Availto Com Stockholders": -5228000.0,
        "Average Dilution Earnings": NaN,
        "Net Income Common Stockholders": -5228000.0,
        "Otherunder Preferred Stock Dividend": NaN,
        "Net Income": -5228000.0,
        "Net Income Including Noncontrolling Interests": -5228000.0,
        "Net Income Continuous Operations": -5228000.0,
        "Tax Provision": 8000.0,
        "Pretax Income": -5220000.0,
        "Other Income Expense": 83000.0,
        "Other Non Operating Income Expenses": -17000.0,
        "Special Income Charges": 0.0,
        "Other Special Charges": NaN,
        "Restructuring And Mergern Acquisition": 0.0,
        "Gain On Sale Of Security": 100000.0,
        "Net Non Operating Interest Income Expense": -1553000.0,
        "Total Other Finance Cost": 1553000.0,
        "Interest Expense Non Operating": 1553000.0,
        "Interest Income Non Operating": NaN,
        "Operating Income": -3750000.0,
        "Operating Expense": 3739000.0,
        "Depreciation Amortization Depletion Income Statement": 0.0,
        "Depreciation And Amortization In Income Statement": 0.0,
        "Amortization": 0.0,
        "Amortization Of Intangibles Income Statement": 0.0,
        "Research And Development": 1249000.0,
        "Selling General And Administration": 2490000.0,
        "Selling And Marketing Expense": 7000.0,
        "General And Administrative Expense": 2490000.0,
        "Other Gand A": 1326000.0,
        "Salaries And Wages": 1164000.0,
        "Gross Profit": -11000.0,
        "Cost Of Revenue": 247000.0,
        "Total Revenue": 236000.0,
        "Operating Revenue": 236000.0
    },
    "2023-12-31": {
        "Tax Effect Of Unusual Items": -4960.621255,
        "Tax Rate For Calcs": 0.001101,
        "Normalized EBITDA": -3708000.0,
        "Total Unusual Items": -4507000.0,
        "Total Unusual Items Excluding Goodwill": -4507000.0,
        "Net Income From Continuing Operation Net Minority Interest": -8168000.0,
        "Reconciled Depreciation": 43000.0,
        "Reconciled Cost Of Revenue": -221000.0,
        "EBITDA": -8215000.0,
        "EBIT": -8258000.0,
        "Net Interest Income": 81000.0,
        "Interest Expense": -81000.0,
        "Interest Income": NaN,
        "Normalized Income": -3665960.621255,
        "Net Income From Continuing And Discontinued Operation": -8168000.0,
        "Total Expenses": 4322000.0,
        "Total Operating Income As Reported": NaN,
        "Diluted Average Shares": NaN,
        "Basic Average Shares": NaN,
        "Diluted EPS": NaN,
        "Basic EPS": NaN,
        "Diluted NI Availto Com Stockholders": -8168000.0,
        "Average Dilution Earnings": NaN,
        "Net Income Common Stockholders": -8168000.0,
        "Otherunder Preferred Stock Dividend": NaN,
        "Net Income": -8168000.0,
        "Net Income Including Noncontrolling Interests": -8168000.0,
        "Net Income Continuous Operations": -8168000.0,
        "Tax Provision": -9000.0,
        "Pretax Income": -8177000.0,
        "Other Income Expense": -4507000.0,
        "Other Non Operating Income Expenses": 0.0,
        "Special Income Charges": NaN,
        "Other Special Charges": NaN,
        "Restructuring And Mergern Acquisition": NaN,
        "Gain On Sale Of Security": -600000.0,
        "Net Non Operating Interest Income Expense": 81000.0,
        "Total Other Finance Cost": NaN,
        "Interest Expense Non Operating": -81000.0,
        "Interest Income Non Operating": NaN,
        "Operating Income": -3751000.0,
        "Operating Expense": 4543000.0,
        "Depreciation Amortization Depletion Income Statement": 0.0,
        "Depreciation And Amortization In Income Statement": 0.0,
        "Amortization": 0.0,
        "Amortization Of Intangibles Income Statement": 0.0,
        "Research And Development": 1867000.0,
        "Selling General And Administration": 2676000.0,
        "Selling And Marketing Expense": 7000.0,
        "General And Administrative Expense": 2669000.0,
        "Other Gand A": 1950000.0,
        "Salaries And Wages": 719000.0,
        "Gross Profit": 792000.0,
        "Cost Of Revenue": -221000.0,
        "Total Revenue": 571000.0,
        "Operating Revenue": 571000.0
    },
    "2024-03-31": {
        "Tax Effect Of Unusual Items": -24392340.0,
        "Tax Rate For Calcs": 0.21,
        "Normalized EBITDA": 110959000.0,
        "Total Unusual Items": -116154000.0,
        "Total Unusual Items Excluding Goodwill": -116154000.0,
        "Net Income From Continuing Operation Net Minority Interest": -121290000.0,
        "Reconciled Depreciation": 34000.0,
        "Reconciled Cost Of Revenue": -80000.0,
        "EBITDA": -5195000.0,
        "EBIT": -5229000.0,
        "Net Interest Income": 100000.0,
        "Interest Expense": NaN,
        "Interest Income": 100000.0,
        "Normalized Income": -29528340.0,
        "Net Income From Continuing And Discontinued Operation": -121290000.0,
        "Total Expenses": 5229000.0,
        "Total Operating Income As Reported": NaN,
        "Diluted Average Shares": 859381.0,
        "Basic Average Shares": 859381.0,
        "Diluted EPS": -141.0,
        "Basic EPS": -141.0,
        "Diluted NI Availto Com Stockholders": -121290000.0,
        "Average Dilution Earnings": NaN,
        "Net Income Common Stockholders": -121290000.0,
        "Otherunder Preferred Stock Dividend": NaN,
        "Net Income": -121290000.0,
        "Net Income Including Noncontrolling Interests": -121290000.0,
        "Net Income Continuous Operations": -121290000.0,
        "Tax Provision": 7000.0,
        "Pretax Income": -121283000.0,
        "Other Income Expense": -116154000.0,
        "Other Non Operating Income Expenses": NaN,
        "Special Income Charges": -36758000.0,
        "Other Special Charges": 27538000.0,
        "Restructuring And Mergern Acquisition": 9220000.0,
        "Gain On Sale Of Security": -79396000.0,
        "Net Non Operating Interest Income Expense": 100000.0,
        "Total Other Finance Cost": NaN,
        "Interest Expense Non Operating": NaN,
        "Interest Income Non Operating": 100000.0,
        "Operating Income": -5229000.0,
        "Operating Expense": 5309000.0,
        "Depreciation Amortization Depletion Income Statement": NaN,
        "Depreciation And Amortization In Income Statement": NaN,
        "Amortization": NaN,
        "Amortization Of Intangibles Income Statement": NaN,
        "Research And Development": 2116000.0,
        "Selling General And Administration": 3193000.0,
        "Selling And Marketing Expense": 7000.0,
        "General And Administrative Expense": 3186000.0,
        "Other Gand A": 1917000.0,
        "Salaries And Wages": 1269000.0,
        "Gross Profit": 80000.0,
        "Cost Of Revenue": -80000.0,
        "Total Revenue": 0.0,
        "Operating Revenue": 0.0
    },
    "2024-06-30": {
        "Tax Effect Of Unusual Items": 7599.482076,
        "Tax Rate For Calcs": 7.1e-05,
        "Normalized EBITDA": -116342000.0,
        "Total Unusual Items": 106903000.0,
        "Total Unusual Items Excluding Goodwill": 106903000.0,
        "Net Income From Continuing Operation Net Minority Interest": 98463000.0,
        "Reconciled Depreciation": 33000.0,
        "Reconciled Cost Of Revenue": 343000.0,
        "EBITDA": -9439000.0,
        "EBIT": -9472000.0,
        "Net Interest Income": 1039000.0,
        "Interest Expense": NaN,
        "Interest Income": NaN,
        "Normalized Income": -8432400.517924,
        "Net Income From Continuing And Discontinued Operation": 98463000.0,
        "Total Expenses": 9472000.0,
        "Total Operating Income As Reported": NaN,
        "Diluted Average Shares": 31889.0,
        "Basic Average Shares": 4309.0,
        "Diluted EPS": -3376.8,
        "Basic EPS": 1010.4,
        "Diluted NI Availto Com Stockholders": -107692000.0,
        "Average Dilution Earnings": -112046000.0,
        "Net Income Common Stockholders": 4354000.0,
        "Otherunder Preferred Stock Dividend": 94109000.0,
        "Net Income": 98463000.0,
        "Net Income Including Noncontrolling Interests": 98463000.0,
        "Net Income Continuous Operations": 98463000.0,
        "Tax Provision": 7000.0,
        "Pretax Income": 98470000.0,
        "Other Income Expense": 106903000.0,
        "Other Non Operating Income Expenses": NaN,
        "Special Income Charges": -103000.0,
        "Other Special Charges": 103000.0,
        "Restructuring And Mergern Acquisition": 0.0,
        "Gain On Sale Of Security": 107006000.0,
        "Net Non Operating Interest Income Expense": 1039000.0,
        "Total Other Finance Cost": -1039000.0,
        "Interest Expense Non Operating": NaN,
        "Interest Income Non Operating": NaN,
        "Operating Income": -9472000.0,
        "Operating Expense": 9129000.0,
        "Depreciation Amortization Depletion Income Statement": NaN,
        "Depreciation And Amortization In Income Statement": NaN,
        "Amortization": NaN,
        "Amortization Of Intangibles Income Statement": NaN,
        "Research And Development": 4601000.0,
        "Selling General And Administration": 4528000.0,
        "Selling And Marketing Expense": 21000.0,
        "General And Administrative Expense": 4507000.0,
        "Other Gand A": 2879000.0,
        "Salaries And Wages": 1628000.0,
        "Gross Profit": -343000.0,
        "Cost Of Revenue": 343000.0,
        "Total Revenue": 0.0,
        "Operating Revenue": 0.0
    },
    "2024-09-30": {
        "Tax Effect Of Unusual Items": 7334250.0,
        "Tax Rate For Calcs": 0.21,
        "Normalized EBITDA": -47752000.0,
        "Total Unusual Items": 34925000.0,
        "Total Unusual Items Excluding Goodwill": 34925000.0,
        "Net Income From Continuing Operation Net Minority Interest": 23037000.0,
        "Reconciled Depreciation": 34000.0,
        "Reconciled Cost Of Revenue": -714000.0,
        "EBITDA": -12827000.0,
        "EBIT": -12861000.0,
        "Net Interest Income": 964000.0,
        "Interest Expense": NaN,
        "Interest Income": NaN,
        "Normalized Income": -4553750.0,
        "Net Income From Continuing And Discontinued Operation": 23037000.0,
        "Total Expenses": 13110000.0,
        "Total Operating Income As Reported": -12861000.0,
        "Diluted Average Shares": 10784037.0,
        "Basic Average Shares": 5546257.0,
        "Diluted EPS": -2.83,
        "Basic EPS": 0.98,
        "Diluted NI Availto Com Stockholders": -30563000.0,
        "Average Dilution Earnings": -36025000.0,
        "Net Income Common Stockholders": 5462000.0,
        "Otherunder Preferred Stock Dividend": 17575000.0,
        "Net Income": 23037000.0,
        "Net Income Including Noncontrolling Interests": 23037000.0,
        "Net Income Continuous Operations": 23037000.0,
        "Tax Provision": -14000.0,
        "Pretax Income": 23023000.0,
        "Other Income Expense": 34920000.0,
        "Other Non Operating Income Expenses": -5000.0,
        "Special Income Charges": 0.0,
        "Other Special Charges": NaN,
        "Restructuring And Mergern Acquisition": 0.0,
        "Gain On Sale Of Security": 34925000.0,
        "Net Non Operating Interest Income Expense": 964000.0,
        "Total Other Finance Cost": -964000.0,
        "Interest Expense Non Operating": NaN,
        "Interest Income Non Operating": NaN,
        "Operating Income": -12861000.0,
        "Operating Expense": 13824000.0,
        "Depreciation Amortization Depletion Income Statement": NaN,
        "Depreciation And Amortization In Income Statement": NaN,
        "Amortization": NaN,
        "Amortization Of Intangibles Income Statement": NaN,
        "Research And Development": 9538000.0,
        "Selling General And Administration": 4286000.0,
        "Selling And Marketing Expense": NaN,
        "General And Administrative Expense": 4286000.0,
        "Other Gand A": 2029000.0,
        "Salaries And Wages": 2257000.0,
        "Gross Profit": 963000.0,
        "Cost Of Revenue": -714000.0,
        "Total Revenue": 249000.0,
        "Operating Revenue": 249000.0
    }
}