{
    "2023-03-31": {
        "Tax Effect Of Unusual Items": NaN,
        "Tax Rate For Calcs": NaN,
        "Normalized EBITDA": NaN,
        "Total Unusual Items": NaN,
        "Total Unusual Items Excluding Goodwill": NaN,
        "Net Income From Continuing Operation Net Minority Interest": NaN,
        "EBITDA": NaN,
        "EBIT": NaN,
        "Net Interest Income": NaN,
        "Interest Expense": NaN,
        "Interest Income": NaN,
        "Normalized Income": NaN,
        "Net Income From Continuing And Discontinued Operation": NaN,
        "Total Expenses": NaN,
        "Total Operating Income As Reported": NaN,
        "Diluted Average Shares": 78304363.0,
        "Basic Average Shares": 78304363.0,
        "Diluted EPS": -0.17,
        "Basic EPS": -0.17,
        "Diluted NI Availto Com Stockholders": NaN,
        "Net Income Common Stockholders": NaN,
        "Net Income": NaN,
        "Net Income Including Noncontrolling Interests": NaN,
        "Net Income Continuous Operations": NaN,
        "Tax Provision": NaN,
        "Pretax Income": NaN,
        "Other Income Expense": NaN,
        "Other Non Operating Income Expenses": NaN,
        "Gain On Sale Of Security": NaN,
        "Net Non Operating Interest Income Expense": NaN,
        "Total Other Finance Cost": 964344.0,
        "Interest Expense Non Operating": NaN,
        "Interest Income Non Operating": NaN,
        "Operating Income": NaN,
        "Operating Expense": NaN,
        "Other Operating Expenses": NaN,
        "Research And Development": NaN,
        "Selling General And Administration": NaN,
        "General And Administrative Expense": NaN,
        "Other Gand A": NaN,
        "Total Revenue": NaN,
        "Operating Revenue": NaN
    },
    "2022-12-31": {
        "Tax Effect Of Unusual Items": NaN,
        "Tax Rate For Calcs": NaN,
        "Normalized EBITDA": NaN,
        "Total Unusual Items": NaN,
        "Total Unusual Items Excluding Goodwill": NaN,
        "Net Income From Continuing Operation Net Minority Interest": NaN,
        "EBITDA": NaN,
        "EBIT": NaN,
        "Net Interest Income": NaN,
        "Interest Expense": NaN,
        "Interest Income": NaN,
        "Normalized Income": NaN,
        "Net Income From Continuing And Discontinued Operation": NaN,
        "Total Expenses": NaN,
        "Total Operating Income As Reported": NaN,
        "Diluted Average Shares": NaN,
        "Basic Average Shares": NaN,
        "Diluted EPS": NaN,
        "Basic EPS": NaN,
        "Diluted NI Availto Com Stockholders": NaN,
        "Net Income Common Stockholders": NaN,
        "Net Income": NaN,
        "Net Income Including Noncontrolling Interests": NaN,
        "Net Income Continuous Operations": NaN,
        "Tax Provision": NaN,
        "Pretax Income": NaN,
        "Other Income Expense": NaN,
        "Other Non Operating Income Expenses": NaN,
        "Gain On Sale Of Security": NaN,
        "Net Non Operating Interest Income Expense": NaN,
        "Total Other Finance Cost": NaN,
        "Interest Expense Non Operating": NaN,
        "Interest Income Non Operating": NaN,
        "Operating Income": NaN,
        "Operating Expense": NaN,
        "Other Operating Expenses": -25000.0,
        "Research And Development": NaN,
        "Selling General And Administration": NaN,
        "General And Administrative Expense": NaN,
        "Other Gand A": NaN,
        "Total Revenue": NaN,
        "Operating Revenue": NaN
    },
    "2022-09-30": {
        "Tax Effect Of Unusual Items": -198028.0,
        "Tax Rate For Calcs": 0.4,
        "Normalized EBITDA": -14788888.0,
        "Total Unusual Items": -495070.0,
        "Total Unusual Items Excluding Goodwill": -495070.0,
        "Net Income From Continuing Operation Net Minority Interest": -14290400.0,
        "EBITDA": -15283958.0,
        "EBIT": -15283958.0,
        "Net Interest Income": 704583.0,
        "Interest Expense": NaN,
        "Interest Income": 704583.0,
        "Normalized Income": -13993358.0,
        "Net Income From Continuing And Discontinued Operation": -14290400.0,
        "Total Expenses": 15283958.0,
        "Total Operating Income As Reported": NaN,
        "Diluted Average Shares": 77954152.0,
        "Basic Average Shares": 77954152.0,
        "Diluted EPS": -0.18,
        "Basic EPS": -0.18,
        "Diluted NI Availto Com Stockholders": -14290400.0,
        "Net Income Common Stockholders": -14290400.0,
        "Net Income": -14290400.0,
        "Net Income Including Noncontrolling Interests": -14290400.0,
        "Net Income Continuous Operations": -14290400.0,
        "Tax Provision": 210291.0,
        "Pretax Income": -14080109.0,
        "Other Income Expense": 499266.0,
        "Other Non Operating Income Expenses": 994336.0,
        "Gain On Sale Of Security": -495070.0,
        "Net Non Operating Interest Income Expense": 704583.0,
        "Total Other Finance Cost": NaN,
        "Interest Expense Non Operating": NaN,
        "Interest Income Non Operating": 704583.0,
        "Operating Income": -15283958.0,
        "Operating Expense": 15283958.0,
        "Other Operating Expenses": NaN,
        "Research And Development": 11381450.0,
        "Selling General And Administration": 3902508.0,
        "General And Administrative Expense": 3902508.0,
        "Other Gand A": 3902508.0,
        "Total Revenue": 0.0,
        "Operating Revenue": 0.0
    },
    "2022-06-30": {
        "Tax Effect Of Unusual Items": -293019.6,
        "Tax Rate For Calcs": 0.4,
        "Normalized EBITDA": -11726171.0,
        "Total Unusual Items": -732549.0,
        "Total Unusual Items Excluding Goodwill": -732549.0,
        "Net Income From Continuing Operation Net Minority Interest": -12367341.0,
        "EBITDA": -12458720.0,
        "EBIT": -12458720.0,
        "Net Interest Income": 229917.0,
        "Interest Expense": NaN,
        "Interest Income": 229917.0,
        "Normalized Income": -11927811.6,
        "Net Income From Continuing And Discontinued Operation": -12367341.0,
        "Total Expenses": 12458720.0,
        "Total Operating Income As Reported": NaN,
        "Diluted Average Shares": 77442236.0,
        "Basic Average Shares": 77442236.0,
        "Diluted EPS": -0.16,
        "Basic EPS": -0.16,
        "Diluted NI Availto Com Stockholders": -12367341.0,
        "Net Income Common Stockholders": -12367341.0,
        "Net Income": -12367341.0,
        "Net Income Including Noncontrolling Interests": -12367341.0,
        "Net Income Continuous Operations": -12367341.0,
        "Tax Provision": 88421.0,
        "Pretax Income": -12278920.0,
        "Other Income Expense": -50117.0,
        "Other Non Operating Income Expenses": 682432.0,
        "Gain On Sale Of Security": -732549.0,
        "Net Non Operating Interest Income Expense": 229917.0,
        "Total Other Finance Cost": NaN,
        "Interest Expense Non Operating": NaN,
        "Interest Income Non Operating": 229917.0,
        "Operating Income": -12458720.0,
        "Operating Expense": 12458720.0,
        "Other Operating Expenses": NaN,
        "Research And Development": 9273269.0,
        "Selling General And Administration": 3185451.0,
        "General And Administrative Expense": 3185451.0,
        "Other Gand A": 3185451.0,
        "Total Revenue": 0.0,
        "Operating Revenue": 0.0
    },
    "2022-03-31": {
        "Diluted EPS": -0.14,
        "Total Revenue": NaN,
        "Gross Profit": NaN,
        "Operating Income": -12,
        "EBIT": -12,
        "Net Income": -10
    },
    "2021-12-31": {
        "Diluted EPS": -0.14,
        "Total Revenue": NaN,
        "Gross Profit": NaN,
        "Operating Income": -12,
        "EBIT": -12,
        "Net Income": -11
    },
    "2021-09-30": {
        "Diluted EPS": -0.16,
        "Total Revenue": NaN,
        "Gross Profit": NaN,
        "Operating Income": -12,
        "EBIT": -12,
        "Net Income": -12
    },
    "2021-06-30": {
        "Diluted EPS": -0.14,
        "Total Revenue": NaN,
        "Gross Profit": NaN,
        "Operating Income": -11,
        "EBIT": -11,
        "Net Income": -10
    },
    "2021-03-31": {
        "Diluted EPS": -0.12,
        "Total Revenue": NaN,
        "Gross Profit": NaN,
        "Operating Income": -9,
        "EBIT": -9,
        "Net Income": -8
    },
    "2020-12-31": {
        "Diluted EPS": -0.12,
        "Total Revenue": NaN,
        "Gross Profit": NaN,
        "Operating Income": -9,
        "EBIT": -9,
        "Net Income": -8
    },
    "2020-09-30": {
        "Diluted EPS": -0.1,
        "Total Revenue": NaN,
        "Gross Profit": NaN,
        "Operating Income": -8,
        "EBIT": -8,
        "Net Income": -6
    },
    "2020-06-30": {
        "Diluted EPS": -0.11,
        "Total Revenue": NaN,
        "Gross Profit": NaN,
        "Operating Income": -8,
        "EBIT": -8,
        "Net Income": -6
    },
    "2020-03-31": {
        "Diluted EPS": -0.12,
        "Total Revenue": NaN,
        "Gross Profit": NaN,
        "Operating Income": -8,
        "EBIT": -8,
        "Net Income": -7
    },
    "2019-12-31": {
        "Diluted EPS": -0.12,
        "Total Revenue": NaN,
        "Gross Profit": NaN,
        "Operating Income": -8,
        "EBIT": -8,
        "Net Income": -7
    },
    "2019-09-30": {
        "Diluted EPS": -0.11,
        "Total Revenue": NaN,
        "Gross Profit": NaN,
        "Operating Income": -6,
        "EBIT": -6,
        "Net Income": -6
    },
    "2019-06-30": {
        "Diluted EPS": -0.13,
        "Total Revenue": NaN,
        "Gross Profit": NaN,
        "Operating Income": -7,
        "EBIT": -7,
        "Net Income": -7
    },
    "2019-03-31": {
        "Diluted EPS": -0.15,
        "Total Revenue": NaN,
        "Gross Profit": NaN,
        "Operating Income": -8,
        "EBIT": -8,
        "Net Income": -7
    },
    "2018-12-31": {
        "Diluted EPS": -0.15,
        "Total Revenue": NaN,
        "Gross Profit": NaN,
        "Operating Income": -7,
        "EBIT": -7,
        "Net Income": -7
    },
    "2018-09-30": {
        "Diluted EPS": -0.13,
        "Total Revenue": NaN,
        "Gross Profit": NaN,
        "Operating Income": -6,
        "EBIT": -6,
        "Net Income": -6
    },
    "2018-06-30": {
        "Diluted EPS": -0.06,
        "Total Revenue": NaN,
        "Gross Profit": NaN,
        "Operating Income": -5,
        "EBIT": -5,
        "Net Income": -3
    },
    "2018-03-31": {
        "Diluted EPS": -0.11,
        "Total Revenue": NaN,
        "Gross Profit": NaN,
        "Operating Income": -5,
        "EBIT": -5,
        "Net Income": -5
    },
    "2017-12-31": {
        "Diluted EPS": -0.09,
        "Total Revenue": NaN,
        "Gross Profit": NaN,
        "Operating Income": -4,
        "EBIT": -4,
        "Net Income": -4
    },
    "2017-09-30": {
        "Diluted EPS": -0.17,
        "Total Revenue": NaN,
        "Gross Profit": NaN,
        "Operating Income": -5,
        "EBIT": -5,
        "Net Income": -5
    },
    "2017-06-30": {
        "Diluted EPS": -0.04,
        "Total Revenue": NaN,
        "Gross Profit": NaN,
        "Operating Income": -4,
        "EBIT": -4,
        "Net Income": -4
    },
    "2017-03-31": {
        "Diluted EPS": -0.04,
        "Total Revenue": NaN,
        "Gross Profit": NaN,
        "Operating Income": -4,
        "EBIT": -4,
        "Net Income": -2
    },
    "2016-12-31": {
        "Diluted EPS": -0.08,
        "Total Revenue": NaN,
        "Gross Profit": NaN,
        "Operating Income": -3,
        "EBIT": -3,
        "Net Income": -3
    },
    "2016-09-30": {
        "Diluted EPS": -0.18,
        "Total Revenue": NaN,
        "Gross Profit": NaN,
        "Operating Income": -7,
        "EBIT": -7,
        "Net Income": -7
    },
    "2016-06-30": {
        "Diluted EPS": -0.06,
        "Total Revenue": NaN,
        "Gross Profit": NaN,
        "Operating Income": -2,
        "EBIT": -2,
        "Net Income": -2
    },
    "2016-03-31": {
        "Diluted EPS": -0.06,
        "Total Revenue": NaN,
        "Gross Profit": NaN,
        "Operating Income": -2,
        "EBIT": -2,
        "Net Income": -2
    },
    "2015-12-31": {
        "Diluted EPS": -0.12,
        "Total Revenue": NaN,
        "Gross Profit": NaN,
        "Operating Income": -5,
        "EBIT": -5,
        "Net Income": -4
    },
    "2015-09-30": {
        "Diluted EPS": -0.25,
        "Total Revenue": NaN,
        "Gross Profit": NaN,
        "Operating Income": -4,
        "EBIT": -3,
        "Net Income": -5
    },
    "2015-06-30": {
        "Diluted EPS": -0.22,
        "Total Revenue": NaN,
        "Gross Profit": NaN,
        "Operating Income": -2,
        "EBIT": 1,
        "Net Income": -4
    },
    "2015-03-31": {
        "Diluted EPS": -0.12,
        "Total Revenue": NaN,
        "Gross Profit": NaN,
        "Operating Income": -1,
        "EBIT": 0,
        "Net Income": -2
    },
    "2014-12-31": {
        "Diluted EPS": -0.06,
        "Total Revenue": NaN,
        "Gross Profit": NaN,
        "Operating Income": -1,
        "EBIT": -1,
        "Net Income": -1
    },
    "2014-09-30": {
        "Diluted EPS": -0.74,
        "Total Revenue": NaN,
        "Gross Profit": NaN,
        "Operating Income": -1,
        "EBIT": 2,
        "Net Income": -8
    },
    "2014-06-30": {
        "Diluted EPS": -0.12,
        "Total Revenue": NaN,
        "Gross Profit": NaN,
        "Operating Income": -1,
        "EBIT": -1,
        "Net Income": -1
    },
    "2014-03-31": {
        "Diluted EPS": -0.12,
        "Total Revenue": NaN,
        "Gross Profit": NaN,
        "Operating Income": -1,
        "EBIT": -1,
        "Net Income": -1
    },
    "2013-12-31": {
        "Diluted EPS": -0.04,
        "Total Revenue": NaN,
        "Gross Profit": NaN,
        "Operating Income": 0,
        "EBIT": 0,
        "Net Income": 0
    },
    "2013-09-30": {
        "Diluted EPS": -0.4,
        "Total Revenue": NaN,
        "Gross Profit": NaN,
        "Operating Income": -2,
        "EBIT": -2,
        "Net Income": -3
    },
    "2013-06-30": {
        "Diluted EPS": -0.04,
        "Total Revenue": NaN,
        "Gross Profit": NaN,
        "Operating Income": 0,
        "EBIT": 0,
        "Net Income": 0
    },
    "2013-03-31": {
        "Diluted EPS": 0.0,
        "Total Revenue": NaN,
        "Gross Profit": NaN,
        "Operating Income": 0,
        "EBIT": 0,
        "Net Income": 0
    },
    "2012-12-31": {
        "Diluted EPS": -0.04,
        "Total Revenue": NaN,
        "Gross Profit": NaN,
        "Operating Income": 0,
        "EBIT": 0,
        "Net Income": 0
    },
    "2012-09-30": {
        "Diluted EPS": -0.08,
        "Total Revenue": NaN,
        "Gross Profit": NaN,
        "Operating Income": -1,
        "EBIT": -1,
        "Net Income": -1
    },
    "2012-06-30": {
        "Diluted EPS": -0.64,
        "Total Revenue": NaN,
        "Gross Profit": NaN,
        "Operating Income": -1,
        "EBIT": -1,
        "Net Income": -5
    },
    "2012-03-31": {
        "Diluted EPS": -0.12,
        "Total Revenue": NaN,
        "Gross Profit": NaN,
        "Operating Income": -1,
        "EBIT": -1,
        "Net Income": -1
    },
    "2011-12-31": {
        "Diluted EPS": -0.32,
        "Total Revenue": NaN,
        "Gross Profit": NaN,
        "Operating Income": -2,
        "EBIT": -2,
        "Net Income": -2
    },
    "2011-09-30": {
        "Diluted EPS": -0.28,
        "Total Revenue": NaN,
        "Gross Profit": NaN,
        "Operating Income": -1,
        "EBIT": -1,
        "Net Income": -2
    },
    "2011-06-30": {
        "Diluted EPS": -0.24,
        "Total Revenue": NaN,
        "Gross Profit": NaN,
        "Operating Income": -2,
        "EBIT": -2,
        "Net Income": -2
    },
    "2011-03-31": {
        "Diluted EPS": -0.32,
        "Total Revenue": NaN,
        "Gross Profit": NaN,
        "Operating Income": -2,
        "EBIT": -2,
        "Net Income": -2
    },
    "2010-12-31": {
        "Diluted EPS": -0.32,
        "Total Revenue": NaN,
        "Gross Profit": NaN,
        "Operating Income": -1,
        "EBIT": -1,
        "Net Income": -2
    },
    "2010-09-30": {
        "Diluted EPS": -0.88,
        "Total Revenue": NaN,
        "Gross Profit": NaN,
        "Operating Income": -3,
        "EBIT": -3,
        "Net Income": -5
    },
    "2010-06-30": {
        "Diluted EPS": -0.36,
        "Total Revenue": NaN,
        "Gross Profit": NaN,
        "Operating Income": -1,
        "EBIT": 0,
        "Net Income": -2
    },
    "2010-03-31": {
        "Diluted EPS": -0.32,
        "Total Revenue": NaN,
        "Gross Profit": NaN,
        "Operating Income": -2,
        "EBIT": -1,
        "Net Income": -2
    },
    "2009-12-31": {
        "Diluted EPS": -0.08,
        "Total Revenue": NaN,
        "Gross Profit": NaN,
        "Operating Income": -1,
        "EBIT": -1,
        "Net Income": 0
    },
    "2009-09-30": {
        "Diluted EPS": -0.36,
        "Total Revenue": NaN,
        "Gross Profit": NaN,
        "Operating Income": -2,
        "EBIT": -2,
        "Net Income": -2
    },
    "2009-06-30": {
        "Diluted EPS": -0.28,
        "Total Revenue": NaN,
        "Gross Profit": NaN,
        "Operating Income": -1,
        "EBIT": -1,
        "Net Income": -1
    },
    "2009-03-31": {
        "Diluted EPS": -0.24,
        "Total Revenue": NaN,
        "Gross Profit": NaN,
        "Operating Income": -1,
        "EBIT": -1,
        "Net Income": -1
    },
    "2023-06-30": {
        "Tax Effect Of Unusual Items": NaN,
        "Tax Rate For Calcs": NaN,
        "Normalized EBITDA": NaN,
        "Total Unusual Items": NaN,
        "Total Unusual Items Excluding Goodwill": NaN,
        "Net Income From Continuing Operation Net Minority Interest": NaN,
        "EBITDA": NaN,
        "EBIT": NaN,
        "Net Interest Income": NaN,
        "Interest Expense": 0.0,
        "Interest Income": NaN,
        "Normalized Income": NaN,
        "Net Income From Continuing And Discontinued Operation": NaN,
        "Total Expenses": NaN,
        "Total Operating Income As Reported": -13531000.0,
        "Diluted Average Shares": 80875235.0,
        "Basic Average Shares": 80875235.0,
        "Diluted EPS": -0.14,
        "Basic EPS": -0.14,
        "Diluted NI Availto Com Stockholders": NaN,
        "Net Income Common Stockholders": NaN,
        "Net Income": NaN,
        "Net Income Including Noncontrolling Interests": NaN,
        "Net Income Continuous Operations": NaN,
        "Tax Provision": NaN,
        "Pretax Income": NaN,
        "Other Income Expense": NaN,
        "Other Non Operating Income Expenses": 565000.0,
        "Gain On Sale Of Security": NaN,
        "Net Non Operating Interest Income Expense": NaN,
        "Interest Expense Non Operating": 0.0,
        "Interest Income Non Operating": NaN,
        "Operating Income": NaN,
        "Operating Expense": NaN,
        "Other Operating Expenses": NaN,
        "Research And Development": NaN,
        "Selling General And Administration": NaN,
        "General And Administrative Expense": NaN,
        "Other Gand A": NaN,
        "Total Revenue": NaN,
        "Operating Revenue": NaN
    },
    "2023-09-30": {
        "Tax Effect Of Unusual Items": -1166.577,
        "Tax Rate For Calcs": 0.006264,
        "Normalized EBITDA": -10024086.0,
        "Total Unusual Items": -186239.0,
        "Total Unusual Items Excluding Goodwill": -186239.0,
        "Net Income From Continuing Operation Net Minority Interest": -10146027.0,
        "EBITDA": -10210325.0,
        "EBIT": -10210325.0,
        "Net Interest Income": 1958560.0,
        "Interest Expense": -344.0,
        "Interest Income": 1958216.0,
        "Normalized Income": -9960954.577,
        "Net Income From Continuing And Discontinued Operation": -10146027.0,
        "Total Expenses": 12652189.0,
        "Total Operating Income As Reported": -12652189.0,
        "Diluted Average Shares": NaN,
        "Basic Average Shares": NaN,
        "Diluted EPS": NaN,
        "Basic EPS": NaN,
        "Diluted NI Availto Com Stockholders": -10146027.0,
        "Net Income Common Stockholders": -10146027.0,
        "Net Income": -10146027.0,
        "Net Income Including Noncontrolling Interests": -10146027.0,
        "Net Income Continuous Operations": -10146027.0,
        "Tax Provision": -63954.0,
        "Pretax Income": -10209981.0,
        "Other Income Expense": 483648.0,
        "Other Non Operating Income Expenses": 669887.0,
        "Gain On Sale Of Security": -186239.0,
        "Net Non Operating Interest Income Expense": 1958560.0,
        "Interest Expense Non Operating": -344.0,
        "Interest Income Non Operating": 1958216.0,
        "Operating Income": -12652189.0,
        "Operating Expense": 12652189.0,
        "Other Operating Expenses": 0.0,
        "Research And Development": 10060636.0,
        "Selling General And Administration": 2591553.0,
        "General And Administrative Expense": 2591553.0,
        "Other Gand A": 2591553.0,
        "Total Revenue": 0.0,
        "Operating Revenue": 0.0
    },
    "2023-12-31": {
        "Tax Effect Of Unusual Items": 32760.0,
        "Tax Rate For Calcs": 0.21,
        "Normalized EBITDA": -11449000.0,
        "Total Unusual Items": 156000.0,
        "Total Unusual Items Excluding Goodwill": 156000.0,
        "Net Income From Continuing Operation Net Minority Interest": -8622000.0,
        "EBITDA": -11293000.0,
        "EBIT": -11293000.0,
        "Net Interest Income": 2008000.0,
        "Interest Expense": NaN,
        "Interest Income": 2008000.0,
        "Normalized Income": -8745240.0,
        "Net Income From Continuing And Discontinued Operation": -8622000.0,
        "Total Expenses": 11293000.0,
        "Total Operating Income As Reported": NaN,
        "Diluted Average Shares": 82077815.0,
        "Basic Average Shares": 82077815.0,
        "Diluted EPS": -0.11,
        "Basic EPS": -0.11,
        "Diluted NI Availto Com Stockholders": -8622000.0,
        "Net Income Common Stockholders": -8622000.0,
        "Net Income": -8622000.0,
        "Net Income Including Noncontrolling Interests": -8622000.0,
        "Net Income Continuous Operations": -8622000.0,
        "Tax Provision": 85000.0,
        "Pretax Income": -8537000.0,
        "Other Income Expense": 748000.0,
        "Other Non Operating Income Expenses": 592000.0,
        "Gain On Sale Of Security": 156000.0,
        "Net Non Operating Interest Income Expense": 2008000.0,
        "Interest Expense Non Operating": NaN,
        "Interest Income Non Operating": 2008000.0,
        "Operating Income": -11293000.0,
        "Operating Expense": 11293000.0,
        "Other Operating Expenses": NaN,
        "Research And Development": 8684000.0,
        "Selling General And Administration": 2609000.0,
        "General And Administrative Expense": 2609000.0,
        "Other Gand A": 2609000.0,
        "Total Revenue": 0.0,
        "Operating Revenue": 0.0
    },
    "2024-03-31": {
        "Tax Effect Of Unusual Items": -31500.0,
        "Tax Rate For Calcs": 0.21,
        "Normalized EBITDA": -10291000.0,
        "Total Unusual Items": -150000.0,
        "Total Unusual Items Excluding Goodwill": -150000.0,
        "Net Income From Continuing Operation Net Minority Interest": -10546000.0,
        "EBITDA": -10441000.0,
        "EBIT": -10441000.0,
        "Net Interest Income": 1756000.0,
        "Interest Expense": 0.0,
        "Interest Income": 1756000.0,
        "Normalized Income": -10427500.0,
        "Net Income From Continuing And Discontinued Operation": -10546000.0,
        "Total Expenses": 12047000.0,
        "Total Operating Income As Reported": -12519000.0,
        "Diluted Average Shares": 82464226.0,
        "Basic Average Shares": 82464226.0,
        "Diluted EPS": -0.13,
        "Basic EPS": -0.13,
        "Diluted NI Availto Com Stockholders": -10546000.0,
        "Net Income Common Stockholders": -10546000.0,
        "Net Income": -10546000.0,
        "Net Income Including Noncontrolling Interests": -10546000.0,
        "Net Income Continuous Operations": -10546000.0,
        "Tax Provision": 105000.0,
        "Pretax Income": -10441000.0,
        "Other Income Expense": -150000.0,
        "Other Non Operating Income Expenses": NaN,
        "Gain On Sale Of Security": -150000.0,
        "Net Non Operating Interest Income Expense": 1756000.0,
        "Interest Expense Non Operating": 0.0,
        "Interest Income Non Operating": 1756000.0,
        "Operating Income": -12047000.0,
        "Operating Expense": 12047000.0,
        "Other Operating Expenses": NaN,
        "Research And Development": 9257000.0,
        "Selling General And Administration": 2790000.0,
        "General And Administrative Expense": 2790000.0,
        "Other Gand A": 2790000.0,
        "Total Revenue": 0.0,
        "Operating Revenue": 0.0
    },
    "2024-06-30": {
        "Tax Effect Of Unusual Items": 365.52398,
        "Tax Rate For Calcs": 0.005456,
        "Normalized EBITDA": -12348000.0,
        "Total Unusual Items": 67000.0,
        "Total Unusual Items Excluding Goodwill": 67000.0,
        "Net Income From Continuing Operation Net Minority Interest": -12214000.0,
        "EBITDA": -12281000.0,
        "EBIT": -12281000.0,
        "Net Interest Income": 1796000.0,
        "Interest Expense": 0.0,
        "Interest Income": 1796000.0,
        "Normalized Income": -12280634.47602,
        "Net Income From Continuing And Discontinued Operation": -12214000.0,
        "Total Expenses": 14729000.0,
        "Total Operating Income As Reported": -14729000.0,
        "Diluted Average Shares": 84535328.0,
        "Basic Average Shares": 84535328.0,
        "Diluted EPS": -0.14,
        "Basic EPS": -0.14,
        "Diluted NI Availto Com Stockholders": -12214000.0,
        "Net Income Common Stockholders": -12214000.0,
        "Net Income": -12214000.0,
        "Net Income Including Noncontrolling Interests": -12214000.0,
        "Net Income Continuous Operations": -12214000.0,
        "Tax Provision": -67000.0,
        "Pretax Income": -12281000.0,
        "Other Income Expense": 652000.0,
        "Other Non Operating Income Expenses": 585000.0,
        "Gain On Sale Of Security": 67000.0,
        "Net Non Operating Interest Income Expense": 1796000.0,
        "Interest Expense Non Operating": 0.0,
        "Interest Income Non Operating": 1796000.0,
        "Operating Income": -14729000.0,
        "Operating Expense": 14729000.0,
        "Other Operating Expenses": NaN,
        "Research And Development": 11870000.0,
        "Selling General And Administration": 2859000.0,
        "General And Administrative Expense": 2859000.0,
        "Other Gand A": 2859000.0,
        "Total Revenue": 0.0,
        "Operating Revenue": 0.0
    },
    "2024-09-30": {
        "Tax Effect Of Unusual Items": 1235.354223,
        "Tax Rate For Calcs": 0.010559,
        "Normalized EBITDA": -11861000.0,
        "Total Unusual Items": 117000.0,
        "Total Unusual Items Excluding Goodwill": 117000.0,
        "Net Income From Continuing Operation Net Minority Interest": -11620000.0,
        "EBITDA": -11744000.0,
        "EBIT": -11744000.0,
        "Net Interest Income": 1759000.0,
        "Interest Expense": 0.0,
        "Interest Income": 1759000.0,
        "Normalized Income": -11735764.645777,
        "Net Income From Continuing And Discontinued Operation": -11620000.0,
        "Total Expenses": 14261000.0,
        "Total Operating Income As Reported": -14336000.0,
        "Diluted Average Shares": NaN,
        "Basic Average Shares": NaN,
        "Diluted EPS": NaN,
        "Basic EPS": NaN,
        "Diluted NI Availto Com Stockholders": -11620000.0,
        "Net Income Common Stockholders": -11620000.0,
        "Net Income": -11620000.0,
        "Net Income Including Noncontrolling Interests": -11620000.0,
        "Net Income Continuous Operations": -11620000.0,
        "Tax Provision": -124000.0,
        "Pretax Income": -11744000.0,
        "Other Income Expense": 758000.0,
        "Other Non Operating Income Expenses": 641000.0,
        "Gain On Sale Of Security": 117000.0,
        "Net Non Operating Interest Income Expense": 1759000.0,
        "Interest Expense Non Operating": 0.0,
        "Interest Income Non Operating": 1759000.0,
        "Operating Income": -14261000.0,
        "Operating Expense": 14261000.0,
        "Other Operating Expenses": NaN,
        "Research And Development": 11555000.0,
        "Selling General And Administration": 2781000.0,
        "General And Administrative Expense": 2781000.0,
        "Other Gand A": 2781000.0,
        "Total Revenue": 0.0,
        "Operating Revenue": 0.0
    }
}