{
    "2023-06-30": {
        "Tax Effect Of Unusual Items": -18261200.0,
        "Tax Rate For Calcs": 0.284,
        "Normalized EBITDA": 310400000.0,
        "Total Unusual Items": -64300000.0,
        "Total Unusual Items Excluding Goodwill": -64300000.0,
        "Net Income From Continuing Operation Net Minority Interest": 100400000.0,
        "Reconciled Depreciation": 74000000.0,
        "Reconciled Cost Of Revenue": 1537100000.0,
        "EBITDA": 246100000.0,
        "EBIT": 172100000.0,
        "Net Interest Income": -31900000.0,
        "Interest Expense": 31900000.0,
        "Normalized Income": 146438800.0,
        "Net Income From Continuing And Discontinued Operation": 100400000.0,
        "Total Expenses": 1856700000.0,
        "Diluted Average Shares": 81000000.0,
        "Basic Average Shares": 80700000.0,
        "Diluted EPS": 1.24,
        "Basic EPS": 1.24,
        "Diluted NI Availto Com Stockholders": 100400000.0,
        "Net Income Common Stockholders": 100400000.0,
        "Net Income": 100400000.0,
        "Net Income Including Noncontrolling Interests": 100400000.0,
        "Net Income Continuous Operations": 100400000.0,
        "Earnings From Equity Interest Net Of Tax": NaN,
        "Tax Provision": 39800000.0,
        "Pretax Income": 140200000.0,
        "Other Income Expense": -61700000.0,
        "Other Non Operating Income Expenses": 2600000.0,
        "Special Income Charges": -64300000.0,
        "Gain On Sale Of Ppe": -500000.0,
        "Gain On Sale Of Business": NaN,
        "Other Special Charges": 53800000.0,
        "Write Off": 1200000.0,
        "Restructuring And Mergern Acquisition": 8800000.0,
        "Earnings From Equity Interest": 0.0,
        "Gain On Sale Of Security": NaN,
        "Net Non Operating Interest Income Expense": -31900000.0,
        "Interest Expense Non Operating": 31900000.0,
        "Operating Income": 233800000.0,
        "Operating Expense": 319600000.0,
        "Selling General And Administration": 319600000.0,
        "Gross Profit": 553400000.0,
        "Cost Of Revenue": 1537100000.0,
        "Total Revenue": 2090500000.0,
        "Operating Revenue": 2090500000.0
    },
    "2023-03-31": {
        "Tax Effect Of Unusual Items": -4984000.0,
        "Tax Rate For Calcs": 0.28,
        "Normalized EBITDA": 284800000.0,
        "Total Unusual Items": -17800000.0,
        "Total Unusual Items Excluding Goodwill": -17800000.0,
        "Net Income From Continuing Operation Net Minority Interest": 121200000.0,
        "Reconciled Depreciation": 72300000.0,
        "Reconciled Cost Of Revenue": 1522700000.0,
        "EBITDA": 267000000.0,
        "EBIT": 194700000.0,
        "Net Interest Income": -26400000.0,
        "Interest Expense": 26400000.0,
        "Normalized Income": 134016000.0,
        "Net Income From Continuing And Discontinued Operation": 121200000.0,
        "Total Expenses": 1857100000.0,
        "Diluted Average Shares": 81500000.0,
        "Basic Average Shares": 80900000.0,
        "Diluted EPS": 1.49,
        "Basic EPS": 1.5,
        "Diluted NI Availto Com Stockholders": 121200000.0,
        "Net Income Common Stockholders": 121200000.0,
        "Net Income": 121200000.0,
        "Net Income Including Noncontrolling Interests": 121200000.0,
        "Net Income Continuous Operations": 121200000.0,
        "Earnings From Equity Interest Net Of Tax": NaN,
        "Tax Provision": 47100000.0,
        "Pretax Income": 168300000.0,
        "Other Income Expense": -13400000.0,
        "Other Non Operating Income Expenses": 4400000.0,
        "Special Income Charges": -17800000.0,
        "Gain On Sale Of Ppe": NaN,
        "Gain On Sale Of Business": NaN,
        "Other Special Charges": NaN,
        "Write Off": 500000.0,
        "Restructuring And Mergern Acquisition": 17300000.0,
        "Earnings From Equity Interest": 0.0,
        "Gain On Sale Of Security": NaN,
        "Net Non Operating Interest Income Expense": -26400000.0,
        "Interest Expense Non Operating": 26400000.0,
        "Operating Income": 207900000.0,
        "Operating Expense": 334400000.0,
        "Selling General And Administration": 334400000.0,
        "Gross Profit": 542300000.0,
        "Cost Of Revenue": 1522700000.0,
        "Total Revenue": 2065000000.0,
        "Operating Revenue": 2065000000.0
    },
    "2022-12-31": {
        "Tax Effect Of Unusual Items": NaN,
        "Tax Rate For Calcs": NaN,
        "Normalized EBITDA": NaN,
        "Total Unusual Items": NaN,
        "Total Unusual Items Excluding Goodwill": NaN,
        "Net Income From Continuing Operation Net Minority Interest": NaN,
        "Reconciled Depreciation": NaN,
        "Reconciled Cost Of Revenue": NaN,
        "EBITDA": NaN,
        "EBIT": NaN,
        "Net Interest Income": NaN,
        "Interest Expense": NaN,
        "Normalized Income": NaN,
        "Net Income From Continuing And Discontinued Operation": NaN,
        "Total Expenses": NaN,
        "Diluted Average Shares": NaN,
        "Basic Average Shares": NaN,
        "Diluted EPS": NaN,
        "Basic EPS": NaN,
        "Diluted NI Availto Com Stockholders": NaN,
        "Net Income Common Stockholders": NaN,
        "Net Income": NaN,
        "Net Income Including Noncontrolling Interests": NaN,
        "Net Income Continuous Operations": NaN,
        "Earnings From Equity Interest Net Of Tax": 0.0,
        "Tax Provision": NaN,
        "Pretax Income": NaN,
        "Other Income Expense": NaN,
        "Other Non Operating Income Expenses": NaN,
        "Special Income Charges": NaN,
        "Gain On Sale Of Ppe": 900000.0,
        "Gain On Sale Of Business": 0.0,
        "Other Special Charges": 4600000.0,
        "Write Off": NaN,
        "Restructuring And Mergern Acquisition": NaN,
        "Earnings From Equity Interest": NaN,
        "Gain On Sale Of Security": 1100000.0,
        "Net Non Operating Interest Income Expense": NaN,
        "Interest Expense Non Operating": NaN,
        "Operating Income": NaN,
        "Operating Expense": NaN,
        "Selling General And Administration": NaN,
        "Gross Profit": NaN,
        "Cost Of Revenue": NaN,
        "Total Revenue": NaN,
        "Operating Revenue": NaN
    },
    "2022-09-30": {
        "Tax Effect Of Unusual Items": NaN,
        "Tax Rate For Calcs": NaN,
        "Normalized EBITDA": NaN,
        "Total Unusual Items": NaN,
        "Total Unusual Items Excluding Goodwill": NaN,
        "Net Income From Continuing Operation Net Minority Interest": NaN,
        "Reconciled Depreciation": NaN,
        "Reconciled Cost Of Revenue": NaN,
        "EBITDA": NaN,
        "EBIT": NaN,
        "Net Interest Income": NaN,
        "Interest Expense": NaN,
        "Normalized Income": NaN,
        "Net Income From Continuing And Discontinued Operation": NaN,
        "Total Expenses": NaN,
        "Diluted Average Shares": NaN,
        "Basic Average Shares": NaN,
        "Diluted EPS": NaN,
        "Basic EPS": NaN,
        "Diluted NI Availto Com Stockholders": NaN,
        "Net Income Common Stockholders": NaN,
        "Net Income": NaN,
        "Net Income Including Noncontrolling Interests": NaN,
        "Net Income Continuous Operations": NaN,
        "Earnings From Equity Interest Net Of Tax": 0.0,
        "Tax Provision": NaN,
        "Pretax Income": NaN,
        "Other Income Expense": NaN,
        "Other Non Operating Income Expenses": NaN,
        "Special Income Charges": NaN,
        "Gain On Sale Of Ppe": 0.0,
        "Gain On Sale Of Business": 0.0,
        "Other Special Charges": NaN,
        "Write Off": NaN,
        "Restructuring And Mergern Acquisition": NaN,
        "Earnings From Equity Interest": NaN,
        "Gain On Sale Of Security": 8700000.0,
        "Net Non Operating Interest Income Expense": NaN,
        "Interest Expense Non Operating": NaN,
        "Operating Income": NaN,
        "Operating Expense": NaN,
        "Selling General And Administration": NaN,
        "Gross Profit": NaN,
        "Cost Of Revenue": NaN,
        "Total Revenue": NaN,
        "Operating Revenue": NaN
    },
    "2022-06-30": {
        "Tax Effect Of Unusual Items": 0.0,
        "Tax Rate For Calcs": 0.255,
        "Normalized EBITDA": 381900000.0,
        "Total Unusual Items": -3300000.0,
        "Total Unusual Items Excluding Goodwill": -3300000.0,
        "Net Income From Continuing Operation Net Minority Interest": 214500000.0,
        "Reconciled Depreciation": 73200000.0,
        "Reconciled Cost Of Revenue": 1703500000.0,
        "EBITDA": 381900000.0,
        "EBIT": 308700000.0,
        "Net Interest Income": -20800000.0,
        "Interest Expense": 20800000.0,
        "Normalized Income": 214500000.0,
        "Net Income From Continuing And Discontinued Operation": 214500000.0,
        "Total Expenses": 2036200000.0,
        "Diluted Average Shares": 82100000.0,
        "Basic Average Shares": 81700000.0,
        "Diluted EPS": 2.61,
        "Basic EPS": 2.63,
        "Diluted NI Availto Com Stockholders": 214500000.0,
        "Net Income Common Stockholders": 214500000.0,
        "Net Income": 214500000.0,
        "Net Income Including Noncontrolling Interests": 214500000.0,
        "Net Income Continuous Operations": 214500000.0,
        "Earnings From Equity Interest Net Of Tax": 0.0,
        "Tax Provision": 73400000.0,
        "Pretax Income": 287900000.0,
        "Other Income Expense": -2100000.0,
        "Other Non Operating Income Expenses": -2100000.0,
        "Special Income Charges": -3300000.0,
        "Gain On Sale Of Ppe": 500000.0,
        "Gain On Sale Of Business": 0.0,
        "Other Special Charges": 700000.0,
        "Write Off": 0.0,
        "Restructuring And Mergern Acquisition": 3100000.0,
        "Earnings From Equity Interest": 0.0,
        "Gain On Sale Of Security": NaN,
        "Net Non Operating Interest Income Expense": -20800000.0,
        "Interest Expense Non Operating": 20800000.0,
        "Operating Income": 310800000.0,
        "Operating Expense": 332700000.0,
        "Selling General And Administration": 332700000.0,
        "Gross Profit": 643500000.0,
        "Cost Of Revenue": 1703500000.0,
        "Total Revenue": 2347000000.0,
        "Operating Revenue": 2347000000.0
    },
    "2022-03-31": {
        "Diluted EPS": 2.39,
        "Total Revenue": NaN,
        "Gross Profit": 641,
        "Operating Income": 288,
        "EBIT": 360,
        "Net Income": 198
    },
    "2021-12-31": {
        "Diluted EPS": 2.18,
        "Total Revenue": NaN,
        "Gross Profit": 585,
        "Operating Income": 193,
        "EBIT": 266,
        "Net Income": 183
    },
    "2021-09-30": {
        "Diluted EPS": 1.96,
        "Total Revenue": NaN,
        "Gross Profit": 554,
        "Operating Income": 242,
        "EBIT": 303,
        "Net Income": 164
    },
    "2021-06-30": {
        "Diluted EPS": 2.19,
        "Total Revenue": NaN,
        "Gross Profit": 576,
        "Operating Income": 270,
        "EBIT": 325,
        "Net Income": 184
    },
    "2021-03-31": {
        "Diluted EPS": 2.5,
        "Total Revenue": NaN,
        "Gross Profit": 597,
        "Operating Income": 284,
        "EBIT": 338,
        "Net Income": 210
    },
    "2020-12-31": {
        "Diluted EPS": 2.27,
        "Total Revenue": NaN,
        "Gross Profit": 571,
        "Operating Income": 203,
        "EBIT": 259,
        "Net Income": 192
    },
    "2020-09-30": {
        "Diluted EPS": 1.79,
        "Total Revenue": NaN,
        "Gross Profit": 484,
        "Operating Income": 214,
        "EBIT": 266,
        "Net Income": 151
    },
    "2020-06-30": {
        "Diluted EPS": 0.95,
        "Total Revenue": NaN,
        "Gross Profit": 383,
        "Operating Income": 124,
        "EBIT": 174,
        "Net Income": 80
    },
    "2020-03-31": {
        "Diluted EPS": 1.6,
        "Total Revenue": NaN,
        "Gross Profit": 485,
        "Operating Income": 199,
        "EBIT": 247,
        "Net Income": 134
    },
    "2019-12-31": {
        "Diluted EPS": 1.91,
        "Total Revenue": NaN,
        "Gross Profit": 485,
        "Operating Income": 180,
        "EBIT": 226,
        "Net Income": 163
    },
    "2019-09-30": {
        "Diluted EPS": 1.71,
        "Total Revenue": NaN,
        "Gross Profit": 472,
        "Operating Income": 200,
        "EBIT": 244,
        "Net Income": 145
    },
    "2019-06-30": {
        "Diluted EPS": 1.69,
        "Total Revenue": NaN,
        "Gross Profit": 482,
        "Operating Income": 209,
        "EBIT": 254,
        "Net Income": 143
    },
    "2019-03-31": {
        "Diluted EPS": -1.74,
        "Total Revenue": NaN,
        "Gross Profit": 465,
        "Operating Income": 182,
        "EBIT": 226,
        "Net Income": -147
    },
    "2018-12-31": {
        "Diluted EPS": 1.12,
        "Total Revenue": NaN,
        "Gross Profit": 472,
        "Operating Income": 194,
        "EBIT": 239,
        "Net Income": 97
    },
    "2018-09-30": {
        "Diluted EPS": 1.69,
        "Total Revenue": NaN,
        "Gross Profit": 459,
        "Operating Income": 192,
        "EBIT": 238,
        "Net Income": 150
    },
    "2018-06-30": {
        "Diluted EPS": 1.07,
        "Total Revenue": NaN,
        "Gross Profit": 501,
        "Operating Income": 157,
        "EBIT": 202,
        "Net Income": 96
    },
    "2018-03-31": {
        "Diluted EPS": 1.4,
        "Total Revenue": NaN,
        "Gross Profit": 483,
        "Operating Income": 176,
        "EBIT": 220,
        "Net Income": 125
    },
    "2017-12-31": {
        "Diluted EPS": -0.66,
        "Total Revenue": NaN,
        "Gross Profit": 466,
        "Operating Income": 176,
        "EBIT": 219,
        "Net Income": -60
    },
    "2017-09-30": {
        "Diluted EPS": 1.2,
        "Total Revenue": NaN,
        "Gross Profit": 452,
        "Operating Income": 167,
        "EBIT": 211,
        "Net Income": 108
    },
    "2017-06-30": {
        "Diluted EPS": 1.34,
        "Total Revenue": NaN,
        "Gross Profit": 453,
        "Operating Income": 172,
        "EBIT": 218,
        "Net Income": 121
    },
    "2017-03-31": {
        "Diluted EPS": 1.25,
        "Total Revenue": NaN,
        "Gross Profit": 442,
        "Operating Income": 156,
        "EBIT": 201,
        "Net Income": 112
    },
    "2016-12-31": {
        "Diluted EPS": 0.7,
        "Total Revenue": NaN,
        "Gross Profit": 425,
        "Operating Income": 194,
        "EBIT": 239,
        "Net Income": 62
    },
    "2016-09-30": {
        "Diluted EPS": 0.98,
        "Total Revenue": NaN,
        "Gross Profit": 418,
        "Operating Income": 143,
        "EBIT": 189,
        "Net Income": 89
    },
    "2016-06-30": {
        "Diluted EPS": 0.88,
        "Total Revenue": NaN,
        "Gross Profit": 434,
        "Operating Income": 115,
        "EBIT": 160,
        "Net Income": 80
    },
    "2016-03-31": {
        "Diluted EPS": 0.98,
        "Total Revenue": NaN,
        "Gross Profit": 423,
        "Operating Income": 139,
        "EBIT": 183,
        "Net Income": 90
    },
    "2015-12-31": {
        "Diluted EPS": 0.61,
        "Total Revenue": NaN,
        "Gross Profit": 392,
        "Operating Income": 107,
        "EBIT": 152,
        "Net Income": 57
    },
    "2015-09-30": {
        "Diluted EPS": 0.88,
        "Total Revenue": NaN,
        "Gross Profit": 406,
        "Operating Income": 131,
        "EBIT": 177,
        "Net Income": 82
    },
    "2015-06-30": {
        "Diluted EPS": 0.68,
        "Total Revenue": NaN,
        "Gross Profit": 418,
        "Operating Income": 117,
        "EBIT": 164,
        "Net Income": 64
    },
    "2015-03-31": {
        "Diluted EPS": 0.78,
        "Total Revenue": NaN,
        "Gross Profit": 430,
        "Operating Income": 115,
        "EBIT": 165,
        "Net Income": 72
    },
    "2014-12-31": {
        "Diluted EPS": 0.76,
        "Total Revenue": NaN,
        "Gross Profit": 415,
        "Operating Income": 114,
        "EBIT": 167,
        "Net Income": 71
    },
    "2014-09-30": {
        "Diluted EPS": 0.63,
        "Total Revenue": NaN,
        "Gross Profit": 401,
        "Operating Income": 115,
        "EBIT": 164,
        "Net Income": 60
    },
    "2014-06-30": {
        "Diluted EPS": 0.44,
        "Total Revenue": NaN,
        "Gross Profit": 428,
        "Operating Income": 93,
        "EBIT": 142,
        "Net Income": 43
    },
    "2014-03-31": {
        "Diluted EPS": 0.73,
        "Total Revenue": NaN,
        "Gross Profit": 407,
        "Operating Income": 103,
        "EBIT": 153,
        "Net Income": 71
    },
    "2013-12-31": {
        "Diluted EPS": 0.41,
        "Total Revenue": NaN,
        "Gross Profit": 416,
        "Operating Income": 119,
        "EBIT": 167,
        "Net Income": 40
    },
    "2013-09-30": {
        "Diluted EPS": 0.47,
        "Total Revenue": NaN,
        "Gross Profit": 402,
        "Operating Income": 91,
        "EBIT": 143,
        "Net Income": 47
    },
    "2013-06-30": {
        "Diluted EPS": 0.68,
        "Total Revenue": NaN,
        "Gross Profit": 418,
        "Operating Income": 124,
        "EBIT": 176,
        "Net Income": 69
    },
    "2013-03-31": {
        "Diluted EPS": 0.57,
        "Total Revenue": NaN,
        "Gross Profit": 402,
        "Operating Income": 93,
        "EBIT": 145,
        "Net Income": 58
    },
    "2012-12-31": {
        "Diluted EPS": 0.48,
        "Total Revenue": NaN,
        "Gross Profit": 382,
        "Operating Income": 65,
        "EBIT": 122,
        "Net Income": 49
    },
    "2012-09-30": {
        "Diluted EPS": 0.57,
        "Total Revenue": NaN,
        "Gross Profit": 381,
        "Operating Income": 73,
        "EBIT": 126,
        "Net Income": 58
    },
    "2012-06-30": {
        "Diluted EPS": 0.62,
        "Total Revenue": NaN,
        "Gross Profit": 388,
        "Operating Income": 92,
        "EBIT": 143,
        "Net Income": 64
    },
    "2012-03-31": {
        "Diluted EPS": 0.41,
        "Total Revenue": NaN,
        "Gross Profit": 377,
        "Operating Income": 81,
        "EBIT": 140,
        "Net Income": 44
    },
    "2011-12-31": {
        "Diluted EPS": 0.2,
        "Total Revenue": NaN,
        "Gross Profit": 313,
        "Operating Income": -36,
        "EBIT": 26,
        "Net Income": 22
    },
    "2011-09-30": {
        "Diluted EPS": 0.47,
        "Total Revenue": NaN,
        "Gross Profit": 367,
        "Operating Income": 64,
        "EBIT": 125,
        "Net Income": 50
    },
    "2011-06-30": {
        "Diluted EPS": 0.69,
        "Total Revenue": NaN,
        "Gross Profit": 396,
        "Operating Income": 105,
        "EBIT": 168,
        "Net Income": 73
    },
    "2011-03-31": {
        "Diluted EPS": 0.42,
        "Total Revenue": NaN,
        "Gross Profit": 400,
        "Operating Income": 80,
        "EBIT": 141,
        "Net Income": 45
    },
    "2010-12-31": {
        "Diluted EPS": 1.06,
        "Total Revenue": NaN,
        "Gross Profit": 364,
        "Operating Income": 67,
        "EBIT": 127,
        "Net Income": 114
    },
    "2010-09-30": {
        "Diluted EPS": 0.6,
        "Total Revenue": NaN,
        "Gross Profit": 453,
        "Operating Income": 96,
        "EBIT": 162,
        "Net Income": 64
    },
    "2010-06-30": {
        "Diluted EPS": 0.78,
        "Total Revenue": NaN,
        "Gross Profit": 490,
        "Operating Income": 147,
        "EBIT": 207,
        "Net Income": 84
    },
    "2010-03-31": {
        "Diluted EPS": 0.51,
        "Total Revenue": NaN,
        "Gross Profit": 441,
        "Operating Income": 94,
        "EBIT": 156,
        "Net Income": 55
    },
    "2009-12-31": {
        "Diluted EPS": 0.47,
        "Total Revenue": NaN,
        "Gross Profit": 415,
        "Operating Income": 45,
        "EBIT": 118,
        "Net Income": 50
    },
    "2009-09-30": {
        "Diluted EPS": 0.59,
        "Total Revenue": NaN,
        "Gross Profit": 436,
        "Operating Income": 77,
        "EBIT": 139,
        "Net Income": 63
    },
    "2009-06-30": {
        "Diluted EPS": 0.38,
        "Total Revenue": NaN,
        "Gross Profit": 390,
        "Operating Income": 61,
        "EBIT": 122,
        "Net Income": 40
    },
    "2009-03-31": {
        "Diluted EPS": -8.99,
        "Total Revenue": NaN,
        "Gross Profit": 345,
        "Operating Income": -56,
        "EBIT": 847,
        "Net Income": -899
    },
    "2023-09-30": {
        "Tax Effect Of Unusual Items": -11621300.0,
        "Tax Rate For Calcs": 0.251,
        "Normalized EBITDA": 337000000.0,
        "Total Unusual Items": -46300000.0,
        "Total Unusual Items Excluding Goodwill": -46300000.0,
        "Net Income From Continuing Operation Net Minority Interest": 138300000.0,
        "Reconciled Depreciation": 75100000.0,
        "Reconciled Cost Of Revenue": 1512500000.0,
        "EBITDA": 290700000.0,
        "EBIT": 215600000.0,
        "Net Interest Income": -31000000.0,
        "Interest Expense": 31000000.0,
        "Normalized Income": 172978700.0,
        "Net Income From Continuing And Discontinued Operation": 138300000.0,
        "Total Expenses": 1845100000.0,
        "Diluted Average Shares": 81000000.0,
        "Basic Average Shares": 80600000.0,
        "Diluted EPS": 1.71,
        "Basic EPS": 1.72,
        "Diluted NI Availto Com Stockholders": 138300000.0,
        "Net Income Common Stockholders": 138300000.0,
        "Net Income": 138300000.0,
        "Net Income Including Noncontrolling Interests": 138300000.0,
        "Net Income Continuous Operations": 138300000.0,
        "Earnings From Equity Interest Net Of Tax": NaN,
        "Tax Provision": 46300000.0,
        "Pretax Income": 184600000.0,
        "Other Income Expense": -37600000.0,
        "Other Non Operating Income Expenses": 8700000.0,
        "Special Income Charges": -46300000.0,
        "Gain On Sale Of Ppe": 0.0,
        "Gain On Sale Of Business": NaN,
        "Other Special Charges": 2500000.0,
        "Write Off": 5100000.0,
        "Restructuring And Mergern Acquisition": 38700000.0,
        "Earnings From Equity Interest": NaN,
        "Gain On Sale Of Security": NaN,
        "Net Non Operating Interest Income Expense": -31000000.0,
        "Interest Expense Non Operating": 31000000.0,
        "Operating Income": 253200000.0,
        "Operating Expense": 332600000.0,
        "Selling General And Administration": 332600000.0,
        "Gross Profit": 585800000.0,
        "Cost Of Revenue": 1512500000.0,
        "Total Revenue": 2098300000.0,
        "Operating Revenue": 2098300000.0
    },
    "2023-12-31": {
        "Tax Effect Of Unusual Items": -14073660.714286,
        "Tax Rate For Calcs": 0.290179,
        "Normalized EBITDA": 356800000.0,
        "Total Unusual Items": -48500000.0,
        "Total Unusual Items Excluding Goodwill": -48500000.0,
        "Net Income From Continuing Operation Net Minority Interest": 143100000.0,
        "Reconciled Depreciation": 77000000.0,
        "Reconciled Cost Of Revenue": 1514500000.0,
        "EBITDA": 308300000.0,
        "EBIT": 231300000.0,
        "Net Interest Income": -29700000.0,
        "Interest Expense": 29700000.0,
        "Normalized Income": 177526339.285714,
        "Net Income From Continuing And Discontinued Operation": 143100000.0,
        "Total Expenses": 1841600000.0,
        "Diluted Average Shares": 81000000.0,
        "Basic Average Shares": 80495585.0,
        "Diluted EPS": 1.77,
        "Basic EPS": 1.777737,
        "Diluted NI Availto Com Stockholders": 143100000.0,
        "Net Income Common Stockholders": 143100000.0,
        "Net Income": 143100000.0,
        "Net Income Including Noncontrolling Interests": 143100000.0,
        "Net Income Continuous Operations": 143100000.0,
        "Earnings From Equity Interest Net Of Tax": NaN,
        "Tax Provision": 58500000.0,
        "Pretax Income": 201600000.0,
        "Other Income Expense": -37600000.0,
        "Other Non Operating Income Expenses": 10900000.0,
        "Special Income Charges": -17100000.0,
        "Gain On Sale Of Ppe": 0.0,
        "Gain On Sale Of Business": NaN,
        "Other Special Charges": 8000000.0,
        "Write Off": 1800000.0,
        "Restructuring And Mergern Acquisition": 7300000.0,
        "Earnings From Equity Interest": NaN,
        "Gain On Sale Of Security": NaN,
        "Net Non Operating Interest Income Expense": -29700000.0,
        "Interest Expense Non Operating": 29700000.0,
        "Operating Income": 268900000.0,
        "Operating Expense": 327100000.0,
        "Selling General And Administration": 191300000.0,
        "Gross Profit": 596000000.0,
        "Cost Of Revenue": 1514500000.0,
        "Total Revenue": 2110500000.0,
        "Operating Revenue": 2110500000.0
    },
    "2024-03-31": {
        "Tax Effect Of Unusual Items": -2756000.0,
        "Tax Rate For Calcs": 0.265,
        "Normalized EBITDA": 350700000.0,
        "Total Unusual Items": -10400000.0,
        "Total Unusual Items Excluding Goodwill": -10400000.0,
        "Net Income From Continuing Operation Net Minority Interest": 172400000.0,
        "Reconciled Depreciation": 77300000.0,
        "Reconciled Cost Of Revenue": 1519100000.0,
        "EBITDA": 340300000.0,
        "EBIT": 263000000.0,
        "Net Interest Income": -28600000.0,
        "Interest Expense": 28600000.0,
        "Normalized Income": 180044000.0,
        "Net Income From Continuing And Discontinued Operation": 172400000.0,
        "Total Expenses": 1884300000.0,
        "Diluted Average Shares": 81000000.0,
        "Basic Average Shares": 80500000.0,
        "Diluted EPS": 2.13,
        "Basic EPS": 2.14,
        "Diluted NI Availto Com Stockholders": 172400000.0,
        "Net Income Common Stockholders": 172400000.0,
        "Net Income": 172400000.0,
        "Net Income Including Noncontrolling Interests": 172400000.0,
        "Net Income Continuous Operations": 172400000.0,
        "Earnings From Equity Interest Net Of Tax": NaN,
        "Tax Provision": 62000000.0,
        "Pretax Income": 234400000.0,
        "Other Income Expense": -4000000.0,
        "Other Non Operating Income Expenses": 8600000.0,
        "Special Income Charges": 900000.0,
        "Gain On Sale Of Ppe": NaN,
        "Gain On Sale Of Business": NaN,
        "Other Special Charges": -6900000.0,
        "Write Off": 1100000.0,
        "Restructuring And Mergern Acquisition": 4900000.0,
        "Earnings From Equity Interest": -2200000.0,
        "Gain On Sale Of Security": -11300000.0,
        "Net Non Operating Interest Income Expense": -28600000.0,
        "Interest Expense Non Operating": 28600000.0,
        "Operating Income": 267000000.0,
        "Operating Expense": 365200000.0,
        "Selling General And Administration": 365200000.0,
        "Gross Profit": 632200000.0,
        "Cost Of Revenue": 1519100000.0,
        "Total Revenue": 2151300000.0,
        "Operating Revenue": 2151300000.0
    }
}