{
    "2023-03-31": {
        "Tax Effect Of Unusual Items": 0.0,
        "Tax Rate For Calcs": 0.0,
        "Normalized EBITDA": -3574882.0,
        "Total Unusual Items": 86251.0,
        "Total Unusual Items Excluding Goodwill": 86251.0,
        "Net Income From Continuing Operation Net Minority Interest": -3488631.0,
        "Reconciled Depreciation": 111471.0,
        "Reconciled Cost Of Revenue": 955071.0,
        "EBITDA": -3488631.0,
        "EBIT": -3488631.0,
        "Net Interest Income": 0.0,
        "Interest Expense": 0.0,
        "Normalized Income": -3574882.0,
        "Net Income From Continuing And Discontinued Operation": -7801544.0,
        "Total Expenses": 3574882.0,
        "Rent Expense Supplemental": 64.0,
        "Total Operating Income As Reported": -3574882.0,
        "Diluted Average Shares": 6236.0,
        "Basic Average Shares": 5298.0,
        "Diluted EPS": -1472.0,
        "Basic EPS": -1472.0,
        "Diluted NI Availto Com Stockholders": -7801544.0,
        "Net Income Common Stockholders": -7801544.0,
        "Net Income": -7801544.0,
        "Net Income Including Noncontrolling Interests": -7801544.0,
        "Net Income Discontinuous Operations": -4312913.0,
        "Net Income Continuous Operations": -3488631.0,
        "Tax Provision": 0.0,
        "Pretax Income": -3488631.0,
        "Other Income Expense": 86251.0,
        "Other Non Operating Income Expenses": 262315.0,
        "Special Income Charges": 0.0,
        "Gain On Sale Of Ppe": -9943.0,
        "Gain On Sale Of Business": 0.0,
        "Other Special Charges": NaN,
        "Impairment Of Capital Assets": NaN,
        "Earnings From Equity Interest": 6176.0,
        "Gain On Sale Of Security": 86251.0,
        "Net Non Operating Interest Income Expense": 0.0,
        "Total Other Finance Cost": 6847.0,
        "Interest Expense Non Operating": 0.0,
        "Operating Income": -3574882.0,
        "Operating Expense": 3574882.0,
        "Depreciation Amortization Depletion Income Statement": NaN,
        "Depreciation And Amortization In Income Statement": NaN,
        "Depreciation Income Statement": NaN,
        "Research And Development": 0.0,
        "Selling General And Administration": 3574882.0,
        "Selling And Marketing Expense": 0.0,
        "General And Administrative Expense": 3574882.0,
        "Other Gand A": 3507349.0,
        "Rent And Landing Fees": 64.0,
        "Salaries And Wages": 67469.0,
        "Gross Profit": 310812.0,
        "Cost Of Revenue": 955071.0,
        "Total Revenue": 0.0,
        "Operating Revenue": 0.0
    },
    "2022-12-31": {
        "Tax Effect Of Unusual Items": 91138.876767,
        "Tax Rate For Calcs": 0.018841,
        "Normalized EBITDA": 10274839.0,
        "Total Unusual Items": 4837148.0,
        "Total Unusual Items Excluding Goodwill": 4837148.0,
        "Net Income From Continuing Operation Net Minority Interest": 14032040.0,
        "Reconciled Depreciation": NaN,
        "Reconciled Cost Of Revenue": NaN,
        "EBITDA": 15111987.0,
        "EBIT": 15111987.0,
        "Net Interest Income": 11219.0,
        "Interest Expense": NaN,
        "Normalized Income": 9286030.876767,
        "Net Income From Continuing And Discontinued Operation": 14032040.0,
        "Total Expenses": -13133865.0,
        "Rent Expense Supplemental": NaN,
        "Total Operating Income As Reported": 9779299.0,
        "Diluted Average Shares": NaN,
        "Basic Average Shares": NaN,
        "Diluted EPS": NaN,
        "Basic EPS": NaN,
        "Diluted NI Availto Com Stockholders": 14032040.0,
        "Net Income Common Stockholders": 14032040.0,
        "Net Income": 14032040.0,
        "Net Income Including Noncontrolling Interests": 14032040.0,
        "Net Income Discontinuous Operations": NaN,
        "Net Income Continuous Operations": 14032040.0,
        "Tax Provision": 269461.0,
        "Pretax Income": 14301501.0,
        "Other Income Expense": 4510983.0,
        "Other Non Operating Income Expenses": NaN,
        "Special Income Charges": NaN,
        "Gain On Sale Of Ppe": NaN,
        "Other Special Charges": NaN,
        "Impairment Of Capital Assets": NaN,
        "Earnings From Equity Interest": NaN,
        "Gain On Sale Of Security": 4834254.0,
        "Net Non Operating Interest Income Expense": 11219.0,
        "Total Other Finance Cost": NaN,
        "Interest Expense Non Operating": NaN,
        "Operating Income": 9779299.0,
        "Operating Expense": -9762749.0,
        "Depreciation Amortization Depletion Income Statement": NaN,
        "Depreciation And Amortization In Income Statement": NaN,
        "Depreciation Income Statement": NaN,
        "Research And Development": NaN,
        "Selling General And Administration": NaN,
        "Selling And Marketing Expense": NaN,
        "General And Administrative Expense": NaN,
        "Other Gand A": NaN,
        "Rent And Landing Fees": NaN,
        "Salaries And Wages": NaN,
        "Gross Profit": NaN,
        "Cost Of Revenue": NaN,
        "Total Revenue": -3354566.0,
        "Operating Revenue": -3354566.0
    },
    "2022-09-30": {
        "Tax Effect Of Unusual Items": NaN,
        "Tax Rate For Calcs": NaN,
        "Normalized EBITDA": NaN,
        "Total Unusual Items": NaN,
        "Total Unusual Items Excluding Goodwill": NaN,
        "Net Income From Continuing Operation Net Minority Interest": NaN,
        "Reconciled Depreciation": 49860.0,
        "Reconciled Cost Of Revenue": 314196.0,
        "EBITDA": NaN,
        "EBIT": NaN,
        "Net Interest Income": NaN,
        "Interest Expense": 5699.0,
        "Normalized Income": NaN,
        "Net Income From Continuing And Discontinued Operation": NaN,
        "Total Expenses": NaN,
        "Rent Expense Supplemental": NaN,
        "Total Operating Income As Reported": NaN,
        "Diluted Average Shares": 557629.0,
        "Basic Average Shares": 557629.0,
        "Diluted EPS": -7.30079,
        "Basic EPS": -7.30079,
        "Diluted NI Availto Com Stockholders": NaN,
        "Net Income Common Stockholders": NaN,
        "Net Income": NaN,
        "Net Income Including Noncontrolling Interests": NaN,
        "Net Income Discontinuous Operations": NaN,
        "Net Income Continuous Operations": NaN,
        "Tax Provision": NaN,
        "Pretax Income": NaN,
        "Other Income Expense": NaN,
        "Other Non Operating Income Expenses": -222.0,
        "Special Income Charges": 0.0,
        "Gain On Sale Of Ppe": 0.0,
        "Gain On Sale Of Business": NaN,
        "Other Special Charges": NaN,
        "Impairment Of Capital Assets": 0.0,
        "Earnings From Equity Interest": -6610.0,
        "Gain On Sale Of Security": NaN,
        "Net Non Operating Interest Income Expense": NaN,
        "Total Other Finance Cost": 5699.0,
        "Interest Expense Non Operating": 5699.0,
        "Operating Income": NaN,
        "Operating Expense": NaN,
        "Depreciation Amortization Depletion Income Statement": 11877.0,
        "Depreciation And Amortization In Income Statement": 11877.0,
        "Depreciation Income Statement": 11877.0,
        "Research And Development": NaN,
        "Selling General And Administration": NaN,
        "Selling And Marketing Expense": NaN,
        "General And Administrative Expense": NaN,
        "Other Gand A": NaN,
        "Rent And Landing Fees": NaN,
        "Salaries And Wages": NaN,
        "Gross Profit": -145426.0,
        "Cost Of Revenue": 352179.0,
        "Total Revenue": NaN,
        "Operating Revenue": NaN
    },
    "2022-06-30": {
        "Tax Effect Of Unusual Items": 0.0,
        "Tax Rate For Calcs": 0.0,
        "Normalized EBITDA": -4243156.0,
        "Total Unusual Items": 492745.0,
        "Total Unusual Items Excluding Goodwill": 492745.0,
        "Net Income From Continuing Operation Net Minority Interest": -3369816.0,
        "Reconciled Depreciation": 82329.0,
        "Reconciled Cost Of Revenue": 425962.0,
        "EBITDA": -3750411.0,
        "EBIT": -3832740.0,
        "Net Interest Income": -6375.0,
        "Normalized Income": -3862561.0,
        "Net Income From Continuing And Discontinued Operation": -3835933.0,
        "Total Expenses": 4153911.0,
        "Rent Expense Supplemental": 34401.0,
        "Total Operating Income As Reported": -3832740.0,
        "Diluted Average Shares": 55762943.0,
        "Basic Average Shares": 55762943.0,
        "Diluted EPS": -0.06879,
        "Basic EPS": -0.06879,
        "Diluted NI Availto Com Stockholders": -3835933.0,
        "Net Income Common Stockholders": -3835933.0,
        "Net Income": -3835933.0,
        "Net Income Including Noncontrolling Interests": -3835933.0,
        "Net Income Discontinuous Operations": -466117.0,
        "Net Income Continuous Operations": -3369816.0,
        "Tax Provision": 0.0,
        "Pretax Income": -3369816.0,
        "Other Income Expense": 469299.0,
        "Other Non Operating Income Expenses": -13409.0,
        "Special Income Charges": 0.0,
        "Gain On Sale Of Ppe": 0.0,
        "Impairment Of Capital Assets": 0.0,
        "Earnings From Equity Interest": -10037.0,
        "Gain On Sale Of Security": 492745.0,
        "Net Non Operating Interest Income Expense": -6375.0,
        "Total Other Finance Cost": 6375.0,
        "Operating Income": -3832740.0,
        "Operating Expense": 3727949.0,
        "Research And Development": 2208964.0,
        "Selling General And Administration": 1518985.0,
        "Selling And Marketing Expense": 56624.0,
        "General And Administrative Expense": 1462361.0,
        "Other Gand A": 927954.0,
        "Rent And Landing Fees": 34401.0,
        "Salaries And Wages": 500006.0,
        "Gross Profit": -104791.0,
        "Cost Of Revenue": 425962.0,
        "Total Revenue": 321171.0,
        "Operating Revenue": 321171.0
    },
    "2022-03-31": {
        "Diluted EPS": -0.08,
        "Total Revenue": 2,
        "Gross Profit": 0,
        "Operating Income": -4,
        "EBIT": -4,
        "Net Income": -3
    },
    "2021-12-31": {
        "Diluted EPS": 0.0,
        "Total Revenue": NaN,
        "Gross Profit": NaN,
        "Operating Income": NaN,
        "EBIT": NaN,
        "Net Income": NaN
    },
    "2021-09-30": {
        "Diluted EPS": -0.15,
        "Total Revenue": NaN,
        "Gross Profit": NaN,
        "Operating Income": 0,
        "EBIT": 0,
        "Net Income": -1
    },
    "2021-06-30": {
        "Diluted EPS": 0.0,
        "Total Revenue": NaN,
        "Gross Profit": NaN,
        "Operating Income": 0,
        "EBIT": 0,
        "Net Income": 0
    },
    "2023-06-30": {
        "Tax Effect Of Unusual Items": 0.0,
        "Tax Rate For Calcs": 0.0,
        "Normalized EBITDA": -8307338.0,
        "Total Unusual Items": -926138.0,
        "Total Unusual Items Excluding Goodwill": -926138.0,
        "Net Income From Continuing Operation Net Minority Interest": -10737846.0,
        "Reconciled Depreciation": 99124.0,
        "Reconciled Cost Of Revenue": 265680.0,
        "EBITDA": -9233476.0,
        "EBIT": -9233476.0,
        "Net Interest Income": -478082.0,
        "Interest Expense": NaN,
        "Normalized Income": -9811708.0,
        "Net Income From Continuing And Discontinued Operation": -11421320.0,
        "Total Expenses": 9259179.0,
        "Rent Expense Supplemental": 42149.0,
        "Total Operating Income As Reported": -9233477.0,
        "Diluted Average Shares": 734396.0,
        "Basic Average Shares": 568710.0,
        "Diluted EPS": -20.0,
        "Basic EPS": -20.0,
        "Diluted NI Availto Com Stockholders": -11421320.0,
        "Net Income Common Stockholders": -11421320.0,
        "Net Income": -11421320.0,
        "Net Income Including Noncontrolling Interests": -11421320.0,
        "Net Income Discontinuous Operations": -683474.0,
        "Net Income Continuous Operations": -10737846.0,
        "Tax Provision": 0.0,
        "Pretax Income": -10737846.0,
        "Other Income Expense": -1026287.0,
        "Other Non Operating Income Expenses": -82333.0,
        "Special Income Charges": -1547340.0,
        "Gain On Sale Of Ppe": 18513.0,
        "Gain On Sale Of Business": NaN,
        "Other Special Charges": NaN,
        "Impairment Of Capital Assets": 1565853.0,
        "Earnings From Equity Interest": -17816.0,
        "Gain On Sale Of Security": 621202.0,
        "Net Non Operating Interest Income Expense": -478082.0,
        "Total Other Finance Cost": 478082.0,
        "Interest Expense Non Operating": NaN,
        "Operating Income": -9233476.0,
        "Operating Expense": 8993499.0,
        "Depreciation Amortization Depletion Income Statement": NaN,
        "Depreciation And Amortization In Income Statement": NaN,
        "Depreciation Income Statement": NaN,
        "Research And Development": 4751800.0,
        "Selling General And Administration": 4241699.0,
        "Selling And Marketing Expense": 26492.0,
        "General And Administrative Expense": 4215207.0,
        "Other Gand A": 2064889.0,
        "Rent And Landing Fees": 42149.0,
        "Salaries And Wages": 2108169.0,
        "Gross Profit": -239977.0,
        "Cost Of Revenue": 265680.0,
        "Total Revenue": 25703.0,
        "Operating Revenue": 25703.0
    },
    "2023-09-30": {
        "Tax Effect Of Unusual Items": 0.0,
        "Tax Rate For Calcs": 0.0,
        "Normalized EBITDA": -2843774.0,
        "Total Unusual Items": -121451.0,
        "Total Unusual Items Excluding Goodwill": -121451.0,
        "Net Income From Continuing Operation Net Minority Interest": -3857583.0,
        "Reconciled Depreciation": -4972.0,
        "Reconciled Cost Of Revenue": 1714949.0,
        "EBITDA": -2965225.0,
        "EBIT": -3197357.0,
        "Net Interest Income": -660226.0,
        "Interest Expense": 660226.0,
        "Normalized Income": -3736132.0,
        "Net Income From Continuing And Discontinued Operation": -3864307.0,
        "Total Expenses": 3191087.0,
        "Rent Expense Supplemental": 32854.0,
        "Total Operating Income As Reported": -3154179.0,
        "Diluted Average Shares": 819500.0,
        "Basic Average Shares": 625472.0,
        "Diluted EPS": -6.0,
        "Basic EPS": -6.0,
        "Diluted NI Availto Com Stockholders": -3864307.0,
        "Net Income Common Stockholders": -3864307.0,
        "Net Income": -3864307.0,
        "Net Income Including Noncontrolling Interests": -3864307.0,
        "Net Income Discontinuous Operations": -6724.0,
        "Net Income Continuous Operations": -3857583.0,
        "Tax Provision": 0.0,
        "Pretax Income": -3857583.0,
        "Other Income Expense": -43178.0,
        "Other Non Operating Income Expenses": 78273.0,
        "Special Income Charges": -700518.0,
        "Gain On Sale Of Ppe": 255.0,
        "Gain On Sale Of Business": NaN,
        "Other Special Charges": 666641.0,
        "Impairment Of Capital Assets": 34132.0,
        "Earnings From Equity Interest": 0.0,
        "Gain On Sale Of Security": 579067.0,
        "Net Non Operating Interest Income Expense": -660226.0,
        "Total Other Finance Cost": NaN,
        "Interest Expense Non Operating": 660226.0,
        "Operating Income": -3154179.0,
        "Operating Expense": 1713242.0,
        "Depreciation Amortization Depletion Income Statement": 232132.0,
        "Depreciation And Amortization In Income Statement": 232132.0,
        "Depreciation Income Statement": 232132.0,
        "Research And Development": -46402.0,
        "Selling General And Administration": 1527512.0,
        "Selling And Marketing Expense": 0.0,
        "General And Administrative Expense": 1527512.0,
        "Other Gand A": 1260152.0,
        "Rent And Landing Fees": 32854.0,
        "Salaries And Wages": 234506.0,
        "Gross Profit": -1440937.0,
        "Cost Of Revenue": 1477845.0,
        "Total Revenue": 36908.0,
        "Operating Revenue": 36908.0
    },
    "2023-12-31": {
        "Tax Effect Of Unusual Items": 0.0,
        "Tax Rate For Calcs": 0.0,
        "Normalized EBITDA": 10631821.0,
        "Total Unusual Items": 2643288.0,
        "Total Unusual Items Excluding Goodwill": 2643288.0,
        "Net Income From Continuing Operation Net Minority Interest": 12717917.0,
        "Reconciled Depreciation": NaN,
        "Reconciled Cost Of Revenue": NaN,
        "EBITDA": 13275109.0,
        "EBIT": 13275109.0,
        "Net Interest Income": -557192.0,
        "Interest Expense": 557192.0,
        "Normalized Income": 10074629.0,
        "Net Income From Continuing And Discontinued Operation": -2851299.0,
        "Total Expenses": -11293670.0,
        "Rent Expense Supplemental": -114384.0,
        "Total Operating Income As Reported": 10799009.0,
        "Diluted Average Shares": NaN,
        "Basic Average Shares": NaN,
        "Diluted EPS": NaN,
        "Basic EPS": NaN,
        "Diluted NI Availto Com Stockholders": -2851299.0,
        "Net Income Common Stockholders": -2851299.0,
        "Net Income": -2851299.0,
        "Net Income Including Noncontrolling Interests": -2851299.0,
        "Net Income Discontinuous Operations": -15569216.0,
        "Net Income Continuous Operations": 12717917.0,
        "Tax Provision": 0.0,
        "Pretax Income": 12717917.0,
        "Other Income Expense": 2476100.0,
        "Other Non Operating Income Expenses": NaN,
        "Special Income Charges": NaN,
        "Gain On Sale Of Ppe": NaN,
        "Gain On Sale Of Business": NaN,
        "Other Special Charges": NaN,
        "Impairment Of Capital Assets": NaN,
        "Earnings From Equity Interest": NaN,
        "Gain On Sale Of Security": 375726.0,
        "Net Non Operating Interest Income Expense": -557192.0,
        "Total Other Finance Cost": NaN,
        "Interest Expense Non Operating": 557192.0,
        "Operating Income": 10799009.0,
        "Operating Expense": -9215545.0,
        "Depreciation Amortization Depletion Income Statement": NaN,
        "Depreciation And Amortization In Income Statement": NaN,
        "Depreciation Income Statement": NaN,
        "Research And Development": -6748994.0,
        "Selling General And Administration": -2234419.0,
        "Selling And Marketing Expense": -63525.0,
        "General And Administrative Expense": -2170894.0,
        "Other Gand A": 789100.0,
        "Rent And Landing Fees": -114384.0,
        "Salaries And Wages": -2845610.0,
        "Gross Profit": NaN,
        "Cost Of Revenue": NaN,
        "Total Revenue": -494661.0,
        "Operating Revenue": -494661.0
    },
    "2024-03-31": {
        "Tax Effect Of Unusual Items": 0.0,
        "Tax Rate For Calcs": 0.0,
        "Normalized EBITDA": -620380.0,
        "Total Unusual Items": 9957007.0,
        "Total Unusual Items Excluding Goodwill": 9957007.0,
        "Net Income From Continuing Operation Net Minority Interest": 8926531.0,
        "Reconciled Depreciation": NaN,
        "Reconciled Cost Of Revenue": NaN,
        "EBITDA": 9336627.0,
        "EBIT": 9336627.0,
        "Net Interest Income": -410096.0,
        "Interest Expense": 410096.0,
        "Normalized Income": -1030476.0,
        "Net Income From Continuing And Discontinued Operation": 8926531.0,
        "Total Expenses": 620380.0,
        "Rent Expense Supplemental": 0.0,
        "Total Operating Income As Reported": -620380.0,
        "Diluted Average Shares": 8329.0,
        "Basic Average Shares": 7367.0,
        "Diluted EPS": 1212.0,
        "Basic EPS": 1212.0,
        "Diluted NI Availto Com Stockholders": 8926531.0,
        "Net Income Common Stockholders": 8926531.0,
        "Net Income": 8926531.0,
        "Net Income Including Noncontrolling Interests": 8926531.0,
        "Net Income Discontinuous Operations": 0.0,
        "Net Income Continuous Operations": 8926531.0,
        "Tax Provision": 0.0,
        "Pretax Income": 8926531.0,
        "Other Income Expense": 9957007.0,
        "Other Non Operating Income Expenses": NaN,
        "Special Income Charges": 10186869.0,
        "Gain On Sale Of Ppe": NaN,
        "Gain On Sale Of Business": 10014482.0,
        "Other Special Charges": -172387.0,
        "Impairment Of Capital Assets": NaN,
        "Earnings From Equity Interest": NaN,
        "Gain On Sale Of Security": -229862.0,
        "Net Non Operating Interest Income Expense": -410096.0,
        "Total Other Finance Cost": NaN,
        "Interest Expense Non Operating": 410096.0,
        "Operating Income": -620380.0,
        "Operating Expense": 620380.0,
        "Depreciation Amortization Depletion Income Statement": NaN,
        "Depreciation And Amortization In Income Statement": NaN,
        "Depreciation Income Statement": NaN,
        "Research And Development": 0.0,
        "Selling General And Administration": 620380.0,
        "Selling And Marketing Expense": 0.0,
        "General And Administrative Expense": 620380.0,
        "Other Gand A": 607540.0,
        "Rent And Landing Fees": 0.0,
        "Salaries And Wages": 12840.0,
        "Gross Profit": NaN,
        "Cost Of Revenue": NaN,
        "Total Revenue": 0.0,
        "Operating Revenue": 0.0
    }
}