{
    "2023-03-31": {
        "Tax Effect Of Unusual Items": 0.0,
        "Tax Rate For Calcs": 0.0,
        "Normalized EBITDA": -1720000.0,
        "Total Unusual Items": NaN,
        "Total Unusual Items Excluding Goodwill": NaN,
        "Net Income From Continuing Operation Net Minority Interest": -1568000.0,
        "Reconciled Depreciation": 149000.0,
        "Reconciled Cost Of Revenue": 298000.0,
        "EBITDA": -1720000.0,
        "EBIT": -1869000.0,
        "Net Interest Income": 301000.0,
        "Interest Income": 301000.0,
        "Normalized Income": -1568000.0,
        "Net Income From Continuing And Discontinued Operation": -1568000.0,
        "Total Expenses": 6174000.0,
        "Total Operating Income As Reported": -1869000.0,
        "Diluted Average Shares": 21033000.0,
        "Basic Average Shares": 21033000.0,
        "Diluted EPS": -0.07,
        "Basic EPS": -0.07,
        "Diluted NI Availto Com Stockholders": -1568000.0,
        "Net Income Common Stockholders": -1568000.0,
        "Net Income": -1568000.0,
        "Net Income Including Noncontrolling Interests": -1568000.0,
        "Net Income Continuous Operations": -1568000.0,
        "Pretax Income": -1568000.0,
        "Other Income Expense": NaN,
        "Special Income Charges": NaN,
        "Gain On Sale Of Ppe": NaN,
        "Restructuring And Mergern Acquisition": NaN,
        "Net Non Operating Interest Income Expense": 301000.0,
        "Interest Income Non Operating": 301000.0,
        "Operating Income": -1869000.0,
        "Operating Expense": 5876000.0,
        "Research And Development": 2381000.0,
        "Selling General And Administration": 3495000.0,
        "Selling And Marketing Expense": 1991000.0,
        "General And Administrative Expense": 1504000.0,
        "Other Gand A": 1504000.0,
        "Gross Profit": 4007000.0,
        "Cost Of Revenue": 298000.0,
        "Total Revenue": 4305000.0,
        "Operating Revenue": 4305000.0
    },
    "2022-12-31": {
        "Tax Effect Of Unusual Items": NaN,
        "Tax Rate For Calcs": NaN,
        "Normalized EBITDA": NaN,
        "Total Unusual Items": 0.0,
        "Total Unusual Items Excluding Goodwill": 0.0,
        "Net Income From Continuing Operation Net Minority Interest": NaN,
        "Reconciled Depreciation": NaN,
        "Reconciled Cost Of Revenue": NaN,
        "EBITDA": NaN,
        "EBIT": NaN,
        "Net Interest Income": NaN,
        "Interest Income": NaN,
        "Normalized Income": NaN,
        "Net Income From Continuing And Discontinued Operation": NaN,
        "Total Expenses": NaN,
        "Total Operating Income As Reported": NaN,
        "Diluted Average Shares": NaN,
        "Basic Average Shares": NaN,
        "Diluted EPS": NaN,
        "Basic EPS": NaN,
        "Diluted NI Availto Com Stockholders": NaN,
        "Net Income Common Stockholders": NaN,
        "Net Income": NaN,
        "Net Income Including Noncontrolling Interests": NaN,
        "Net Income Continuous Operations": NaN,
        "Pretax Income": NaN,
        "Other Income Expense": 0.0,
        "Special Income Charges": 0.0,
        "Gain On Sale Of Ppe": 0.0,
        "Restructuring And Mergern Acquisition": NaN,
        "Net Non Operating Interest Income Expense": NaN,
        "Interest Income Non Operating": NaN,
        "Operating Income": NaN,
        "Operating Expense": NaN,
        "Research And Development": NaN,
        "Selling General And Administration": NaN,
        "Selling And Marketing Expense": NaN,
        "General And Administrative Expense": NaN,
        "Other Gand A": NaN,
        "Gross Profit": NaN,
        "Cost Of Revenue": NaN,
        "Total Revenue": NaN,
        "Operating Revenue": NaN
    },
    "2022-09-30": {
        "Tax Effect Of Unusual Items": NaN,
        "Tax Rate For Calcs": NaN,
        "Normalized EBITDA": NaN,
        "Total Unusual Items": 5672000.0,
        "Total Unusual Items Excluding Goodwill": 5672000.0,
        "Net Income From Continuing Operation Net Minority Interest": NaN,
        "Reconciled Depreciation": NaN,
        "Reconciled Cost Of Revenue": NaN,
        "EBITDA": NaN,
        "EBIT": NaN,
        "Net Interest Income": NaN,
        "Interest Income": NaN,
        "Normalized Income": NaN,
        "Net Income From Continuing And Discontinued Operation": NaN,
        "Total Expenses": NaN,
        "Total Operating Income As Reported": NaN,
        "Diluted Average Shares": NaN,
        "Basic Average Shares": NaN,
        "Diluted EPS": NaN,
        "Basic EPS": NaN,
        "Diluted NI Availto Com Stockholders": NaN,
        "Net Income Common Stockholders": NaN,
        "Net Income": NaN,
        "Net Income Including Noncontrolling Interests": NaN,
        "Net Income Continuous Operations": NaN,
        "Pretax Income": NaN,
        "Other Income Expense": 5672000.0,
        "Special Income Charges": 5672000.0,
        "Gain On Sale Of Ppe": 5672000.0,
        "Restructuring And Mergern Acquisition": 0.0,
        "Net Non Operating Interest Income Expense": NaN,
        "Interest Income Non Operating": NaN,
        "Operating Income": NaN,
        "Operating Expense": NaN,
        "Research And Development": NaN,
        "Selling General And Administration": NaN,
        "Selling And Marketing Expense": NaN,
        "General And Administrative Expense": NaN,
        "Other Gand A": NaN,
        "Gross Profit": NaN,
        "Cost Of Revenue": NaN,
        "Total Revenue": NaN,
        "Operating Revenue": NaN
    },
    "2022-06-30": {
        "Tax Effect Of Unusual Items": 0.0,
        "Tax Rate For Calcs": 0.0,
        "Normalized EBITDA": -1353000.0,
        "Total Unusual Items": NaN,
        "Total Unusual Items Excluding Goodwill": NaN,
        "Net Income From Continuing Operation Net Minority Interest": -1289000.0,
        "Reconciled Depreciation": 221000.0,
        "Reconciled Cost Of Revenue": 324000.0,
        "EBITDA": -1353000.0,
        "EBIT": -1353000.0,
        "Net Interest Income": 64000.0,
        "Interest Income": 64000.0,
        "Normalized Income": -1289000.0,
        "Net Income From Continuing And Discontinued Operation": -1289000.0,
        "Total Expenses": 5591000.0,
        "Total Operating Income As Reported": -1353000.0,
        "Diluted Average Shares": 21655000.0,
        "Basic Average Shares": 21655000.0,
        "Diluted EPS": -0.06,
        "Basic EPS": -0.06,
        "Diluted NI Availto Com Stockholders": -1289000.0,
        "Net Income Common Stockholders": -1289000.0,
        "Net Income": -1289000.0,
        "Net Income Including Noncontrolling Interests": -1289000.0,
        "Net Income Continuous Operations": -1289000.0,
        "Tax Provision": NaN,
        "Pretax Income": -1289000.0,
        "Other Income Expense": NaN,
        "Special Income Charges": NaN,
        "Gain On Sale Of Ppe": NaN,
        "Net Non Operating Interest Income Expense": 64000.0,
        "Interest Income Non Operating": 64000.0,
        "Operating Income": -1353000.0,
        "Operating Expense": 5267000.0,
        "Research And Development": 2229000.0,
        "Selling General And Administration": 3038000.0,
        "Selling And Marketing Expense": 1412000.0,
        "General And Administrative Expense": 1626000.0,
        "Other Gand A": 1626000.0,
        "Gross Profit": 3914000.0,
        "Cost Of Revenue": 324000.0,
        "Total Revenue": 4238000.0,
        "Operating Revenue": 4238000.0
    },
    "2023-06-30": {
        "Tax Effect Of Unusual Items": 0.0,
        "Tax Rate For Calcs": 0.0,
        "Normalized EBITDA": -2787000.0,
        "Total Unusual Items": NaN,
        "Total Unusual Items Excluding Goodwill": NaN,
        "Net Income From Continuing Operation Net Minority Interest": -2652000.0,
        "Reconciled Depreciation": 149000.0,
        "Reconciled Cost Of Revenue": 325000.0,
        "EBITDA": -2787000.0,
        "EBIT": -2936000.0,
        "Net Interest Income": 284000.0,
        "Interest Income": 284000.0,
        "Normalized Income": -2652000.0,
        "Net Income From Continuing And Discontinued Operation": -2652000.0,
        "Total Expenses": 6120000.0,
        "Total Operating Income As Reported": -2936000.0,
        "Diluted Average Shares": 20968000.0,
        "Basic Average Shares": 20968000.0,
        "Diluted EPS": -0.13,
        "Basic EPS": -0.13,
        "Diluted NI Availto Com Stockholders": -2652000.0,
        "Net Income Common Stockholders": -2652000.0,
        "Net Income": -2652000.0,
        "Net Income Including Noncontrolling Interests": -2652000.0,
        "Net Income Continuous Operations": -2652000.0,
        "Pretax Income": -2652000.0,
        "Other Income Expense": NaN,
        "Special Income Charges": NaN,
        "Gain On Sale Of Ppe": NaN,
        "Restructuring And Mergern Acquisition": NaN,
        "Net Non Operating Interest Income Expense": 284000.0,
        "Interest Income Non Operating": 284000.0,
        "Operating Income": -2936000.0,
        "Operating Expense": 5795000.0,
        "Research And Development": 2265000.0,
        "Selling General And Administration": 3530000.0,
        "Selling And Marketing Expense": 1956000.0,
        "General And Administrative Expense": 1574000.0,
        "Other Gand A": 1574000.0,
        "Gross Profit": 2859000.0,
        "Cost Of Revenue": 325000.0,
        "Total Revenue": 3184000.0,
        "Operating Revenue": 3184000.0
    },
    "2022-03-31": {
        "Diluted EPS": -0.06,
        "Total Revenue": 5,
        "Gross Profit": 4,
        "Operating Income": -1,
        "EBIT": -1,
        "Net Income": -1
    },
    "2021-12-31": {
        "Diluted EPS": -0.06,
        "Total Revenue": 4,
        "Gross Profit": 4,
        "Operating Income": -2,
        "EBIT": -1,
        "Net Income": -1
    },
    "2021-09-30": {
        "Diluted EPS": -0.07,
        "Total Revenue": 4,
        "Gross Profit": 4,
        "Operating Income": -2,
        "EBIT": -1,
        "Net Income": -2
    },
    "2021-06-30": {
        "Diluted EPS": -0.07,
        "Total Revenue": 4,
        "Gross Profit": 4,
        "Operating Income": -2,
        "EBIT": -1,
        "Net Income": -2
    },
    "2021-03-31": {
        "Diluted EPS": -0.07,
        "Total Revenue": 4,
        "Gross Profit": 4,
        "Operating Income": -1,
        "EBIT": -1,
        "Net Income": -1
    },
    "2020-12-31": {
        "Diluted EPS": -0.07,
        "Total Revenue": 3,
        "Gross Profit": 3,
        "Operating Income": -2,
        "EBIT": -2,
        "Net Income": -2
    },
    "2020-09-30": {
        "Diluted EPS": -0.08,
        "Total Revenue": 2,
        "Gross Profit": 2,
        "Operating Income": -3,
        "EBIT": -2,
        "Net Income": -2
    },
    "2020-06-30": {
        "Diluted EPS": -0.15,
        "Total Revenue": 2,
        "Gross Profit": 2,
        "Operating Income": -4,
        "EBIT": -4,
        "Net Income": -3
    },
    "2020-03-31": {
        "Diluted EPS": -0.05,
        "Total Revenue": 4,
        "Gross Profit": 3,
        "Operating Income": -1,
        "EBIT": -1,
        "Net Income": -1
    },
    "2019-12-31": {
        "Diluted EPS": -0.35,
        "Total Revenue": 2,
        "Gross Profit": 2,
        "Operating Income": -2,
        "EBIT": -2,
        "Net Income": -7
    },
    "2019-09-30": {
        "Diluted EPS": -0.01,
        "Total Revenue": 3,
        "Gross Profit": 3,
        "Operating Income": -1,
        "EBIT": -1,
        "Net Income": 0
    },
    "2019-06-30": {
        "Diluted EPS": -0.04,
        "Total Revenue": 3,
        "Gross Profit": 3,
        "Operating Income": -1,
        "EBIT": -1,
        "Net Income": -1
    },
    "2019-03-31": {
        "Diluted EPS": 0.01,
        "Total Revenue": 4,
        "Gross Profit": 3,
        "Operating Income": 0,
        "EBIT": 0,
        "Net Income": 0
    },
    "2018-12-31": {
        "Diluted EPS": 0.03,
        "Total Revenue": 4,
        "Gross Profit": 4,
        "Operating Income": 0,
        "EBIT": 0,
        "Net Income": 1
    },
    "2018-09-30": {
        "Diluted EPS": 0.06,
        "Total Revenue": 5,
        "Gross Profit": 5,
        "Operating Income": 1,
        "EBIT": 1,
        "Net Income": 1
    },
    "2018-06-30": {
        "Diluted EPS": -0.01,
        "Total Revenue": 4,
        "Gross Profit": 3,
        "Operating Income": 0,
        "EBIT": 0,
        "Net Income": 0
    },
    "2018-03-31": {
        "Diluted EPS": -0.02,
        "Total Revenue": 3,
        "Gross Profit": 3,
        "Operating Income": -1,
        "EBIT": -1,
        "Net Income": 0
    },
    "2017-12-31": {
        "Diluted EPS": -0.02,
        "Total Revenue": 3,
        "Gross Profit": 3,
        "Operating Income": -1,
        "EBIT": -1,
        "Net Income": -1
    },
    "2017-09-30": {
        "Diluted EPS": 0.05,
        "Total Revenue": 6,
        "Gross Profit": 6,
        "Operating Income": 1,
        "EBIT": 2,
        "Net Income": 1
    },
    "2017-06-30": {
        "Diluted EPS": 0.01,
        "Total Revenue": 3,
        "Gross Profit": 2,
        "Operating Income": 0,
        "EBIT": 0,
        "Net Income": 0
    },
    "2017-03-31": {
        "Diluted EPS": 0.01,
        "Total Revenue": 4,
        "Gross Profit": 4,
        "Operating Income": 0,
        "EBIT": 0,
        "Net Income": 0
    },
    "2016-12-31": {
        "Diluted EPS": 0.02,
        "Total Revenue": 4,
        "Gross Profit": 4,
        "Operating Income": 1,
        "EBIT": 1,
        "Net Income": 0
    },
    "2016-09-30": {
        "Diluted EPS": 0.07,
        "Total Revenue": 6,
        "Gross Profit": 6,
        "Operating Income": 2,
        "EBIT": 2,
        "Net Income": 2
    },
    "2016-06-30": {
        "Diluted EPS": 0.06,
        "Total Revenue": 7,
        "Gross Profit": 6,
        "Operating Income": 2,
        "EBIT": 2,
        "Net Income": 1
    },
    "2016-03-31": {
        "Diluted EPS": 0.03,
        "Total Revenue": 5,
        "Gross Profit": 4,
        "Operating Income": 1,
        "EBIT": 1,
        "Net Income": 1
    },
    "2015-12-31": {
        "Diluted EPS": 0.08,
        "Total Revenue": 7,
        "Gross Profit": 6,
        "Operating Income": 3,
        "EBIT": 3,
        "Net Income": 2
    },
    "2015-09-30": {
        "Diluted EPS": 0.1,
        "Total Revenue": 4,
        "Gross Profit": 4,
        "Operating Income": 0,
        "EBIT": 1,
        "Net Income": 2
    },
    "2015-06-30": {
        "Diluted EPS": 0.01,
        "Total Revenue": 5,
        "Gross Profit": 4,
        "Operating Income": 0,
        "EBIT": 1,
        "Net Income": 0
    },
    "2015-03-31": {
        "Diluted EPS": 0.01,
        "Total Revenue": 4,
        "Gross Profit": 4,
        "Operating Income": 0,
        "EBIT": 1,
        "Net Income": 0
    },
    "2014-12-31": {
        "Diluted EPS": 0.01,
        "Total Revenue": 4,
        "Gross Profit": 4,
        "Operating Income": 0,
        "EBIT": 0,
        "Net Income": 0
    },
    "2014-09-30": {
        "Diluted EPS": 0.11,
        "Total Revenue": 6,
        "Gross Profit": 5,
        "Operating Income": 4,
        "EBIT": 4,
        "Net Income": 3
    },
    "2014-06-30": {
        "Diluted EPS": 0.04,
        "Total Revenue": 7,
        "Gross Profit": 5,
        "Operating Income": 1,
        "EBIT": 2,
        "Net Income": 1
    },
    "2014-03-31": {
        "Diluted EPS": 0.04,
        "Total Revenue": 7,
        "Gross Profit": 4,
        "Operating Income": 1,
        "EBIT": 1,
        "Net Income": 1
    },
    "2013-12-31": {
        "Diluted EPS": 0.07,
        "Total Revenue": 6,
        "Gross Profit": 4,
        "Operating Income": 1,
        "EBIT": 1,
        "Net Income": 2
    },
    "2013-09-30": {
        "Diluted EPS": -0.05,
        "Total Revenue": 4,
        "Gross Profit": 4,
        "Operating Income": 1,
        "EBIT": 1,
        "Net Income": -1
    },
    "2013-06-30": {
        "Diluted EPS": 0.01,
        "Total Revenue": 4,
        "Gross Profit": 3,
        "Operating Income": 1,
        "EBIT": 1,
        "Net Income": 0
    },
    "2013-03-31": {
        "Diluted EPS": 0.08,
        "Total Revenue": 5,
        "Gross Profit": 5,
        "Operating Income": 3,
        "EBIT": 3,
        "Net Income": 2
    },
    "2012-12-31": {
        "Diluted EPS": 0.28,
        "Total Revenue": 3,
        "Gross Profit": 3,
        "Operating Income": 90,
        "EBIT": 90,
        "Net Income": 6
    },
    "2012-09-30": {
        "Diluted EPS": 0.46,
        "Total Revenue": 5,
        "Gross Profit": 5,
        "Operating Income": 1,
        "EBIT": 2,
        "Net Income": 10
    },
    "2012-06-30": {
        "Diluted EPS": 2.49,
        "Total Revenue": 4,
        "Gross Profit": 4,
        "Operating Income": 0,
        "EBIT": 0,
        "Net Income": 55
    },
    "2012-03-31": {
        "Diluted EPS": 0.05,
        "Total Revenue": 5,
        "Gross Profit": 5,
        "Operating Income": 1,
        "EBIT": 1,
        "Net Income": 1
    },
    "2011-12-31": {
        "Diluted EPS": 0.05,
        "Total Revenue": 5,
        "Gross Profit": 5,
        "Operating Income": 1,
        "EBIT": 1,
        "Net Income": 1
    },
    "2011-09-30": {
        "Diluted EPS": 0.06,
        "Total Revenue": 5,
        "Gross Profit": 5,
        "Operating Income": 2,
        "EBIT": 2,
        "Net Income": 1
    },
    "2011-06-30": {
        "Diluted EPS": -0.01,
        "Total Revenue": 6,
        "Gross Profit": 4,
        "Operating Income": 0,
        "EBIT": 0,
        "Net Income": 0
    },
    "2011-03-31": {
        "Diluted EPS": 0.03,
        "Total Revenue": 6,
        "Gross Profit": 5,
        "Operating Income": 1,
        "EBIT": 1,
        "Net Income": 1
    },
    "2010-12-31": {
        "Diluted EPS": 0.01,
        "Total Revenue": 7,
        "Gross Profit": 5,
        "Operating Income": 0,
        "EBIT": 0,
        "Net Income": 0
    },
    "2010-09-30": {
        "Diluted EPS": 0.0,
        "Total Revenue": 6,
        "Gross Profit": 5,
        "Operating Income": 0,
        "EBIT": 0,
        "Net Income": 0
    },
    "2010-06-30": {
        "Diluted EPS": -0.01,
        "Total Revenue": 5,
        "Gross Profit": 4,
        "Operating Income": 0,
        "EBIT": 0,
        "Net Income": 0
    },
    "2010-03-31": {
        "Diluted EPS": 0.0,
        "Total Revenue": 6,
        "Gross Profit": 5,
        "Operating Income": 0,
        "EBIT": 0,
        "Net Income": 0
    },
    "2009-12-31": {
        "Diluted EPS": 0.28,
        "Total Revenue": 5,
        "Gross Profit": 5,
        "Operating Income": 0,
        "EBIT": 0,
        "Net Income": 6
    },
    "2009-09-30": {
        "Diluted EPS": -0.06,
        "Total Revenue": 6,
        "Gross Profit": 5,
        "Operating Income": -1,
        "EBIT": -1,
        "Net Income": -1
    },
    "2009-06-30": {
        "Diluted EPS": -0.08,
        "Total Revenue": 6,
        "Gross Profit": 4,
        "Operating Income": -2,
        "EBIT": -1,
        "Net Income": -2
    },
    "2009-03-31": {
        "Diluted EPS": -0.09,
        "Total Revenue": 5,
        "Gross Profit": 3,
        "Operating Income": -2,
        "EBIT": -2,
        "Net Income": -2
    },
    "2023-09-30": {
        "Tax Effect Of Unusual Items": 170520.0,
        "Tax Rate For Calcs": 0.21,
        "Normalized EBITDA": -738000.0,
        "Total Unusual Items": 812000.0,
        "Total Unusual Items Excluding Goodwill": 812000.0,
        "Net Income From Continuing Operation Net Minority Interest": 1144000.0,
        "Reconciled Depreciation": 139000.0,
        "Reconciled Cost Of Revenue": 410000.0,
        "EBITDA": 74000.0,
        "EBIT": -65000.0,
        "Net Interest Income": 397000.0,
        "Interest Income": 397000.0,
        "Normalized Income": 502520.0,
        "Net Income From Continuing And Discontinued Operation": 1144000.0,
        "Total Expenses": 6446000.0,
        "Total Operating Income As Reported": 747000.0,
        "Diluted Average Shares": 21131000.0,
        "Basic Average Shares": 21049000.0,
        "Diluted EPS": 0.05,
        "Basic EPS": 0.05,
        "Diluted NI Availto Com Stockholders": 1144000.0,
        "Net Income Common Stockholders": 1144000.0,
        "Net Income": 1144000.0,
        "Net Income Including Noncontrolling Interests": 1144000.0,
        "Net Income Continuous Operations": 1144000.0,
        "Pretax Income": 1144000.0,
        "Other Income Expense": 812000.0,
        "Special Income Charges": 812000.0,
        "Gain On Sale Of Ppe": 0.0,
        "Restructuring And Mergern Acquisition": -812000.0,
        "Net Non Operating Interest Income Expense": 397000.0,
        "Interest Income Non Operating": 397000.0,
        "Operating Income": -65000.0,
        "Operating Expense": 6036000.0,
        "Research And Development": 2264000.0,
        "Selling General And Administration": 3772000.0,
        "Selling And Marketing Expense": 2171000.0,
        "General And Administrative Expense": 1601000.0,
        "Other Gand A": 1601000.0,
        "Gross Profit": 5971000.0,
        "Cost Of Revenue": 410000.0,
        "Total Revenue": 6381000.0,
        "Operating Revenue": 6381000.0
    },
    "2023-12-31": {
        "Tax Effect Of Unusual Items": 0.0,
        "Tax Rate For Calcs": 0.0,
        "Normalized EBITDA": 1048000.0,
        "Total Unusual Items": -2695000.0,
        "Total Unusual Items Excluding Goodwill": -2695000.0,
        "Net Income From Continuing Operation Net Minority Interest": -4239000.0,
        "Reconciled Depreciation": 141000.0,
        "Reconciled Cost Of Revenue": 240000.0,
        "EBITDA": -1647000.0,
        "EBIT": -1788000.0,
        "Net Interest Income": 303000.0,
        "Interest Income": 303000.0,
        "Normalized Income": -1544000.0,
        "Net Income From Continuing And Discontinued Operation": -4239000.0,
        "Total Expenses": 6162000.0,
        "Total Operating Income As Reported": -4483000.0,
        "Diluted Average Shares": 21001000.0,
        "Basic Average Shares": 21001000.0,
        "Diluted EPS": -0.2,
        "Basic EPS": -0.2,
        "Diluted NI Availto Com Stockholders": -4239000.0,
        "Net Income Common Stockholders": -4239000.0,
        "Net Income": -4239000.0,
        "Net Income Including Noncontrolling Interests": -4239000.0,
        "Net Income Continuous Operations": -4239000.0,
        "Pretax Income": -4180000.0,
        "Other Income Expense": -2695000.0,
        "Special Income Charges": -2695000.0,
        "Gain On Sale Of Ppe": 0.0,
        "Restructuring And Mergern Acquisition": 0.0,
        "Net Non Operating Interest Income Expense": 303000.0,
        "Interest Income Non Operating": 303000.0,
        "Operating Income": -1788000.0,
        "Operating Expense": 5922000.0,
        "Research And Development": 2215000.0,
        "Selling General And Administration": 3707000.0,
        "Selling And Marketing Expense": 1837000.0,
        "General And Administrative Expense": 1870000.0,
        "Other Gand A": 1870000.0,
        "Gross Profit": 4134000.0,
        "Cost Of Revenue": 240000.0,
        "Total Revenue": 4374000.0,
        "Operating Revenue": 4374000.0
    },
    "2024-03-31": {
        "Tax Effect Of Unusual Items": 0.0,
        "Tax Rate For Calcs": 0.0,
        "Normalized EBITDA": -1123000.0,
        "Total Unusual Items": NaN,
        "Total Unusual Items Excluding Goodwill": NaN,
        "Net Income From Continuing Operation Net Minority Interest": -982000.0,
        "Reconciled Depreciation": 139000.0,
        "Reconciled Cost Of Revenue": 276000.0,
        "EBITDA": -1123000.0,
        "EBIT": -1262000.0,
        "Net Interest Income": 280000.0,
        "Interest Income": 280000.0,
        "Normalized Income": -982000.0,
        "Net Income From Continuing And Discontinued Operation": -982000.0,
        "Total Expenses": 5683000.0,
        "Total Operating Income As Reported": -1262000.0,
        "Diluted Average Shares": 21085000.0,
        "Basic Average Shares": 21085000.0,
        "Diluted EPS": -0.05,
        "Basic EPS": -0.05,
        "Diluted NI Availto Com Stockholders": -982000.0,
        "Net Income Common Stockholders": -982000.0,
        "Net Income": -982000.0,
        "Net Income Including Noncontrolling Interests": -982000.0,
        "Net Income Continuous Operations": -982000.0,
        "Pretax Income": -982000.0,
        "Other Income Expense": NaN,
        "Special Income Charges": NaN,
        "Gain On Sale Of Ppe": NaN,
        "Restructuring And Mergern Acquisition": NaN,
        "Net Non Operating Interest Income Expense": 280000.0,
        "Interest Income Non Operating": 280000.0,
        "Operating Income": -1262000.0,
        "Operating Expense": 5407000.0,
        "Research And Development": 2182000.0,
        "Selling General And Administration": 3225000.0,
        "Selling And Marketing Expense": 1891000.0,
        "General And Administrative Expense": 1334000.0,
        "Other Gand A": 1334000.0,
        "Gross Profit": 4145000.0,
        "Cost Of Revenue": 276000.0,
        "Total Revenue": 4421000.0,
        "Operating Revenue": 4421000.0
    }
}