{
    "2023-03-31": {
        "Tax Effect Of Unusual Items": NaN,
        "Tax Rate For Calcs": NaN,
        "Normalized EBITDA": NaN,
        "Total Unusual Items": NaN,
        "Total Unusual Items Excluding Goodwill": NaN,
        "Net Income From Continuing Operation Net Minority Interest": NaN,
        "Reconciled Depreciation": NaN,
        "Reconciled Cost Of Revenue": NaN,
        "EBITDA": NaN,
        "EBIT": NaN,
        "Net Interest Income": NaN,
        "Interest Expense": NaN,
        "Interest Income": NaN,
        "Normalized Income": NaN,
        "Net Income From Continuing And Discontinued Operation": NaN,
        "Total Expenses": NaN,
        "Total Operating Income As Reported": NaN,
        "Diluted Average Shares": 9830000.0,
        "Basic Average Shares": 9830000.0,
        "Diluted EPS": -1.71,
        "Basic EPS": -1.71,
        "Diluted NI Availto Com Stockholders": NaN,
        "Net Income Common Stockholders": NaN,
        "Net Income": NaN,
        "Net Income Including Noncontrolling Interests": NaN,
        "Net Income Continuous Operations": NaN,
        "Tax Provision": NaN,
        "Pretax Income": NaN,
        "Other Income Expense": NaN,
        "Other Non Operating Income Expenses": NaN,
        "Special Income Charges": 0.0,
        "Other Special Charges": NaN,
        "Gain On Sale Of Security": NaN,
        "Net Non Operating Interest Income Expense": NaN,
        "Interest Expense Non Operating": NaN,
        "Interest Income Non Operating": NaN,
        "Operating Income": NaN,
        "Operating Expense": NaN,
        "Research And Development": NaN,
        "Selling General And Administration": NaN,
        "Gross Profit": NaN,
        "Cost Of Revenue": NaN,
        "Total Revenue": NaN,
        "Operating Revenue": NaN
    },
    "2022-12-31": {
        "Tax Effect Of Unusual Items": NaN,
        "Tax Rate For Calcs": NaN,
        "Normalized EBITDA": NaN,
        "Total Unusual Items": NaN,
        "Total Unusual Items Excluding Goodwill": NaN,
        "Net Income From Continuing Operation Net Minority Interest": NaN,
        "Reconciled Depreciation": NaN,
        "Reconciled Cost Of Revenue": NaN,
        "EBITDA": NaN,
        "EBIT": NaN,
        "Net Interest Income": NaN,
        "Interest Expense": NaN,
        "Interest Income": NaN,
        "Normalized Income": NaN,
        "Net Income From Continuing And Discontinued Operation": NaN,
        "Total Expenses": NaN,
        "Total Operating Income As Reported": NaN,
        "Diluted Average Shares": NaN,
        "Basic Average Shares": NaN,
        "Diluted EPS": NaN,
        "Basic EPS": NaN,
        "Diluted NI Availto Com Stockholders": NaN,
        "Net Income Common Stockholders": NaN,
        "Net Income": NaN,
        "Net Income Including Noncontrolling Interests": NaN,
        "Net Income Continuous Operations": NaN,
        "Tax Provision": NaN,
        "Pretax Income": NaN,
        "Other Income Expense": NaN,
        "Other Non Operating Income Expenses": NaN,
        "Special Income Charges": NaN,
        "Other Special Charges": 0.0,
        "Gain On Sale Of Security": NaN,
        "Net Non Operating Interest Income Expense": NaN,
        "Interest Expense Non Operating": NaN,
        "Interest Income Non Operating": NaN,
        "Operating Income": NaN,
        "Operating Expense": NaN,
        "Research And Development": NaN,
        "Selling General And Administration": NaN,
        "Gross Profit": NaN,
        "Cost Of Revenue": NaN,
        "Total Revenue": NaN,
        "Operating Revenue": NaN
    },
    "2022-09-30": {
        "Tax Effect Of Unusual Items": NaN,
        "Tax Rate For Calcs": NaN,
        "Normalized EBITDA": NaN,
        "Total Unusual Items": NaN,
        "Total Unusual Items Excluding Goodwill": NaN,
        "Net Income From Continuing Operation Net Minority Interest": NaN,
        "Reconciled Depreciation": NaN,
        "Reconciled Cost Of Revenue": NaN,
        "EBITDA": NaN,
        "EBIT": NaN,
        "Net Interest Income": NaN,
        "Interest Expense": NaN,
        "Interest Income": NaN,
        "Normalized Income": NaN,
        "Net Income From Continuing And Discontinued Operation": NaN,
        "Total Expenses": NaN,
        "Total Operating Income As Reported": NaN,
        "Diluted Average Shares": 8701000.0,
        "Basic Average Shares": 8701000.0,
        "Diluted EPS": -1.83,
        "Basic EPS": -1.83,
        "Diluted NI Availto Com Stockholders": NaN,
        "Net Income Common Stockholders": NaN,
        "Net Income": NaN,
        "Net Income Including Noncontrolling Interests": NaN,
        "Net Income Continuous Operations": NaN,
        "Tax Provision": NaN,
        "Pretax Income": NaN,
        "Other Income Expense": NaN,
        "Other Non Operating Income Expenses": NaN,
        "Special Income Charges": NaN,
        "Other Special Charges": NaN,
        "Gain On Sale Of Security": NaN,
        "Net Non Operating Interest Income Expense": NaN,
        "Interest Expense Non Operating": NaN,
        "Interest Income Non Operating": NaN,
        "Operating Income": NaN,
        "Operating Expense": NaN,
        "Research And Development": NaN,
        "Selling General And Administration": NaN,
        "Gross Profit": NaN,
        "Cost Of Revenue": NaN,
        "Total Revenue": NaN,
        "Operating Revenue": NaN
    },
    "2022-06-30": {
        "Tax Effect Of Unusual Items": 0.0,
        "Tax Rate For Calcs": 0.0,
        "Normalized EBITDA": -17221000.0,
        "Total Unusual Items": 950000.0,
        "Total Unusual Items Excluding Goodwill": 950000.0,
        "Net Income From Continuing Operation Net Minority Interest": -17803000.0,
        "Reconciled Depreciation": 819000.0,
        "Reconciled Cost Of Revenue": 2781000.0,
        "EBITDA": -16271000.0,
        "EBIT": -17090000.0,
        "Net Interest Income": -657000.0,
        "Interest Expense": 713000.0,
        "Interest Income": 56000.0,
        "Normalized Income": -18753000.0,
        "Net Income From Continuing And Discontinued Operation": -17803000.0,
        "Total Expenses": 21850000.0,
        "Total Operating Income As Reported": -17989000.0,
        "Diluted Average Shares": 7623000.0,
        "Basic Average Shares": 7623000.0,
        "Diluted EPS": -2.43,
        "Basic EPS": -2.43,
        "Diluted NI Availto Com Stockholders": -17803000.0,
        "Net Income Common Stockholders": -17803000.0,
        "Net Income": -17803000.0,
        "Net Income Including Noncontrolling Interests": -17803000.0,
        "Net Income Continuous Operations": -17803000.0,
        "Tax Provision": 0.0,
        "Pretax Income": -17803000.0,
        "Other Income Expense": 843000.0,
        "Other Non Operating Income Expenses": -107000.0,
        "Special Income Charges": 919000.0,
        "Other Special Charges": -919000.0,
        "Gain On Sale Of Security": 31000.0,
        "Net Non Operating Interest Income Expense": -657000.0,
        "Interest Expense Non Operating": 713000.0,
        "Interest Income Non Operating": 56000.0,
        "Operating Income": -17989000.0,
        "Operating Expense": 19069000.0,
        "Research And Development": 7576000.0,
        "Selling General And Administration": 11493000.0,
        "Gross Profit": 1080000.0,
        "Cost Of Revenue": 2781000.0,
        "Total Revenue": 3861000.0,
        "Operating Revenue": 3861000.0
    },
    "2022-03-31": {
        "Diluted EPS": -2.0,
        "Total Revenue": 3,
        "Gross Profit": 1,
        "Operating Income": -16,
        "EBIT": -15,
        "Net Income": -13
    },
    "2021-12-31": {
        "Diluted EPS": -3.4,
        "Total Revenue": 3,
        "Gross Profit": -3,
        "Operating Income": -19,
        "EBIT": -16,
        "Net Income": -23
    },
    "2021-09-30": {
        "Diluted EPS": -1.5,
        "Total Revenue": 3,
        "Gross Profit": 1,
        "Operating Income": -15,
        "EBIT": -11,
        "Net Income": -9
    },
    "2021-06-30": {
        "Diluted EPS": -3.6,
        "Total Revenue": 3,
        "Gross Profit": 1,
        "Operating Income": -18,
        "EBIT": -14,
        "Net Income": -22
    },
    "2021-03-31": {
        "Diluted EPS": -4.1,
        "Total Revenue": 3,
        "Gross Profit": 1,
        "Operating Income": -20,
        "EBIT": -16,
        "Net Income": -24
    },
    "2020-12-31": {
        "Diluted EPS": -3.3,
        "Total Revenue": 3,
        "Gross Profit": 1,
        "Operating Income": -15,
        "EBIT": -11,
        "Net Income": -19
    },
    "2020-09-30": {
        "Diluted EPS": -3.3,
        "Total Revenue": 4,
        "Gross Profit": 1,
        "Operating Income": -15,
        "EBIT": -12,
        "Net Income": -19
    },
    "2020-06-30": {
        "Diluted EPS": -3.5,
        "Total Revenue": 2,
        "Gross Profit": 1,
        "Operating Income": -16,
        "EBIT": -12,
        "Net Income": -19
    },
    "2020-03-31": {
        "Diluted EPS": -3.9,
        "Total Revenue": 2,
        "Gross Profit": 1,
        "Operating Income": -18,
        "EBIT": -14,
        "Net Income": -21
    },
    "2019-12-31": {
        "Diluted EPS": -4.0,
        "Total Revenue": 3,
        "Gross Profit": 2,
        "Operating Income": -18,
        "EBIT": -15,
        "Net Income": -21
    },
    "2019-09-30": {
        "Diluted EPS": -3.7,
        "Total Revenue": 2,
        "Gross Profit": 1,
        "Operating Income": -18,
        "EBIT": -15,
        "Net Income": -20
    },
    "2019-06-30": {
        "Diluted EPS": -3.8,
        "Total Revenue": 2,
        "Gross Profit": 1,
        "Operating Income": -18,
        "EBIT": -15,
        "Net Income": -21
    },
    "2019-03-31": {
        "Diluted EPS": -4.0,
        "Total Revenue": 2,
        "Gross Profit": 1,
        "Operating Income": -19,
        "EBIT": -16,
        "Net Income": -22
    },
    "2018-12-31": {
        "Diluted EPS": -4.1,
        "Total Revenue": 2,
        "Gross Profit": 1,
        "Operating Income": -20,
        "EBIT": -17,
        "Net Income": -22
    },
    "2018-09-30": {
        "Diluted EPS": -4.1,
        "Total Revenue": 1,
        "Gross Profit": 1,
        "Operating Income": -19,
        "EBIT": -17,
        "Net Income": -22
    },
    "2018-06-30": {
        "Diluted EPS": -4.3,
        "Total Revenue": 2,
        "Gross Profit": 1,
        "Operating Income": -20,
        "EBIT": -18,
        "Net Income": -23
    },
    "2018-03-31": {
        "Diluted EPS": -3.7,
        "Total Revenue": 1,
        "Gross Profit": 0,
        "Operating Income": -21,
        "EBIT": -20,
        "Net Income": -21
    },
    "2017-12-31": {
        "Diluted EPS": -2.9,
        "Total Revenue": 2,
        "Gross Profit": 1,
        "Operating Income": -16,
        "EBIT": -16,
        "Net Income": -16
    },
    "2017-09-30": {
        "Diluted EPS": -3.1,
        "Total Revenue": 1,
        "Gross Profit": 1,
        "Operating Income": -17,
        "EBIT": -17,
        "Net Income": -17
    },
    "2017-06-30": {
        "Diluted EPS": -3.1,
        "Total Revenue": 1,
        "Gross Profit": 1,
        "Operating Income": -16,
        "EBIT": -16,
        "Net Income": -16
    },
    "2017-03-31": {
        "Diluted EPS": -2.7,
        "Total Revenue": 1,
        "Gross Profit": 1,
        "Operating Income": -14,
        "EBIT": -14,
        "Net Income": -14
    },
    "2016-12-31": {
        "Diluted EPS": -3.1,
        "Total Revenue": 0,
        "Gross Profit": 0,
        "Operating Income": -16,
        "EBIT": -15,
        "Net Income": -16
    },
    "2016-09-30": {
        "Diluted EPS": -3.4,
        "Total Revenue": 0,
        "Gross Profit": 0,
        "Operating Income": -17,
        "EBIT": -17,
        "Net Income": -17
    },
    "2016-06-30": {
        "Diluted EPS": -3.5,
        "Total Revenue": 0,
        "Gross Profit": 0,
        "Operating Income": -18,
        "EBIT": -17,
        "Net Income": -18
    },
    "2016-03-31": {
        "Diluted EPS": -2.9,
        "Total Revenue": 0,
        "Gross Profit": 0,
        "Operating Income": -15,
        "EBIT": -15,
        "Net Income": -15
    },
    "2015-12-31": {
        "Diluted EPS": -2.9,
        "Total Revenue": 0,
        "Gross Profit": 0,
        "Operating Income": -13,
        "EBIT": -13,
        "Net Income": -13
    },
    "2015-09-30": {
        "Diluted EPS": -2.5,
        "Total Revenue": 0,
        "Gross Profit": 0,
        "Operating Income": -11,
        "EBIT": -11,
        "Net Income": -11
    },
    "2015-06-30": {
        "Diluted EPS": -2.7,
        "Total Revenue": 0,
        "Gross Profit": 0,
        "Operating Income": -12,
        "EBIT": -12,
        "Net Income": -12
    },
    "2015-03-31": {
        "Diluted EPS": -2.0,
        "Total Revenue": 0,
        "Gross Profit": 0,
        "Operating Income": -9,
        "EBIT": -9,
        "Net Income": -9
    },
    "2014-12-31": {
        "Diluted EPS": -2.0,
        "Total Revenue": 0,
        "Gross Profit": 0,
        "Operating Income": -8,
        "EBIT": -8,
        "Net Income": -9
    },
    "2014-09-30": {
        "Diluted EPS": -2.0,
        "Total Revenue": 0,
        "Gross Profit": 0,
        "Operating Income": -9,
        "EBIT": -8,
        "Net Income": -9
    },
    "2014-06-30": {
        "Diluted EPS": -1.9,
        "Total Revenue": 0,
        "Gross Profit": 0,
        "Operating Income": -8,
        "EBIT": -8,
        "Net Income": -8
    },
    "2014-03-31": {
        "Diluted EPS": -1.2,
        "Total Revenue": 0,
        "Gross Profit": 0,
        "Operating Income": -6,
        "EBIT": -6,
        "Net Income": -5
    },
    "2013-12-31": {
        "Diluted EPS": -1.2,
        "Total Revenue": 0,
        "Gross Profit": 0,
        "Operating Income": -5,
        "EBIT": -5,
        "Net Income": -5
    },
    "2013-09-30": {
        "Diluted EPS": -1.0,
        "Total Revenue": 0,
        "Gross Profit": 0,
        "Operating Income": -4,
        "EBIT": -4,
        "Net Income": -4
    },
    "2013-06-30": {
        "Diluted EPS": -1.0,
        "Total Revenue": 0,
        "Gross Profit": 0,
        "Operating Income": -4,
        "EBIT": -4,
        "Net Income": -4
    },
    "2013-03-31": {
        "Diluted EPS": -0.9,
        "Total Revenue": 0,
        "Gross Profit": 0,
        "Operating Income": -3,
        "EBIT": -2,
        "Net Income": -3
    },
    "2012-12-31": {
        "Diluted EPS": 0.0,
        "Total Revenue": NaN,
        "Gross Profit": NaN,
        "Operating Income": NaN,
        "EBIT": NaN,
        "Net Income": NaN
    },
    "2012-10-31": {
        "Diluted EPS": -0.7,
        "Total Revenue": 0,
        "Gross Profit": 0,
        "Operating Income": -2,
        "EBIT": -2,
        "Net Income": -2
    },
    "2012-09-30": {
        "Diluted EPS": -1.5,
        "Total Revenue": 0,
        "Gross Profit": 0,
        "Operating Income": -2,
        "EBIT": -2,
        "Net Income": -4
    },
    "2012-07-31": {
        "Diluted EPS": 0.0,
        "Total Revenue": NaN,
        "Gross Profit": NaN,
        "Operating Income": NaN,
        "EBIT": NaN,
        "Net Income": NaN
    },
    "2012-06-30": {
        "Diluted EPS": -0.95,
        "Total Revenue": 0,
        "Gross Profit": 0,
        "Operating Income": -1,
        "EBIT": -1,
        "Net Income": -1
    },
    "2012-04-30": {
        "Diluted EPS": -0.3,
        "Total Revenue": 0,
        "Gross Profit": 0,
        "Operating Income": 0,
        "EBIT": 0,
        "Net Income": 0
    },
    "2012-03-31": {
        "Diluted EPS": -0.3,
        "Total Revenue": 0,
        "Gross Profit": 0,
        "Operating Income": 0,
        "EBIT": 0,
        "Net Income": 0
    },
    "2012-01-31": {
        "Diluted EPS": -0.3,
        "Total Revenue": 0,
        "Gross Profit": 0,
        "Operating Income": 0,
        "EBIT": 0,
        "Net Income": 0
    },
    "2011-10-31": {
        "Diluted EPS": -0.4,
        "Total Revenue": 0,
        "Gross Profit": 0,
        "Operating Income": 0,
        "EBIT": 0,
        "Net Income": 0
    },
    "2011-07-31": {
        "Diluted EPS": 0.0,
        "Total Revenue": NaN,
        "Gross Profit": NaN,
        "Operating Income": NaN,
        "EBIT": NaN,
        "Net Income": NaN
    },
    "2011-04-30": {
        "Diluted EPS": -0.1,
        "Total Revenue": 0,
        "Gross Profit": 0,
        "Operating Income": 0,
        "EBIT": 0,
        "Net Income": 0
    },
    "2011-01-31": {
        "Diluted EPS": 0.0,
        "Total Revenue": 0,
        "Gross Profit": 0,
        "Operating Income": 0,
        "EBIT": 0,
        "Net Income": 0
    },
    "2010-10-31": {
        "Diluted EPS": 0.1,
        "Total Revenue": 0,
        "Gross Profit": 0,
        "Operating Income": 0,
        "EBIT": 0,
        "Net Income": 0
    },
    "2010-07-31": {
        "Diluted EPS": 0.0,
        "Total Revenue": NaN,
        "Gross Profit": NaN,
        "Operating Income": NaN,
        "EBIT": NaN,
        "Net Income": NaN
    },
    "2010-04-30": {
        "Diluted EPS": -0.3,
        "Total Revenue": 0,
        "Gross Profit": 0,
        "Operating Income": 0,
        "EBIT": 0,
        "Net Income": 0
    },
    "2010-01-31": {
        "Diluted EPS": -0.4,
        "Total Revenue": 0,
        "Gross Profit": 0,
        "Operating Income": 0,
        "EBIT": 0,
        "Net Income": 0
    },
    "2009-10-31": {
        "Diluted EPS": -0.4,
        "Total Revenue": 0,
        "Gross Profit": 0,
        "Operating Income": 0,
        "EBIT": 0,
        "Net Income": 0
    },
    "2009-07-31": {
        "Diluted EPS": 0.0,
        "Total Revenue": NaN,
        "Gross Profit": NaN,
        "Operating Income": NaN,
        "EBIT": NaN,
        "Net Income": NaN
    },
    "2009-04-30": {
        "Diluted EPS": -0.2,
        "Total Revenue": 0,
        "Gross Profit": 0,
        "Operating Income": 0,
        "EBIT": 0,
        "Net Income": 0
    },
    "2009-01-31": {
        "Diluted EPS": -0.2,
        "Total Revenue": 0,
        "Gross Profit": 0,
        "Operating Income": 0,
        "EBIT": 0,
        "Net Income": 0
    },
    "2023-06-30": {
        "Tax Effect Of Unusual Items": NaN,
        "Tax Rate For Calcs": NaN,
        "Normalized EBITDA": NaN,
        "Total Unusual Items": NaN,
        "Total Unusual Items Excluding Goodwill": NaN,
        "Net Income From Continuing Operation Net Minority Interest": NaN,
        "Reconciled Depreciation": NaN,
        "Reconciled Cost Of Revenue": NaN,
        "EBITDA": NaN,
        "EBIT": NaN,
        "Net Interest Income": NaN,
        "Interest Expense": NaN,
        "Interest Income": NaN,
        "Normalized Income": NaN,
        "Net Income From Continuing And Discontinued Operation": NaN,
        "Total Expenses": NaN,
        "Total Operating Income As Reported": NaN,
        "Diluted Average Shares": 11009000.0,
        "Basic Average Shares": 11009000.0,
        "Diluted EPS": -2.97,
        "Basic EPS": -2.97,
        "Diluted NI Availto Com Stockholders": NaN,
        "Net Income Common Stockholders": NaN,
        "Net Income": NaN,
        "Net Income Including Noncontrolling Interests": NaN,
        "Net Income Continuous Operations": NaN,
        "Tax Provision": NaN,
        "Pretax Income": NaN,
        "Other Income Expense": NaN,
        "Other Non Operating Income Expenses": NaN,
        "Special Income Charges": -13305000.0,
        "Other Special Charges": 13305000.0,
        "Gain On Sale Of Security": NaN,
        "Net Non Operating Interest Income Expense": NaN,
        "Interest Expense Non Operating": NaN,
        "Interest Income Non Operating": NaN,
        "Operating Income": NaN,
        "Operating Expense": NaN,
        "Research And Development": NaN,
        "Selling General And Administration": NaN,
        "Gross Profit": NaN,
        "Cost Of Revenue": NaN,
        "Total Revenue": NaN,
        "Operating Revenue": NaN
    },
    "2023-09-30": {
        "Tax Effect Of Unusual Items": -47441.882805,
        "Tax Rate For Calcs": 0.125841,
        "Normalized EBITDA": 4440000.0,
        "Total Unusual Items": -377000.0,
        "Total Unusual Items Excluding Goodwill": -377000.0,
        "Net Income From Continuing Operation Net Minority Interest": 910000.0,
        "Reconciled Depreciation": 817000.0,
        "Reconciled Cost Of Revenue": 3192000.0,
        "EBITDA": 4063000.0,
        "EBIT": 3246000.0,
        "Net Interest Income": -1959000.0,
        "Interest Expense": 2205000.0,
        "Interest Income": 246000.0,
        "Normalized Income": 1239558.117195,
        "Net Income From Continuing And Discontinued Operation": 910000.0,
        "Total Expenses": 17949000.0,
        "Total Operating Income As Reported": -14650000.0,
        "Diluted Average Shares": 14433000.0,
        "Basic Average Shares": 14433000.0,
        "Diluted EPS": 0.06,
        "Basic EPS": 0.06,
        "Diluted NI Availto Com Stockholders": 910000.0,
        "Net Income Common Stockholders": 910000.0,
        "Net Income": 910000.0,
        "Net Income Including Noncontrolling Interests": 910000.0,
        "Net Income Continuous Operations": 910000.0,
        "Tax Provision": 131000.0,
        "Pretax Income": 1041000.0,
        "Other Income Expense": 17650000.0,
        "Other Non Operating Income Expenses": 18027000.0,
        "Special Income Charges": 51000.0,
        "Other Special Charges": -51000.0,
        "Gain On Sale Of Security": -428000.0,
        "Net Non Operating Interest Income Expense": -1959000.0,
        "Interest Expense Non Operating": 2205000.0,
        "Interest Income Non Operating": 246000.0,
        "Operating Income": -14650000.0,
        "Operating Expense": 14757000.0,
        "Research And Development": 6996000.0,
        "Selling General And Administration": 7761000.0,
        "Gross Profit": 107000.0,
        "Cost Of Revenue": 3192000.0,
        "Total Revenue": 3299000.0,
        "Operating Revenue": 3299000.0
    },
    "2023-12-31": {
        "Tax Effect Of Unusual Items": 50610.0,
        "Tax Rate For Calcs": 0.21,
        "Normalized EBITDA": -9727000.0,
        "Total Unusual Items": 241000.0,
        "Total Unusual Items Excluding Goodwill": 241000.0,
        "Net Income From Continuing Operation Net Minority Interest": -12998000.0,
        "Reconciled Depreciation": 820000.0,
        "Reconciled Cost Of Revenue": 2394000.0,
        "EBITDA": -9486000.0,
        "EBIT": -10306000.0,
        "Net Interest Income": -1926000.0,
        "Interest Expense": 2128000.0,
        "Interest Income": 202000.0,
        "Normalized Income": -13188390.0,
        "Net Income From Continuing And Discontinued Operation": -12998000.0,
        "Total Expenses": 13757000.0,
        "Total Operating Income As Reported": -10730000.0,
        "Diluted Average Shares": NaN,
        "Basic Average Shares": NaN,
        "Diluted EPS": NaN,
        "Basic EPS": NaN,
        "Diluted NI Availto Com Stockholders": -12998000.0,
        "Net Income Common Stockholders": -12998000.0,
        "Net Income": -12998000.0,
        "Net Income Including Noncontrolling Interests": -12998000.0,
        "Net Income Continuous Operations": -12998000.0,
        "Tax Provision": 564000.0,
        "Pretax Income": -12434000.0,
        "Other Income Expense": 222000.0,
        "Other Non Operating Income Expenses": -19000.0,
        "Special Income Charges": 0.0,
        "Other Special Charges": 0.0,
        "Gain On Sale Of Security": 241000.0,
        "Net Non Operating Interest Income Expense": -1926000.0,
        "Interest Expense Non Operating": 2128000.0,
        "Interest Income Non Operating": 202000.0,
        "Operating Income": -10730000.0,
        "Operating Expense": 11363000.0,
        "Research And Development": 5570000.0,
        "Selling General And Administration": 5793000.0,
        "Gross Profit": 633000.0,
        "Cost Of Revenue": 2394000.0,
        "Total Revenue": 3027000.0,
        "Operating Revenue": 2896000.0
    },
    "2024-03-31": {
        "Tax Effect Of Unusual Items": 0.0,
        "Tax Rate For Calcs": 0.0,
        "Normalized EBITDA": -9725000.0,
        "Total Unusual Items": -1197000.0,
        "Total Unusual Items Excluding Goodwill": -1197000.0,
        "Net Income From Continuing Operation Net Minority Interest": -14230000.0,
        "Reconciled Depreciation": 858000.0,
        "Reconciled Cost Of Revenue": 2198000.0,
        "EBITDA": -10922000.0,
        "EBIT": -11780000.0,
        "Net Interest Income": -2250000.0,
        "Interest Expense": 2450000.0,
        "Interest Income": 200000.0,
        "Normalized Income": -13033000.0,
        "Net Income From Continuing And Discontinued Operation": -14230000.0,
        "Total Expenses": 13077000.0,
        "Total Operating Income As Reported": -10156000.0,
        "Diluted Average Shares": 19216000.0,
        "Basic Average Shares": 19216000.0,
        "Diluted EPS": -0.74,
        "Basic EPS": -0.74,
        "Diluted NI Availto Com Stockholders": -14230000.0,
        "Net Income Common Stockholders": -14230000.0,
        "Net Income": -14230000.0,
        "Net Income Including Noncontrolling Interests": -14230000.0,
        "Net Income Continuous Operations": -14230000.0,
        "Tax Provision": 0.0,
        "Pretax Income": -14230000.0,
        "Other Income Expense": -1824000.0,
        "Other Non Operating Income Expenses": -627000.0,
        "Special Income Charges": NaN,
        "Other Special Charges": NaN,
        "Gain On Sale Of Security": -1197000.0,
        "Net Non Operating Interest Income Expense": -2250000.0,
        "Interest Expense Non Operating": 2450000.0,
        "Interest Income Non Operating": 200000.0,
        "Operating Income": -10156000.0,
        "Operating Expense": 10879000.0,
        "Research And Development": 5173000.0,
        "Selling General And Administration": 5706000.0,
        "Gross Profit": 723000.0,
        "Cost Of Revenue": 2198000.0,
        "Total Revenue": 2921000.0,
        "Operating Revenue": 2921000.0
    },
    "2024-06-30": {
        "Tax Effect Of Unusual Items": 0.0,
        "Tax Rate For Calcs": 0.0,
        "Normalized EBITDA": -7600000.0,
        "Total Unusual Items": -522000.0,
        "Total Unusual Items Excluding Goodwill": -522000.0,
        "Net Income From Continuing Operation Net Minority Interest": -11588000.0,
        "Reconciled Depreciation": 877000.0,
        "Reconciled Cost Of Revenue": 2310000.0,
        "EBITDA": -8122000.0,
        "EBIT": -8999000.0,
        "Net Interest Income": -2473000.0,
        "Interest Expense": 2589000.0,
        "Interest Income": 116000.0,
        "Normalized Income": -11066000.0,
        "Net Income From Continuing And Discontinued Operation": -11588000.0,
        "Total Expenses": 11592000.0,
        "Total Operating Income As Reported": -8606000.0,
        "Diluted Average Shares": 23058000.0,
        "Basic Average Shares": 23058000.0,
        "Diluted EPS": -0.5,
        "Basic EPS": -0.5,
        "Diluted NI Availto Com Stockholders": -11588000.0,
        "Net Income Common Stockholders": -11588000.0,
        "Net Income": -11588000.0,
        "Net Income Including Noncontrolling Interests": -11588000.0,
        "Net Income Continuous Operations": -11588000.0,
        "Tax Provision": 0.0,
        "Pretax Income": -11588000.0,
        "Other Income Expense": -509000.0,
        "Other Non Operating Income Expenses": 13000.0,
        "Special Income Charges": 743000.0,
        "Other Special Charges": -743000.0,
        "Gain On Sale Of Security": -1265000.0,
        "Net Non Operating Interest Income Expense": -2473000.0,
        "Interest Expense Non Operating": 2589000.0,
        "Interest Income Non Operating": 116000.0,
        "Operating Income": -8606000.0,
        "Operating Expense": 9282000.0,
        "Research And Development": 3903000.0,
        "Selling General And Administration": 5379000.0,
        "Gross Profit": 676000.0,
        "Cost Of Revenue": 2310000.0,
        "Total Revenue": 2986000.0,
        "Operating Revenue": 2986000.0
    },
    "2024-09-30": {
        "Tax Effect Of Unusual Items": 0.0,
        "Tax Rate For Calcs": 0.0,
        "Normalized EBITDA": -10691000.0,
        "Total Unusual Items": 523000.0,
        "Total Unusual Items Excluding Goodwill": 523000.0,
        "Net Income From Continuing Operation Net Minority Interest": -14639000.0,
        "Reconciled Depreciation": 878000.0,
        "Reconciled Cost Of Revenue": 2119000.0,
        "EBITDA": -10168000.0,
        "EBIT": -11046000.0,
        "Net Interest Income": -3414000.0,
        "Interest Expense": 3593000.0,
        "Interest Income": 179000.0,
        "Normalized Income": -15162000.0,
        "Net Income From Continuing And Discontinued Operation": -14639000.0,
        "Total Expenses": 11593000.0,
        "Total Operating Income As Reported": -8618000.0,
        "Diluted Average Shares": 24915000.0,
        "Basic Average Shares": 24915000.0,
        "Diluted EPS": -0.59,
        "Basic EPS": -0.59,
        "Diluted NI Availto Com Stockholders": -14639000.0,
        "Net Income Common Stockholders": -14639000.0,
        "Net Income": -14639000.0,
        "Net Income Including Noncontrolling Interests": -14639000.0,
        "Net Income Continuous Operations": -14639000.0,
        "Tax Provision": 0.0,
        "Pretax Income": -14639000.0,
        "Other Income Expense": -2607000.0,
        "Other Non Operating Income Expenses": -3130000.0,
        "Special Income Charges": 0.0,
        "Other Special Charges": NaN,
        "Gain On Sale Of Security": 523000.0,
        "Net Non Operating Interest Income Expense": -3414000.0,
        "Interest Expense Non Operating": 3593000.0,
        "Interest Income Non Operating": 179000.0,
        "Operating Income": -8618000.0,
        "Operating Expense": 9474000.0,
        "Research And Development": 3838000.0,
        "Selling General And Administration": 5636000.0,
        "Gross Profit": 856000.0,
        "Cost Of Revenue": 2119000.0,
        "Total Revenue": 2975000.0,
        "Operating Revenue": 2975000.0
    }
}