{
    "2024-02-29": {
        "Tax Effect Of Unusual Items": 0.0,
        "Tax Rate For Calcs": 0.21,
        "Normalized EBITDA": -17238.0,
        "Total Unusual Items": 0.0,
        "Total Unusual Items Excluding Goodwill": 0.0,
        "Net Income From Continuing Operation Net Minority Interest": 781091.0,
        "Reconciled Depreciation": 27612.0,
        "Reconciled Cost Of Revenue": 1845017.0,
        "EBITDA": -17238.0,
        "EBIT": -44850.0,
        "Net Interest Income": 51420.0,
        "Interest Expense": 1495.0,
        "Interest Income": 52915.0,
        "Normalized Income": 781091.0,
        "Net Income From Continuing And Discontinued Operation": 781091.0,
        "Total Expenses": 6573222.0,
        "Total Operating Income As Reported": -103879.0,
        "Diluted Average Shares": 18576914.0,
        "Basic Average Shares": 5863939.0,
        "Diluted EPS": 0.04,
        "Basic EPS": 0.13,
        "Diluted NI Availto Com Stockholders": 781091.0,
        "Net Income Common Stockholders": 781091.0,
        "Net Income": 781091.0,
        "Net Income Including Noncontrolling Interests": 781091.0,
        "Net Income Continuous Operations": 781091.0,
        "Tax Provision": -827436.0,
        "Pretax Income": -46345.0,
        "Other Income Expense": 6114.0,
        "Other Non Operating Income Expenses": 6114.0,
        "Special Income Charges": 0.0,
        "Other Special Charges": NaN,
        "Net Non Operating Interest Income Expense": 51420.0,
        "Interest Expense Non Operating": 1495.0,
        "Interest Income Non Operating": 52915.0,
        "Operating Income": -103879.0,
        "Operating Expense": 4728205.0,
        "Selling General And Administration": 4728205.0,
        "Selling And Marketing Expense": 3398949.0,
        "General And Administrative Expense": 1329256.0,
        "Other Gand A": 1100387.0,
        "Salaries And Wages": 228869.0,
        "Gross Profit": 4624326.0,
        "Cost Of Revenue": 1845017.0,
        "Total Revenue": 6469343.0,
        "Operating Revenue": 6469343.0
    },
    "2023-11-30": {
        "Tax Effect Of Unusual Items": 20870.910955,
        "Tax Rate For Calcs": 0.263582,
        "Normalized EBITDA": 1332711.0,
        "Total Unusual Items": 79182.0,
        "Total Unusual Items Excluding Goodwill": 79182.0,
        "Net Income From Continuing Operation Net Minority Interest": 1018075.0,
        "Reconciled Depreciation": 27785.0,
        "Reconciled Cost Of Revenue": 2163738.0,
        "EBITDA": 1411893.0,
        "EBIT": 1384108.0,
        "Net Interest Income": 36185.0,
        "Interest Expense": 1640.0,
        "Interest Income": 37825.0,
        "Normalized Income": 959763.910955,
        "Net Income From Continuing And Discontinued Operation": 1018075.0,
        "Total Expenses": 7157765.0,
        "Total Operating Income As Reported": 1263912.0,
        "Diluted Average Shares": 18632689.0,
        "Basic Average Shares": 5863939.0,
        "Diluted EPS": 0.05,
        "Basic EPS": 0.17,
        "Diluted NI Availto Com Stockholders": 1018075.0,
        "Net Income Common Stockholders": 1018075.0,
        "Net Income": 1018075.0,
        "Net Income Including Noncontrolling Interests": 1018075.0,
        "Net Income Continuous Operations": 1018075.0,
        "Tax Provision": 364393.0,
        "Pretax Income": 1382468.0,
        "Other Income Expense": 82371.0,
        "Other Non Operating Income Expenses": 3189.0,
        "Special Income Charges": 79182.0,
        "Other Special Charges": -79182.0,
        "Net Non Operating Interest Income Expense": 36185.0,
        "Interest Expense Non Operating": 1640.0,
        "Interest Income Non Operating": 37825.0,
        "Operating Income": 1263912.0,
        "Operating Expense": 4994027.0,
        "Selling General And Administration": 4994027.0,
        "Selling And Marketing Expense": 3672780.0,
        "General And Administrative Expense": 1321247.0,
        "Other Gand A": 1116601.0,
        "Salaries And Wages": 204646.0,
        "Gross Profit": 6257939.0,
        "Cost Of Revenue": 2163738.0,
        "Total Revenue": 8421677.0,
        "Operating Revenue": 8421677.0
    },
    "2023-08-31": {
        "Tax Effect Of Unusual Items": NaN,
        "Tax Rate For Calcs": NaN,
        "Normalized EBITDA": NaN,
        "Total Unusual Items": 0.0,
        "Total Unusual Items Excluding Goodwill": 0.0,
        "Net Income From Continuing Operation Net Minority Interest": NaN,
        "Reconciled Depreciation": NaN,
        "Reconciled Cost Of Revenue": NaN,
        "EBITDA": NaN,
        "EBIT": NaN,
        "Net Interest Income": NaN,
        "Interest Expense": NaN,
        "Interest Income": NaN,
        "Normalized Income": NaN,
        "Net Income From Continuing And Discontinued Operation": NaN,
        "Total Expenses": NaN,
        "Total Operating Income As Reported": NaN,
        "Diluted Average Shares": 18622597.0,
        "Basic Average Shares": 5853847.0,
        "Diluted EPS": 0.01,
        "Basic EPS": 0.03,
        "Diluted NI Availto Com Stockholders": NaN,
        "Net Income Common Stockholders": NaN,
        "Net Income": NaN,
        "Net Income Including Noncontrolling Interests": NaN,
        "Net Income Continuous Operations": NaN,
        "Tax Provision": NaN,
        "Pretax Income": NaN,
        "Other Income Expense": NaN,
        "Other Non Operating Income Expenses": NaN,
        "Special Income Charges": 0.0,
        "Other Special Charges": NaN,
        "Net Non Operating Interest Income Expense": NaN,
        "Interest Expense Non Operating": NaN,
        "Interest Income Non Operating": NaN,
        "Operating Income": NaN,
        "Operating Expense": NaN,
        "Selling General And Administration": NaN,
        "Selling And Marketing Expense": NaN,
        "General And Administrative Expense": NaN,
        "Other Gand A": NaN,
        "Salaries And Wages": NaN,
        "Gross Profit": NaN,
        "Cost Of Revenue": NaN,
        "Total Revenue": NaN,
        "Operating Revenue": NaN
    },
    "2023-05-31": {
        "Tax Effect Of Unusual Items": NaN,
        "Tax Rate For Calcs": NaN,
        "Normalized EBITDA": NaN,
        "Total Unusual Items": NaN,
        "Total Unusual Items Excluding Goodwill": NaN,
        "Net Income From Continuing Operation Net Minority Interest": NaN,
        "Reconciled Depreciation": NaN,
        "Reconciled Cost Of Revenue": NaN,
        "EBITDA": NaN,
        "EBIT": NaN,
        "Net Interest Income": NaN,
        "Interest Expense": NaN,
        "Interest Income": NaN,
        "Normalized Income": NaN,
        "Net Income From Continuing And Discontinued Operation": NaN,
        "Total Expenses": NaN,
        "Total Operating Income As Reported": NaN,
        "Diluted Average Shares": NaN,
        "Basic Average Shares": NaN,
        "Diluted EPS": NaN,
        "Basic EPS": NaN,
        "Diluted NI Availto Com Stockholders": NaN,
        "Net Income Common Stockholders": NaN,
        "Net Income": NaN,
        "Net Income Including Noncontrolling Interests": NaN,
        "Net Income Continuous Operations": NaN,
        "Tax Provision": NaN,
        "Pretax Income": NaN,
        "Other Income Expense": NaN,
        "Other Non Operating Income Expenses": NaN,
        "Special Income Charges": NaN,
        "Other Special Charges": 0.0,
        "Net Non Operating Interest Income Expense": NaN,
        "Interest Expense Non Operating": NaN,
        "Interest Income Non Operating": NaN,
        "Operating Income": NaN,
        "Operating Expense": NaN,
        "Selling General And Administration": NaN,
        "Selling And Marketing Expense": NaN,
        "General And Administrative Expense": NaN,
        "Other Gand A": NaN,
        "Salaries And Wages": NaN,
        "Gross Profit": NaN,
        "Cost Of Revenue": NaN,
        "Total Revenue": NaN,
        "Operating Revenue": NaN
    },
    "2023-02-28": {
        "Tax Effect Of Unusual Items": NaN,
        "Tax Rate For Calcs": NaN,
        "Normalized EBITDA": NaN,
        "Total Unusual Items": NaN,
        "Total Unusual Items Excluding Goodwill": NaN,
        "Net Income From Continuing Operation Net Minority Interest": NaN,
        "Reconciled Depreciation": NaN,
        "Reconciled Cost Of Revenue": NaN,
        "EBITDA": NaN,
        "EBIT": NaN,
        "Net Interest Income": NaN,
        "Interest Expense": NaN,
        "Interest Income": NaN,
        "Normalized Income": NaN,
        "Net Income From Continuing And Discontinued Operation": NaN,
        "Total Expenses": NaN,
        "Total Operating Income As Reported": NaN,
        "Diluted Average Shares": 18629501.0,
        "Basic Average Shares": 5849501.0,
        "Diluted EPS": 0.01,
        "Basic EPS": 0.03,
        "Diluted NI Availto Com Stockholders": NaN,
        "Net Income Common Stockholders": NaN,
        "Net Income": NaN,
        "Net Income Including Noncontrolling Interests": NaN,
        "Net Income Continuous Operations": NaN,
        "Tax Provision": NaN,
        "Pretax Income": NaN,
        "Other Income Expense": NaN,
        "Other Non Operating Income Expenses": NaN,
        "Special Income Charges": NaN,
        "Other Special Charges": NaN,
        "Net Non Operating Interest Income Expense": NaN,
        "Interest Expense Non Operating": NaN,
        "Interest Income Non Operating": NaN,
        "Operating Income": NaN,
        "Operating Expense": NaN,
        "Selling General And Administration": NaN,
        "Selling And Marketing Expense": NaN,
        "General And Administrative Expense": NaN,
        "Other Gand A": NaN,
        "Salaries And Wages": NaN,
        "Gross Profit": NaN,
        "Cost Of Revenue": NaN,
        "Total Revenue": NaN,
        "Operating Revenue": NaN
    },
    "2022-11-30": {
        "Tax Effect Of Unusual Items": NaN,
        "Tax Rate For Calcs": NaN,
        "Normalized EBITDA": NaN,
        "Total Unusual Items": NaN,
        "Total Unusual Items Excluding Goodwill": NaN,
        "Net Income From Continuing Operation Net Minority Interest": NaN,
        "Reconciled Depreciation": NaN,
        "Reconciled Cost Of Revenue": NaN,
        "EBITDA": NaN,
        "EBIT": NaN,
        "Net Interest Income": NaN,
        "Interest Expense": NaN,
        "Interest Income": NaN,
        "Normalized Income": NaN,
        "Net Income From Continuing And Discontinued Operation": NaN,
        "Total Expenses": NaN,
        "Total Operating Income As Reported": NaN,
        "Diluted Average Shares": 18446674.0,
        "Basic Average Shares": 5761344.0,
        "Diluted EPS": 0.039405,
        "Basic EPS": 0.2,
        "Diluted NI Availto Com Stockholders": NaN,
        "Net Income Common Stockholders": NaN,
        "Net Income": NaN,
        "Net Income Including Noncontrolling Interests": NaN,
        "Net Income Continuous Operations": NaN,
        "Tax Provision": NaN,
        "Pretax Income": NaN,
        "Other Income Expense": NaN,
        "Other Non Operating Income Expenses": NaN,
        "Special Income Charges": NaN,
        "Other Special Charges": NaN,
        "Net Non Operating Interest Income Expense": NaN,
        "Interest Expense Non Operating": NaN,
        "Interest Income Non Operating": NaN,
        "Operating Income": NaN,
        "Operating Expense": NaN,
        "Selling General And Administration": NaN,
        "Selling And Marketing Expense": NaN,
        "General And Administrative Expense": NaN,
        "Other Gand A": NaN,
        "Salaries And Wages": NaN,
        "Gross Profit": NaN,
        "Cost Of Revenue": NaN,
        "Total Revenue": NaN,
        "Operating Revenue": NaN
    },
    "2022-08-31": {
        "Tax Effect Of Unusual Items": NaN,
        "Tax Rate For Calcs": NaN,
        "Normalized EBITDA": NaN,
        "Total Unusual Items": NaN,
        "Total Unusual Items Excluding Goodwill": NaN,
        "Net Income From Continuing Operation Net Minority Interest": NaN,
        "Reconciled Depreciation": NaN,
        "Reconciled Cost Of Revenue": NaN,
        "EBITDA": NaN,
        "EBIT": NaN,
        "Net Interest Income": NaN,
        "Interest Expense": NaN,
        "Interest Income": NaN,
        "Normalized Income": NaN,
        "Net Income From Continuing And Discontinued Operation": NaN,
        "Total Expenses": NaN,
        "Total Operating Income As Reported": NaN,
        "Diluted Average Shares": NaN,
        "Basic Average Shares": NaN,
        "Diluted EPS": NaN,
        "Basic EPS": NaN,
        "Diluted NI Availto Com Stockholders": NaN,
        "Net Income Common Stockholders": NaN,
        "Net Income": NaN,
        "Net Income Including Noncontrolling Interests": NaN,
        "Net Income Continuous Operations": NaN,
        "Tax Provision": NaN,
        "Pretax Income": NaN,
        "Other Income Expense": 50500.0,
        "Other Non Operating Income Expenses": NaN,
        "Special Income Charges": NaN,
        "Other Special Charges": -50500.0,
        "Net Non Operating Interest Income Expense": NaN,
        "Interest Expense Non Operating": NaN,
        "Interest Income Non Operating": NaN,
        "Operating Income": NaN,
        "Operating Expense": NaN,
        "Selling General And Administration": NaN,
        "Selling And Marketing Expense": NaN,
        "General And Administrative Expense": NaN,
        "Other Gand A": NaN,
        "Salaries And Wages": NaN,
        "Gross Profit": NaN,
        "Cost Of Revenue": NaN,
        "Total Revenue": NaN,
        "Operating Revenue": NaN
    },
    "2024-05-31": {
        "Tax Effect Of Unusual Items": 0.0,
        "Tax Rate For Calcs": 0.21,
        "Normalized EBITDA": 272954.0,
        "Total Unusual Items": 0.0,
        "Total Unusual Items Excluding Goodwill": 0.0,
        "Net Income From Continuing Operation Net Minority Interest": 49516.0,
        "Reconciled Depreciation": 46976.0,
        "Reconciled Cost Of Revenue": 1837144.0,
        "EBITDA": 272954.0,
        "EBIT": 225978.0,
        "Net Interest Income": 53379.0,
        "Interest Expense": -387.0,
        "Interest Income": 52992.0,
        "Normalized Income": 49516.0,
        "Net Income From Continuing And Discontinued Operation": 49516.0,
        "Total Expenses": 6331660.0,
        "Total Operating Income As Reported": 169590.0,
        "Diluted Average Shares": NaN,
        "Basic Average Shares": NaN,
        "Diluted EPS": NaN,
        "Basic EPS": NaN,
        "Diluted NI Availto Com Stockholders": 1379104.0,
        "Net Income Common Stockholders": 1379104.0,
        "Net Income": 49516.0,
        "Net Income Including Noncontrolling Interests": 49516.0,
        "Net Income Continuous Operations": 49516.0,
        "Tax Provision": 176849.0,
        "Pretax Income": 226365.0,
        "Other Income Expense": 3396.0,
        "Other Non Operating Income Expenses": 3396.0,
        "Special Income Charges": 0.0,
        "Other Special Charges": 0.0,
        "Net Non Operating Interest Income Expense": 53379.0,
        "Interest Expense Non Operating": -387.0,
        "Interest Income Non Operating": 52992.0,
        "Operating Income": 169590.0,
        "Operating Expense": 4494516.0,
        "Selling General And Administration": 4494516.0,
        "Selling And Marketing Expense": 3170484.0,
        "General And Administrative Expense": 1324032.0,
        "Other Gand A": 1071605.0,
        "Salaries And Wages": 252427.0,
        "Gross Profit": 4664106.0,
        "Cost Of Revenue": 1837144.0,
        "Total Revenue": 6501250.0,
        "Operating Revenue": 6501250.0
    },
    "2024-08-31": {
        "Tax Effect Of Unusual Items": 0.0,
        "Tax Rate For Calcs": 0.0,
        "Normalized EBITDA": -96910.0,
        "Total Unusual Items": NaN,
        "Total Unusual Items Excluding Goodwill": NaN,
        "Net Income From Continuing Operation Net Minority Interest": -109805.0,
        "Reconciled Depreciation": 12895.0,
        "Reconciled Cost Of Revenue": 1697624.0,
        "EBITDA": -96910.0,
        "EBIT": -109805.0,
        "Net Interest Income": 28631.0,
        "Interest Expense": 0.0,
        "Interest Income": 28631.0,
        "Normalized Income": -109805.0,
        "Net Income From Continuing And Discontinued Operation": -109805.0,
        "Total Expenses": 5991974.0,
        "Total Operating Income As Reported": -140702.0,
        "Diluted Average Shares": 6172379.0,
        "Basic Average Shares": 6172379.0,
        "Diluted EPS": -0.02,
        "Basic EPS": -0.02,
        "Diluted NI Availto Com Stockholders": -109805.0,
        "Net Income Common Stockholders": -109805.0,
        "Net Income": -109805.0,
        "Net Income Including Noncontrolling Interests": -109805.0,
        "Net Income Continuous Operations": -109805.0,
        "Tax Provision": 0.0,
        "Pretax Income": -109805.0,
        "Other Income Expense": 2266.0,
        "Other Non Operating Income Expenses": 2266.0,
        "Special Income Charges": NaN,
        "Other Special Charges": NaN,
        "Net Non Operating Interest Income Expense": 28631.0,
        "Interest Expense Non Operating": 0.0,
        "Interest Income Non Operating": 28631.0,
        "Operating Income": -140702.0,
        "Operating Expense": 4294350.0,
        "Selling General And Administration": 4294350.0,
        "Selling And Marketing Expense": 2669471.0,
        "General And Administrative Expense": 1624879.0,
        "Other Gand A": 1434231.0,
        "Salaries And Wages": 190648.0,
        "Gross Profit": 4153648.0,
        "Cost Of Revenue": 1697624.0,
        "Total Revenue": 5851272.0,
        "Operating Revenue": 5851272.0
    },
    "2024-11-30": {
        "Tax Effect Of Unusual Items": 0.0,
        "Tax Rate For Calcs": 0.09594,
        "Normalized EBITDA": 736692.0,
        "Total Unusual Items": 0.0,
        "Total Unusual Items Excluding Goodwill": 0.0,
        "Net Income From Continuing Operation Net Minority Interest": 633706.0,
        "Reconciled Depreciation": 34440.0,
        "Reconciled Cost Of Revenue": 2234527.0,
        "EBITDA": 736692.0,
        "EBIT": 702252.0,
        "Net Interest Income": 26044.0,
        "Interest Expense": 1296.0,
        "Interest Income": 27340.0,
        "Normalized Income": 633706.0,
        "Net Income From Continuing And Discontinued Operation": 633706.0,
        "Total Expenses": 7059703.0,
        "Total Operating Income As Reported": 672871.0,
        "Diluted Average Shares": 8168657.0,
        "Basic Average Shares": 6450226.0,
        "Diluted EPS": 0.08,
        "Basic EPS": 0.1,
        "Diluted NI Availto Com Stockholders": 633706.0,
        "Net Income Common Stockholders": 633706.0,
        "Net Income": 633706.0,
        "Net Income Including Noncontrolling Interests": 633706.0,
        "Net Income Continuous Operations": 633706.0,
        "Tax Provision": 67250.0,
        "Pretax Income": 700956.0,
        "Other Income Expense": 2041.0,
        "Other Non Operating Income Expenses": 2041.0,
        "Special Income Charges": 0.0,
        "Other Special Charges": NaN,
        "Net Non Operating Interest Income Expense": 26044.0,
        "Interest Expense Non Operating": 1296.0,
        "Interest Income Non Operating": 27340.0,
        "Operating Income": 672871.0,
        "Operating Expense": 4825176.0,
        "Selling General And Administration": 4825176.0,
        "Selling And Marketing Expense": 3377760.0,
        "General And Administrative Expense": 1447416.0,
        "Other Gand A": 1170742.0,
        "Salaries And Wages": 276674.0,
        "Gross Profit": 5498047.0,
        "Cost Of Revenue": 2234527.0,
        "Total Revenue": 7732574.0,
        "Operating Revenue": 7732574.0
    }
}