{
    "2023-03-31": {
        "Tax Effect Of Unusual Items": 0.0,
        "Tax Rate For Calcs": 0.0,
        "Normalized EBITDA": -4183000.0,
        "Total Unusual Items": NaN,
        "Total Unusual Items Excluding Goodwill": NaN,
        "Net Income From Continuing Operation Net Minority Interest": -3976000.0,
        "Reconciled Depreciation": 11000.0,
        "EBITDA": -4183000.0,
        "EBIT": -4183000.0,
        "Net Interest Income": 207000.0,
        "Interest Expense": 0.0,
        "Interest Income": 140000.0,
        "Normalized Income": -3976000.0,
        "Net Income From Continuing And Discontinued Operation": -3976000.0,
        "Total Expenses": 4183000.0,
        "Total Operating Income As Reported": -4183000.0,
        "Diluted Average Shares": 2946763.0,
        "Basic Average Shares": 2946763.0,
        "Diluted EPS": -1.25,
        "Basic EPS": -1.25,
        "Diluted NI Availto Com Stockholders": -3976000.0,
        "Net Income Common Stockholders": -3976000.0,
        "Net Income": -3976000.0,
        "Net Income Including Noncontrolling Interests": -3976000.0,
        "Net Income Continuous Operations": -3976000.0,
        "Pretax Income": -3976000.0,
        "Other Income Expense": 67000.0,
        "Other Non Operating Income Expenses": 67000.0,
        "Special Income Charges": NaN,
        "Other Special Charges": NaN,
        "Restructuring And Mergern Acquisition": NaN,
        "Net Non Operating Interest Income Expense": 207000.0,
        "Total Other Finance Cost": -207000.0,
        "Interest Expense Non Operating": 0.0,
        "Interest Income Non Operating": 140000.0,
        "Operating Income": -4183000.0,
        "Operating Expense": 4183000.0,
        "Research And Development": 1433000.0,
        "Selling General And Administration": 2750000.0,
        "General And Administrative Expense": 2750000.0,
        "Other Gand A": 2750000.0,
        "Salaries And Wages": 1333000.0,
        "Total Revenue": 0.0,
        "Operating Revenue": 0.0
    },
    "2022-12-31": {
        "Tax Effect Of Unusual Items": 0.0,
        "Tax Rate For Calcs": 0.0,
        "Normalized EBITDA": -10967000.0,
        "Total Unusual Items": -5790000.0,
        "Total Unusual Items Excluding Goodwill": -5790000.0,
        "Net Income From Continuing Operation Net Minority Interest": -23000000.0,
        "Reconciled Depreciation": 122000.0,
        "EBITDA": -16757000.0,
        "EBIT": -16757000.0,
        "Net Interest Income": -453000.0,
        "Interest Expense": 737000.0,
        "Interest Income": 294000.0,
        "Normalized Income": -17210000.0,
        "Net Income From Continuing And Discontinued Operation": -23000000.0,
        "Total Expenses": 16757000.0,
        "Total Operating Income As Reported": -20946000.0,
        "Diluted Average Shares": 2817413.0,
        "Basic Average Shares": 2817413.0,
        "Diluted EPS": -8.25,
        "Basic EPS": -8.25,
        "Diluted NI Availto Com Stockholders": -23000000.0,
        "Net Income Common Stockholders": -23000000.0,
        "Net Income": -23000000.0,
        "Net Income Including Noncontrolling Interests": -23000000.0,
        "Net Income Continuous Operations": -23000000.0,
        "Pretax Income": -23000000.0,
        "Other Income Expense": -5790000.0,
        "Other Non Operating Income Expenses": -10000.0,
        "Special Income Charges": -5790000.0,
        "Other Special Charges": 1601000.0,
        "Restructuring And Mergern Acquisition": 4189000.0,
        "Net Non Operating Interest Income Expense": -453000.0,
        "Total Other Finance Cost": 453000.0,
        "Interest Expense Non Operating": 737000.0,
        "Interest Income Non Operating": 294000.0,
        "Operating Income": -16757000.0,
        "Operating Expense": 16757000.0,
        "Research And Development": 13257000.0,
        "Selling General And Administration": 3500000.0,
        "General And Administrative Expense": 3500000.0,
        "Other Gand A": 3500000.0,
        "Salaries And Wages": 1710000.0,
        "Total Revenue": 0.0,
        "Operating Revenue": 0.0
    },
    "2022-09-30": {
        "Tax Effect Of Unusual Items": 0.0,
        "Tax Rate For Calcs": 0.0,
        "Normalized EBITDA": -16882000.0,
        "Total Unusual Items": NaN,
        "Total Unusual Items Excluding Goodwill": NaN,
        "Net Income From Continuing Operation Net Minority Interest": -17841000.0,
        "Reconciled Depreciation": 131000.0,
        "EBITDA": -16882000.0,
        "EBIT": -17013000.0,
        "Net Interest Income": -705000.0,
        "Interest Expense": 828000.0,
        "Interest Income": 123000.0,
        "Normalized Income": -17841000.0,
        "Net Income From Continuing And Discontinued Operation": -17841000.0,
        "Total Expenses": 17093000.0,
        "Total Operating Income As Reported": -17093000.0,
        "Diluted Average Shares": 2105814.0,
        "Basic Average Shares": 2105814.0,
        "Diluted EPS": -8.5,
        "Basic EPS": -8.5,
        "Diluted NI Availto Com Stockholders": -17841000.0,
        "Net Income Common Stockholders": -17841000.0,
        "Net Income": -17841000.0,
        "Net Income Including Noncontrolling Interests": -17841000.0,
        "Net Income Continuous Operations": -17841000.0,
        "Pretax Income": -17841000.0,
        "Other Income Expense": -43000.0,
        "Other Non Operating Income Expenses": -43000.0,
        "Special Income Charges": NaN,
        "Other Special Charges": NaN,
        "Restructuring And Mergern Acquisition": NaN,
        "Net Non Operating Interest Income Expense": -705000.0,
        "Total Other Finance Cost": NaN,
        "Interest Expense Non Operating": 828000.0,
        "Interest Income Non Operating": 123000.0,
        "Operating Income": -17093000.0,
        "Operating Expense": 17093000.0,
        "Research And Development": 13317000.0,
        "Selling General And Administration": 3776000.0,
        "General And Administrative Expense": 3776000.0,
        "Other Gand A": 1720000.0,
        "Salaries And Wages": 2056000.0,
        "Total Revenue": 0.0,
        "Operating Revenue": 0.0
    },
    "2022-06-30": {
        "Tax Effect Of Unusual Items": 0.0,
        "Tax Rate For Calcs": 0.0,
        "Normalized EBITDA": -20619000.0,
        "Total Unusual Items": NaN,
        "Total Unusual Items Excluding Goodwill": NaN,
        "Net Income From Continuing Operation Net Minority Interest": -21306000.0,
        "Reconciled Depreciation": 82000.0,
        "EBITDA": -20619000.0,
        "EBIT": -20619000.0,
        "Net Interest Income": -687000.0,
        "Interest Expense": 752000.0,
        "Interest Income": 65000.0,
        "Normalized Income": -21306000.0,
        "Net Income From Continuing And Discontinued Operation": -21306000.0,
        "Total Expenses": 20619000.0,
        "Total Operating Income As Reported": -20619000.0,
        "Diluted Average Shares": 52616279.0,
        "Basic Average Shares": 52616279.0,
        "Diluted EPS": -0.4,
        "Basic EPS": -0.4,
        "Diluted NI Availto Com Stockholders": -21306000.0,
        "Net Income Common Stockholders": -21306000.0,
        "Net Income": -21306000.0,
        "Net Income Including Noncontrolling Interests": -21306000.0,
        "Net Income Continuous Operations": -21306000.0,
        "Pretax Income": -21306000.0,
        "Other Income Expense": NaN,
        "Other Non Operating Income Expenses": NaN,
        "Special Income Charges": NaN,
        "Other Special Charges": NaN,
        "Restructuring And Mergern Acquisition": NaN,
        "Net Non Operating Interest Income Expense": -687000.0,
        "Total Other Finance Cost": 687000.0,
        "Interest Expense Non Operating": 752000.0,
        "Interest Income Non Operating": 65000.0,
        "Operating Income": -20619000.0,
        "Operating Expense": 20619000.0,
        "Research And Development": 16866000.0,
        "Selling General And Administration": 3753000.0,
        "General And Administrative Expense": 3753000.0,
        "Other Gand A": 3753000.0,
        "Salaries And Wages": 2051000.0,
        "Total Revenue": 0.0,
        "Operating Revenue": 0.0
    },
    "2022-03-31": {
        "Diluted EPS": -0.46,
        "Total Revenue": NaN,
        "Gross Profit": NaN,
        "Operating Income": -18,
        "EBIT": -18,
        "Net Income": -19
    },
    "2021-12-31": {
        "Diluted EPS": -0.47,
        "Total Revenue": NaN,
        "Gross Profit": NaN,
        "Operating Income": -17,
        "EBIT": -17,
        "Net Income": -18
    },
    "2021-09-30": {
        "Diluted EPS": -0.41,
        "Total Revenue": NaN,
        "Gross Profit": NaN,
        "Operating Income": -15,
        "EBIT": -15,
        "Net Income": -16
    },
    "2021-06-30": {
        "Diluted EPS": -0.42,
        "Total Revenue": NaN,
        "Gross Profit": NaN,
        "Operating Income": -15,
        "EBIT": -15,
        "Net Income": -16
    },
    "2021-03-31": {
        "Diluted EPS": -0.4,
        "Total Revenue": NaN,
        "Gross Profit": NaN,
        "Operating Income": -14,
        "EBIT": -14,
        "Net Income": -15
    },
    "2020-12-31": {
        "Diluted EPS": -0.31,
        "Total Revenue": NaN,
        "Gross Profit": NaN,
        "Operating Income": -14,
        "EBIT": -14,
        "Net Income": -15
    },
    "2020-09-30": {
        "Diluted EPS": -0.34,
        "Total Revenue": NaN,
        "Gross Profit": NaN,
        "Operating Income": -12,
        "EBIT": -12,
        "Net Income": -12
    },
    "2020-06-30": {
        "Diluted EPS": -0.48,
        "Total Revenue": NaN,
        "Gross Profit": NaN,
        "Operating Income": -13,
        "EBIT": -13,
        "Net Income": -14
    },
    "2020-03-31": {
        "Diluted EPS": -0.65,
        "Total Revenue": NaN,
        "Gross Profit": NaN,
        "Operating Income": -14,
        "EBIT": -14,
        "Net Income": -15
    },
    "2019-12-31": {
        "Diluted EPS": 0.58,
        "Total Revenue": NaN,
        "Gross Profit": NaN,
        "Operating Income": -15,
        "EBIT": -15,
        "Net Income": -16
    },
    "2019-09-30": {
        "Diluted EPS": -0.75,
        "Total Revenue": NaN,
        "Gross Profit": NaN,
        "Operating Income": -17,
        "EBIT": -17,
        "Net Income": -17
    },
    "2019-06-30": {
        "Diluted EPS": -0.95,
        "Total Revenue": NaN,
        "Gross Profit": NaN,
        "Operating Income": -14,
        "EBIT": -14,
        "Net Income": -14
    },
    "2019-03-31": {
        "Diluted EPS": -2.43,
        "Total Revenue": NaN,
        "Gross Profit": NaN,
        "Operating Income": -11,
        "EBIT": -11,
        "Net Income": -12
    },
    "2018-12-31": {
        "Diluted EPS": -2.05,
        "Total Revenue": NaN,
        "Gross Profit": NaN,
        "Operating Income": -9,
        "EBIT": -9,
        "Net Income": -10
    },
    "2018-09-30": {
        "Diluted EPS": -1.85,
        "Total Revenue": NaN,
        "Gross Profit": NaN,
        "Operating Income": -8,
        "EBIT": -8,
        "Net Income": -9
    },
    "2018-06-30": {
        "Diluted EPS": -2.15,
        "Total Revenue": NaN,
        "Gross Profit": NaN,
        "Operating Income": -9,
        "EBIT": -9,
        "Net Income": -9
    },
    "2018-03-31": {
        "Diluted EPS": -1.92,
        "Total Revenue": NaN,
        "Gross Profit": NaN,
        "Operating Income": -8,
        "EBIT": -7,
        "Net Income": -8
    },
    "2017-12-31": {
        "Diluted EPS": 0.0,
        "Total Revenue": NaN,
        "Gross Profit": NaN,
        "Operating Income": NaN,
        "EBIT": NaN,
        "Net Income": NaN
    },
    "2023-06-30": {
        "Tax Effect Of Unusual Items": 0.0,
        "Tax Rate For Calcs": 0.0,
        "Normalized EBITDA": -3403000.0,
        "Total Unusual Items": NaN,
        "Total Unusual Items Excluding Goodwill": NaN,
        "Net Income From Continuing Operation Net Minority Interest": -3413000.0,
        "Reconciled Depreciation": 10000.0,
        "EBITDA": -3403000.0,
        "EBIT": -3413000.0,
        "Net Interest Income": 132000.0,
        "Interest Expense": 0.0,
        "Interest Income": 132000.0,
        "Normalized Income": -3413000.0,
        "Net Income From Continuing And Discontinued Operation": -3413000.0,
        "Total Expenses": 3543000.0,
        "Total Operating Income As Reported": -3543000.0,
        "Diluted Average Shares": 2947542.0,
        "Basic Average Shares": 2947542.0,
        "Diluted EPS": -1.25,
        "Basic EPS": -1.25,
        "Diluted NI Availto Com Stockholders": -3413000.0,
        "Net Income Common Stockholders": -3413000.0,
        "Net Income": -3413000.0,
        "Net Income Including Noncontrolling Interests": -3413000.0,
        "Net Income Continuous Operations": -3413000.0,
        "Pretax Income": -3413000.0,
        "Other Income Expense": -2000.0,
        "Other Non Operating Income Expenses": -2000.0,
        "Special Income Charges": NaN,
        "Other Special Charges": NaN,
        "Restructuring And Mergern Acquisition": NaN,
        "Net Non Operating Interest Income Expense": 132000.0,
        "Total Other Finance Cost": NaN,
        "Interest Expense Non Operating": 0.0,
        "Interest Income Non Operating": 132000.0,
        "Operating Income": -3543000.0,
        "Operating Expense": 3543000.0,
        "Research And Development": 1224000.0,
        "Selling General And Administration": 2319000.0,
        "General And Administrative Expense": 2319000.0,
        "Other Gand A": 1007000.0,
        "Salaries And Wages": 1312000.0,
        "Total Revenue": 0.0,
        "Operating Revenue": 0.0
    }
}