{
    "2023-03-31": {
        "Tax Effect Of Unusual Items": NaN,
        "Tax Rate For Calcs": NaN,
        "Normalized EBITDA": NaN,
        "Total Unusual Items": NaN,
        "Total Unusual Items Excluding Goodwill": NaN,
        "Net Income From Continuing Operation Net Minority Interest": NaN,
        "Reconciled Depreciation": NaN,
        "Reconciled Cost Of Revenue": NaN,
        "EBITDA": NaN,
        "EBIT": NaN,
        "Net Interest Income": NaN,
        "Interest Expense": NaN,
        "Normalized Income": NaN,
        "Net Income From Continuing And Discontinued Operation": NaN,
        "Total Expenses": NaN,
        "Total Operating Income As Reported": NaN,
        "Diluted Average Shares": NaN,
        "Basic Average Shares": NaN,
        "Diluted EPS": NaN,
        "Basic EPS": NaN,
        "Diluted NI Availto Com Stockholders": NaN,
        "Net Income Common Stockholders": NaN,
        "Net Income": NaN,
        "Minority Interests": NaN,
        "Net Income Including Noncontrolling Interests": NaN,
        "Net Income Continuous Operations": NaN,
        "Tax Provision": NaN,
        "Pretax Income": NaN,
        "Other Income Expense": NaN,
        "Other Non Operating Income Expenses": NaN,
        "Special Income Charges": NaN,
        "Other Special Charges": 2000000.0,
        "Gain On Sale Of Security": NaN,
        "Net Non Operating Interest Income Expense": NaN,
        "Interest Expense Non Operating": NaN,
        "Operating Income": NaN,
        "Operating Expense": NaN,
        "Other Operating Expenses": NaN,
        "Depreciation Amortization Depletion Income Statement": NaN,
        "Depreciation And Amortization In Income Statement": NaN,
        "Amortization": NaN,
        "Amortization Of Intangibles Income Statement": NaN,
        "Research And Development": NaN,
        "Selling General And Administration": NaN,
        "Gross Profit": NaN,
        "Cost Of Revenue": NaN,
        "Total Revenue": NaN,
        "Operating Revenue": NaN
    },
    "2022-12-31": {
        "Tax Effect Of Unusual Items": NaN,
        "Tax Rate For Calcs": NaN,
        "Normalized EBITDA": NaN,
        "Total Unusual Items": NaN,
        "Total Unusual Items Excluding Goodwill": NaN,
        "Net Income From Continuing Operation Net Minority Interest": NaN,
        "Reconciled Depreciation": NaN,
        "Reconciled Cost Of Revenue": NaN,
        "EBITDA": NaN,
        "EBIT": NaN,
        "Net Interest Income": NaN,
        "Interest Expense": NaN,
        "Normalized Income": NaN,
        "Net Income From Continuing And Discontinued Operation": NaN,
        "Total Expenses": NaN,
        "Total Operating Income As Reported": NaN,
        "Diluted Average Shares": NaN,
        "Basic Average Shares": NaN,
        "Diluted EPS": NaN,
        "Basic EPS": NaN,
        "Diluted NI Availto Com Stockholders": NaN,
        "Net Income Common Stockholders": NaN,
        "Net Income": NaN,
        "Minority Interests": NaN,
        "Net Income Including Noncontrolling Interests": NaN,
        "Net Income Continuous Operations": NaN,
        "Tax Provision": NaN,
        "Pretax Income": NaN,
        "Other Income Expense": NaN,
        "Other Non Operating Income Expenses": 2900000.0,
        "Special Income Charges": NaN,
        "Other Special Charges": NaN,
        "Gain On Sale Of Security": NaN,
        "Net Non Operating Interest Income Expense": NaN,
        "Interest Expense Non Operating": NaN,
        "Operating Income": NaN,
        "Operating Expense": NaN,
        "Other Operating Expenses": NaN,
        "Depreciation Amortization Depletion Income Statement": NaN,
        "Depreciation And Amortization In Income Statement": NaN,
        "Amortization": NaN,
        "Amortization Of Intangibles Income Statement": NaN,
        "Research And Development": NaN,
        "Selling General And Administration": NaN,
        "Gross Profit": NaN,
        "Cost Of Revenue": NaN,
        "Total Revenue": NaN,
        "Operating Revenue": NaN
    },
    "2022-09-30": {
        "Tax Effect Of Unusual Items": -1484800.0,
        "Tax Rate For Calcs": 0.256,
        "Normalized EBITDA": 200400000.0,
        "Total Unusual Items": -5800000.0,
        "Total Unusual Items Excluding Goodwill": -5800000.0,
        "Net Income From Continuing Operation Net Minority Interest": 62400000.0,
        "Reconciled Depreciation": 74500000.0,
        "Reconciled Cost Of Revenue": 832500000.0,
        "EBITDA": 194600000.0,
        "EBIT": 120100000.0,
        "Net Interest Income": -35000000.0,
        "Interest Expense": 35000000.0,
        "Normalized Income": 66715200.0,
        "Net Income From Continuing And Discontinued Operation": 62400000.0,
        "Total Expenses": 1115200000.0,
        "Total Operating Income As Reported": 123500000.0,
        "Diluted Average Shares": 221200000.0,
        "Basic Average Shares": 220600000.0,
        "Diluted EPS": 0.28,
        "Basic EPS": 0.28,
        "Diluted NI Availto Com Stockholders": 62400000.0,
        "Net Income Common Stockholders": 62400000.0,
        "Net Income": 62400000.0,
        "Minority Interests": -900000.0,
        "Net Income Including Noncontrolling Interests": 63300000.0,
        "Net Income Continuous Operations": 63300000.0,
        "Tax Provision": 21800000.0,
        "Pretax Income": 85100000.0,
        "Other Income Expense": -3400000.0,
        "Other Non Operating Income Expenses": 2400000.0,
        "Special Income Charges": NaN,
        "Other Special Charges": NaN,
        "Gain On Sale Of Security": -5800000.0,
        "Net Non Operating Interest Income Expense": -35000000.0,
        "Interest Expense Non Operating": 35000000.0,
        "Operating Income": 123500000.0,
        "Operating Expense": 238600000.0,
        "Other Operating Expenses": 5300000.0,
        "Depreciation Amortization Depletion Income Statement": 30400000.0,
        "Depreciation And Amortization In Income Statement": 30400000.0,
        "Amortization": 30400000.0,
        "Amortization Of Intangibles Income Statement": 30400000.0,
        "Research And Development": 16500000.0,
        "Selling General And Administration": 186400000.0,
        "Gross Profit": 362100000.0,
        "Cost Of Revenue": 876600000.0,
        "Total Revenue": 1238700000.0,
        "Operating Revenue": 1238700000.0
    },
    "2022-06-30": {
        "Tax Effect Of Unusual Items": -1465100.0,
        "Tax Rate For Calcs": 0.299,
        "Normalized EBITDA": 178600000.0,
        "Total Unusual Items": -4900000.0,
        "Total Unusual Items Excluding Goodwill": -4900000.0,
        "Net Income From Continuing Operation Net Minority Interest": 44100000.0,
        "Reconciled Depreciation": 77300000.0,
        "Reconciled Cost Of Revenue": 840800000.0,
        "EBITDA": 173700000.0,
        "EBIT": 96400000.0,
        "Net Interest Income": -33500000.0,
        "Interest Expense": 33500000.0,
        "Normalized Income": 47534900.0,
        "Net Income From Continuing And Discontinued Operation": 44100000.0,
        "Total Expenses": 1131300000.0,
        "Total Operating Income As Reported": 103600000.0,
        "Diluted Average Shares": 221400000.0,
        "Basic Average Shares": 221000000.0,
        "Diluted EPS": 0.2,
        "Basic EPS": 0.2,
        "Diluted NI Availto Com Stockholders": 44100000.0,
        "Net Income Common Stockholders": 44100000.0,
        "Net Income": 44100000.0,
        "Minority Interests": 0.0,
        "Net Income Including Noncontrolling Interests": 44100000.0,
        "Net Income Continuous Operations": 44100000.0,
        "Tax Provision": 18800000.0,
        "Pretax Income": 62900000.0,
        "Other Income Expense": -7200000.0,
        "Other Non Operating Income Expenses": -2300000.0,
        "Special Income Charges": NaN,
        "Other Special Charges": NaN,
        "Gain On Sale Of Security": -4900000.0,
        "Net Non Operating Interest Income Expense": -33500000.0,
        "Interest Expense Non Operating": 33500000.0,
        "Operating Income": 103600000.0,
        "Operating Expense": 244900000.0,
        "Other Operating Expenses": 4800000.0,
        "Depreciation Amortization Depletion Income Statement": 31700000.0,
        "Depreciation And Amortization In Income Statement": 31700000.0,
        "Amortization": 31700000.0,
        "Amortization Of Intangibles Income Statement": 31700000.0,
        "Research And Development": 16700000.0,
        "Selling General And Administration": 191700000.0,
        "Gross Profit": 348500000.0,
        "Cost Of Revenue": 886400000.0,
        "Total Revenue": 1234900000.0,
        "Operating Revenue": 1234900000.0
    },
    "2023-06-30": {
        "Tax Effect Of Unusual Items": NaN,
        "Tax Rate For Calcs": NaN,
        "Normalized EBITDA": NaN,
        "Total Unusual Items": NaN,
        "Total Unusual Items Excluding Goodwill": NaN,
        "Net Income From Continuing Operation Net Minority Interest": NaN,
        "Reconciled Depreciation": NaN,
        "Reconciled Cost Of Revenue": NaN,
        "EBITDA": NaN,
        "EBIT": NaN,
        "Net Interest Income": NaN,
        "Interest Expense": NaN,
        "Normalized Income": NaN,
        "Net Income From Continuing And Discontinued Operation": NaN,
        "Total Expenses": NaN,
        "Total Operating Income As Reported": NaN,
        "Diluted Average Shares": NaN,
        "Basic Average Shares": NaN,
        "Diluted EPS": NaN,
        "Basic EPS": NaN,
        "Diluted NI Availto Com Stockholders": NaN,
        "Net Income Common Stockholders": NaN,
        "Net Income": NaN,
        "Minority Interests": NaN,
        "Net Income Including Noncontrolling Interests": NaN,
        "Net Income Continuous Operations": NaN,
        "Tax Provision": NaN,
        "Pretax Income": NaN,
        "Other Income Expense": NaN,
        "Other Non Operating Income Expenses": 2000000.0,
        "Special Income Charges": NaN,
        "Other Special Charges": 1000000.0,
        "Gain On Sale Of Security": -10000000.0,
        "Net Non Operating Interest Income Expense": NaN,
        "Interest Expense Non Operating": NaN,
        "Operating Income": NaN,
        "Operating Expense": NaN,
        "Other Operating Expenses": NaN,
        "Depreciation Amortization Depletion Income Statement": NaN,
        "Depreciation And Amortization In Income Statement": NaN,
        "Amortization": NaN,
        "Amortization Of Intangibles Income Statement": NaN,
        "Research And Development": NaN,
        "Selling General And Administration": NaN,
        "Gross Profit": NaN,
        "Cost Of Revenue": NaN,
        "Total Revenue": NaN,
        "Operating Revenue": NaN
    },
    "2022-03-31": {
        "Diluted EPS": 0.18,
        "Total Revenue": NaN,
        "Gross Profit": 337,
        "Operating Income": 86,
        "EBIT": 166,
        "Net Income": 42
    },
    "2021-12-31": {
        "Diluted EPS": 0.24,
        "Total Revenue": NaN,
        "Gross Profit": 333,
        "Operating Income": 95,
        "EBIT": 179,
        "Net Income": 53
    },
    "2021-09-30": {
        "Diluted EPS": 0.3,
        "Total Revenue": NaN,
        "Gross Profit": 343,
        "Operating Income": 125,
        "EBIT": 207,
        "Net Income": 69
    },
    "2021-06-30": {
        "Diluted EPS": 0.54,
        "Total Revenue": NaN,
        "Gross Profit": 374,
        "Operating Income": 190,
        "EBIT": 271,
        "Net Income": 126
    },
    "2021-03-31": {
        "Diluted EPS": 0.06,
        "Total Revenue": NaN,
        "Gross Profit": 379,
        "Operating Income": 53,
        "EBIT": 131,
        "Net Income": 15
    },
    "2020-12-31": {
        "Diluted EPS": 0.3,
        "Total Revenue": NaN,
        "Gross Profit": 397,
        "Operating Income": 163,
        "EBIT": 242,
        "Net Income": 70
    },
    "2020-09-30": {
        "Diluted EPS": 0.35,
        "Total Revenue": NaN,
        "Gross Profit": 393,
        "Operating Income": 142,
        "EBIT": 225,
        "Net Income": 83
    },
    "2020-06-30": {
        "Diluted EPS": -0.35,
        "Total Revenue": 653,
        "Gross Profit": 154,
        "Operating Income": -65,
        "EBIT": 14,
        "Net Income": -83
    },
    "2020-03-31": {
        "Diluted EPS": 0.22,
        "Total Revenue": 984,
        "Gross Profit": 337,
        "Operating Income": 65,
        "EBIT": 154,
        "Net Income": 52
    },
    "2019-12-31": {
        "Diluted EPS": 0.18,
        "Total Revenue": NaN,
        "Gross Profit": 388,
        "Operating Income": 109,
        "EBIT": 197,
        "Net Income": 42
    },
    "2019-09-30": {
        "Diluted EPS": 0.28,
        "Total Revenue": NaN,
        "Gross Profit": 400,
        "Operating Income": 123,
        "EBIT": 212,
        "Net Income": 66
    },
    "2019-06-30": {
        "Diluted EPS": 0.42,
        "Total Revenue": NaN,
        "Gross Profit": 409,
        "Operating Income": 158,
        "EBIT": 249,
        "Net Income": 98
    },
    "2019-03-31": {
        "Diluted EPS": 0.18,
        "Total Revenue": NaN,
        "Gross Profit": 368,
        "Operating Income": 99,
        "EBIT": 192,
        "Net Income": 43
    },
    "2018-12-31": {
        "Diluted EPS": 0.31,
        "Total Revenue": NaN,
        "Gross Profit": 388,
        "Operating Income": 128,
        "EBIT": 224,
        "Net Income": 75
    },
    "2018-09-30": {
        "Diluted EPS": -0.05,
        "Total Revenue": NaN,
        "Gross Profit": 387,
        "Operating Income": 48,
        "EBIT": 143,
        "Net Income": -13
    },
    "2018-06-30": {
        "Diluted EPS": 0.31,
        "Total Revenue": NaN,
        "Gross Profit": 418,
        "Operating Income": 147,
        "EBIT": 239,
        "Net Income": 75
    },
    "2018-03-31": {
        "Diluted EPS": 0.28,
        "Total Revenue": NaN,
        "Gross Profit": 396,
        "Operating Income": 120,
        "EBIT": 214,
        "Net Income": 70
    },
    "2017-12-31": {
        "Diluted EPS": -0.24,
        "Total Revenue": NaN,
        "Gross Profit": 426,
        "Operating Income": 102,
        "EBIT": 195,
        "Net Income": -62
    },
    "2017-09-30": {
        "Diluted EPS": 0.22,
        "Total Revenue": NaN,
        "Gross Profit": 394,
        "Operating Income": 104,
        "EBIT": 194,
        "Net Income": 55
    },
    "2017-06-30": {
        "Diluted EPS": -0.09,
        "Total Revenue": NaN,
        "Gross Profit": 405,
        "Operating Income": 48,
        "EBIT": 135,
        "Net Income": -21
    },
    "2017-03-31": {
        "Diluted EPS": 0.26,
        "Total Revenue": NaN,
        "Gross Profit": 372,
        "Operating Income": 110,
        "EBIT": 195,
        "Net Income": 64
    },
    "2016-12-31": {
        "Diluted EPS": -0.15,
        "Total Revenue": NaN,
        "Gross Profit": 391,
        "Operating Income": 35,
        "EBIT": 124,
        "Net Income": -36
    },
    "2016-09-30": {
        "Diluted EPS": -0.03,
        "Total Revenue": NaN,
        "Gross Profit": 396,
        "Operating Income": 117,
        "EBIT": 203,
        "Net Income": -7
    },
    "2016-06-30": {
        "Diluted EPS": 0.21,
        "Total Revenue": NaN,
        "Gross Profit": 422,
        "Operating Income": 150,
        "EBIT": 233,
        "Net Income": 51
    },
    "2016-03-31": {
        "Diluted EPS": 0.13,
        "Total Revenue": 962,
        "Gross Profit": 355,
        "Operating Income": 103,
        "EBIT": 184,
        "Net Income": 31
    },
    "2015-12-31": {
        "Diluted EPS": 0.15,
        "Total Revenue": NaN,
        "Gross Profit": 367,
        "Operating Income": 97,
        "EBIT": 184,
        "Net Income": 37
    },
    "2015-09-30": {
        "Diluted EPS": 0.15,
        "Total Revenue": NaN,
        "Gross Profit": 377,
        "Operating Income": 124,
        "EBIT": 205,
        "Net Income": 35
    },
    "2015-06-30": {
        "Diluted EPS": -0.11,
        "Total Revenue": NaN,
        "Gross Profit": 421,
        "Operating Income": 143,
        "EBIT": 226,
        "Net Income": -25
    },
    "2015-03-31": {
        "Diluted EPS": 0.19,
        "Total Revenue": 998,
        "Gross Profit": 348,
        "Operating Income": 102,
        "EBIT": 179,
        "Net Income": 45
    },
    "2014-12-31": {
        "Diluted EPS": 0.0,
        "Total Revenue": NaN,
        "Gross Profit": 364,
        "Operating Income": 86,
        "EBIT": 171,
        "Net Income": -2
    },
    "2014-09-30": {
        "Diluted EPS": -0.09,
        "Total Revenue": NaN,
        "Gross Profit": 388,
        "Operating Income": 104,
        "EBIT": 186,
        "Net Income": -20
    },
    "2014-06-30": {
        "Diluted EPS": 0.23,
        "Total Revenue": NaN,
        "Gross Profit": 392,
        "Operating Income": 108,
        "EBIT": 185,
        "Net Income": 54
    },
    "2014-03-31": {
        "Diluted EPS": -0.02,
        "Total Revenue": NaN,
        "Gross Profit": 351,
        "Operating Income": 72,
        "EBIT": 158,
        "Net Income": -4
    },
    "2013-12-31": {
        "Diluted EPS": 0.0,
        "Total Revenue": NaN,
        "Gross Profit": NaN,
        "Operating Income": NaN,
        "EBIT": NaN,
        "Net Income": NaN
    },
    "2013-09-30": {
        "Diluted EPS": 0.02,
        "Total Revenue": NaN,
        "Gross Profit": 344,
        "Operating Income": 34,
        "EBIT": 34,
        "Net Income": 5
    },
    "2012-12-31": {
        "Diluted EPS": 0.0,
        "Total Revenue": NaN,
        "Gross Profit": NaN,
        "Operating Income": NaN,
        "EBIT": NaN,
        "Net Income": NaN
    },
    "2011-12-31": {
        "Diluted EPS": 0.0,
        "Total Revenue": NaN,
        "Gross Profit": NaN,
        "Operating Income": NaN,
        "EBIT": NaN,
        "Net Income": NaN
    },
    "2023-09-30": {
        "Tax Effect Of Unusual Items": -3146000.0,
        "Tax Rate For Calcs": 0.286,
        "Normalized EBITDA": 240000000.0,
        "Total Unusual Items": -11000000.0,
        "Total Unusual Items Excluding Goodwill": -11000000.0,
        "Net Income From Continuing Operation Net Minority Interest": 72000000.0,
        "Reconciled Depreciation": 71000000.0,
        "Reconciled Cost Of Revenue": 835000000.0,
        "EBITDA": 229000000.0,
        "EBIT": 158000000.0,
        "Net Interest Income": -55000000.0,
        "Interest Expense": 55000000.0,
        "Normalized Income": 79854000.0,
        "Net Income From Continuing And Discontinued Operation": 72000000.0,
        "Total Expenses": 1146000000.0,
        "Total Operating Income As Reported": 163000000.0,
        "Diluted Average Shares": 221900000.0,
        "Basic Average Shares": 221000000.0,
        "Diluted EPS": 0.33,
        "Basic EPS": 0.33,
        "Diluted NI Availto Com Stockholders": 72000000.0,
        "Net Income Common Stockholders": 72000000.0,
        "Net Income": 72000000.0,
        "Minority Interests": -1000000.0,
        "Net Income Including Noncontrolling Interests": 73000000.0,
        "Net Income Continuous Operations": 73000000.0,
        "Tax Provision": 30000000.0,
        "Pretax Income": 103000000.0,
        "Other Income Expense": -5000000.0,
        "Other Non Operating Income Expenses": 6000000.0,
        "Special Income Charges": -4000000.0,
        "Other Special Charges": 4000000.0,
        "Gain On Sale Of Security": -7000000.0,
        "Net Non Operating Interest Income Expense": -55000000.0,
        "Interest Expense Non Operating": 55000000.0,
        "Operating Income": 163000000.0,
        "Operating Expense": 260000000.0,
        "Other Operating Expenses": 13000000.0,
        "Depreciation Amortization Depletion Income Statement": 20000000.0,
        "Depreciation And Amortization In Income Statement": 20000000.0,
        "Amortization": 20000000.0,
        "Amortization Of Intangibles Income Statement": 20000000.0,
        "Research And Development": 18000000.0,
        "Selling General And Administration": 209000000.0,
        "Gross Profit": 423000000.0,
        "Cost Of Revenue": 886000000.0,
        "Total Revenue": 1309000000.0,
        "Operating Revenue": 1309000000.0
    },
    "2023-12-31": {
        "Tax Effect Of Unusual Items": -1939096.267191,
        "Tax Rate For Calcs": 0.277014,
        "Normalized EBITDA": 232900000.0,
        "Total Unusual Items": -7000000.0,
        "Total Unusual Items Excluding Goodwill": -7000000.0,
        "Net Income From Continuing Operation Net Minority Interest": 73100000.0,
        "Reconciled Depreciation": 68700000.0,
        "Reconciled Cost Of Revenue": 827200000.0,
        "EBITDA": 225900000.0,
        "EBIT": 157200000.0,
        "Net Interest Income": -55400000.0,
        "Interest Expense": 55400000.0,
        "Normalized Income": 78160903.732809,
        "Net Income From Continuing And Discontinued Operation": 73100000.0,
        "Total Expenses": 1136100000.0,
        "Total Operating Income As Reported": 161200000.0,
        "Diluted Average Shares": 220900000.0,
        "Basic Average Shares": 220100000.0,
        "Diluted EPS": 0.33,
        "Basic EPS": 0.33,
        "Diluted NI Availto Com Stockholders": 73100000.0,
        "Net Income Common Stockholders": 73100000.0,
        "Net Income": 73100000.0,
        "Minority Interests": -500000.0,
        "Net Income Including Noncontrolling Interests": 73600000.0,
        "Net Income Continuous Operations": 73600000.0,
        "Tax Provision": 28200000.0,
        "Pretax Income": 101800000.0,
        "Other Income Expense": -4000000.0,
        "Other Non Operating Income Expenses": 3000000.0,
        "Special Income Charges": -2900000.0,
        "Other Special Charges": 2900000.0,
        "Gain On Sale Of Security": -4100000.0,
        "Net Non Operating Interest Income Expense": -55400000.0,
        "Interest Expense Non Operating": 55400000.0,
        "Operating Income": 161200000.0,
        "Operating Expense": 262300000.0,
        "Other Operating Expenses": 7500000.0,
        "Depreciation Amortization Depletion Income Statement": 22100000.0,
        "Depreciation And Amortization In Income Statement": 22100000.0,
        "Amortization": 22100000.0,
        "Amortization Of Intangibles Income Statement": 22100000.0,
        "Research And Development": 17800000.0,
        "Selling General And Administration": 214900000.0,
        "Gross Profit": 423500000.0,
        "Cost Of Revenue": 873800000.0,
        "Total Revenue": 1297300000.0,
        "Operating Revenue": 1297300000.0
    },
    "2024-03-31": {
        "Tax Effect Of Unusual Items": -2712000.0,
        "Tax Rate For Calcs": 0.339,
        "Normalized EBITDA": 189000000.0,
        "Total Unusual Items": -8000000.0,
        "Total Unusual Items Excluding Goodwill": -8000000.0,
        "Net Income From Continuing Operation Net Minority Interest": 41000000.0,
        "Reconciled Depreciation": 68000000.0,
        "Reconciled Cost Of Revenue": 819000000.0,
        "EBITDA": 181000000.0,
        "EBIT": 113000000.0,
        "Net Interest Income": -54000000.0,
        "Interest Expense": 54000000.0,
        "Normalized Income": 46288000.0,
        "Net Income From Continuing And Discontinued Operation": 41000000.0,
        "Total Expenses": 1173000000.0,
        "Total Operating Income As Reported": 121000000.0,
        "Diluted Average Shares": 221300000.0,
        "Basic Average Shares": 220300000.0,
        "Diluted EPS": 0.18,
        "Basic EPS": 0.18,
        "Diluted NI Availto Com Stockholders": 41000000.0,
        "Net Income Common Stockholders": 41000000.0,
        "Net Income": 41000000.0,
        "Minority Interests": 2000000.0,
        "Net Income Including Noncontrolling Interests": 39000000.0,
        "Net Income Continuous Operations": 39000000.0,
        "Tax Provision": 20000000.0,
        "Pretax Income": 59000000.0,
        "Other Income Expense": -8000000.0,
        "Other Non Operating Income Expenses": NaN,
        "Special Income Charges": -3000000.0,
        "Other Special Charges": 3000000.0,
        "Gain On Sale Of Security": -5000000.0,
        "Net Non Operating Interest Income Expense": -54000000.0,
        "Interest Expense Non Operating": 54000000.0,
        "Operating Income": 121000000.0,
        "Operating Expense": 308000000.0,
        "Other Operating Expenses": 61000000.0,
        "Depreciation Amortization Depletion Income Statement": 22000000.0,
        "Depreciation And Amortization In Income Statement": 22000000.0,
        "Amortization": 22000000.0,
        "Amortization Of Intangibles Income Statement": 22000000.0,
        "Research And Development": 18000000.0,
        "Selling General And Administration": 207000000.0,
        "Gross Profit": 429000000.0,
        "Cost Of Revenue": 865000000.0,
        "Total Revenue": 1294000000.0,
        "Operating Revenue": 1294000000.0
    },
    "2024-06-30": {
        "Tax Effect Of Unusual Items": -819000.0,
        "Tax Rate For Calcs": 0.273,
        "Normalized EBITDA": 277000000.0,
        "Total Unusual Items": -3000000.0,
        "Total Unusual Items Excluding Goodwill": -3000000.0,
        "Net Income From Continuing Operation Net Minority Interest": 112000000.0,
        "Reconciled Depreciation": 68000000.0,
        "Reconciled Cost Of Revenue": 845000000.0,
        "EBITDA": 274000000.0,
        "EBIT": 206000000.0,
        "Net Interest Income": -50000000.0,
        "Interest Expense": 50000000.0,
        "Normalized Income": 114181000.0,
        "Net Income From Continuing And Discontinued Operation": 112000000.0,
        "Total Expenses": 1146000000.0,
        "Total Operating Income As Reported": 205000000.0,
        "Diluted Average Shares": 220900000.0,
        "Basic Average Shares": 219900000.0,
        "Diluted EPS": 0.51,
        "Basic EPS": 0.51,
        "Diluted NI Availto Com Stockholders": 112000000.0,
        "Net Income Common Stockholders": 112000000.0,
        "Net Income": 112000000.0,
        "Minority Interests": -1000000.0,
        "Net Income Including Noncontrolling Interests": 113000000.0,
        "Net Income Continuous Operations": 113000000.0,
        "Tax Provision": 43000000.0,
        "Pretax Income": 156000000.0,
        "Other Income Expense": 1000000.0,
        "Other Non Operating Income Expenses": 4000000.0,
        "Special Income Charges": 0.0,
        "Other Special Charges": NaN,
        "Gain On Sale Of Security": -3000000.0,
        "Net Non Operating Interest Income Expense": -50000000.0,
        "Interest Expense Non Operating": 50000000.0,
        "Operating Income": 205000000.0,
        "Operating Expense": 255000000.0,
        "Other Operating Expenses": 2000000.0,
        "Depreciation Amortization Depletion Income Statement": 22000000.0,
        "Depreciation And Amortization In Income Statement": 22000000.0,
        "Amortization": 22000000.0,
        "Amortization Of Intangibles Income Statement": 22000000.0,
        "Research And Development": 18000000.0,
        "Selling General And Administration": 213000000.0,
        "Gross Profit": 460000000.0,
        "Cost Of Revenue": 891000000.0,
        "Total Revenue": 1351000000.0,
        "Operating Revenue": 1351000000.0
    },
    "2024-09-30": {
        "Tax Effect Of Unusual Items": 0.0,
        "Tax Rate For Calcs": 0.286,
        "Normalized EBITDA": 267000000.0,
        "Total Unusual Items": 0.0,
        "Total Unusual Items Excluding Goodwill": 0.0,
        "Net Income From Continuing Operation Net Minority Interest": 101000000.0,
        "Reconciled Depreciation": 71000000.0,
        "Reconciled Cost Of Revenue": 811000000.0,
        "EBITDA": 267000000.0,
        "EBIT": 196000000.0,
        "Net Interest Income": -54000000.0,
        "Interest Expense": 54000000.0,
        "Normalized Income": 101000000.0,
        "Net Income From Continuing And Discontinued Operation": 101000000.0,
        "Total Expenses": 1127000000.0,
        "Total Operating Income As Reported": 193000000.0,
        "Diluted Average Shares": 219900000.0,
        "Basic Average Shares": 218900000.0,
        "Diluted EPS": 0.46,
        "Basic EPS": 0.46,
        "Diluted NI Availto Com Stockholders": 101000000.0,
        "Net Income Common Stockholders": 101000000.0,
        "Net Income": 101000000.0,
        "Minority Interests": -1000000.0,
        "Net Income Including Noncontrolling Interests": 102000000.0,
        "Net Income Continuous Operations": 102000000.0,
        "Tax Provision": 40000000.0,
        "Pretax Income": 142000000.0,
        "Other Income Expense": 3000000.0,
        "Other Non Operating Income Expenses": 3000000.0,
        "Special Income Charges": 0.0,
        "Other Special Charges": NaN,
        "Gain On Sale Of Security": NaN,
        "Net Non Operating Interest Income Expense": -54000000.0,
        "Interest Expense Non Operating": 54000000.0,
        "Operating Income": 193000000.0,
        "Operating Expense": 269000000.0,
        "Other Operating Expenses": 15000000.0,
        "Depreciation Amortization Depletion Income Statement": 24000000.0,
        "Depreciation And Amortization In Income Statement": 24000000.0,
        "Amortization": 24000000.0,
        "Amortization Of Intangibles Income Statement": 24000000.0,
        "Research And Development": 19000000.0,
        "Selling General And Administration": 211000000.0,
        "Gross Profit": 462000000.0,
        "Cost Of Revenue": 858000000.0,
        "Total Revenue": 1320000000.0,
        "Operating Revenue": 1320000000.0
    }
}