{
    "2023-05-31": {
        "Tax Effect Of Unusual Items": NaN,
        "Tax Rate For Calcs": NaN,
        "Normalized EBITDA": NaN,
        "Net Income From Continuing Operation Net Minority Interest": NaN,
        "Reconciled Depreciation": NaN,
        "Reconciled Cost Of Revenue": NaN,
        "EBITDA": NaN,
        "EBIT": NaN,
        "Net Interest Income": NaN,
        "Interest Expense": NaN,
        "Normalized Income": NaN,
        "Net Income From Continuing And Discontinued Operation": NaN,
        "Total Expenses": NaN,
        "Total Operating Income As Reported": NaN,
        "Diluted Average Shares": NaN,
        "Basic Average Shares": NaN,
        "Diluted EPS": NaN,
        "Basic EPS": NaN,
        "Diluted NI Availto Com Stockholders": NaN,
        "Net Income Common Stockholders": NaN,
        "Net Income": NaN,
        "Net Income Including Noncontrolling Interests": NaN,
        "Net Income Continuous Operations": NaN,
        "Tax Provision": NaN,
        "Pretax Income": NaN,
        "Net Non Operating Interest Income Expense": NaN,
        "Interest Expense Non Operating": NaN,
        "Operating Income": NaN,
        "Operating Expense": NaN,
        "Other Operating Expenses": 1287645000.0,
        "Gross Profit": NaN,
        "Cost Of Revenue": NaN,
        "Total Revenue": NaN,
        "Operating Revenue": NaN
    },
    "2023-04-30": {
        "Tax Effect Of Unusual Items": NaN,
        "Tax Rate For Calcs": NaN,
        "Normalized EBITDA": NaN,
        "Net Income From Continuing Operation Net Minority Interest": NaN,
        "Reconciled Depreciation": NaN,
        "Reconciled Cost Of Revenue": NaN,
        "EBITDA": NaN,
        "EBIT": NaN,
        "Net Interest Income": NaN,
        "Interest Expense": NaN,
        "Normalized Income": NaN,
        "Net Income From Continuing And Discontinued Operation": NaN,
        "Total Expenses": NaN,
        "Total Operating Income As Reported": NaN,
        "Diluted Average Shares": NaN,
        "Basic Average Shares": NaN,
        "Diluted EPS": NaN,
        "Basic EPS": NaN,
        "Diluted NI Availto Com Stockholders": NaN,
        "Net Income Common Stockholders": NaN,
        "Net Income": NaN,
        "Net Income Including Noncontrolling Interests": NaN,
        "Net Income Continuous Operations": NaN,
        "Tax Provision": NaN,
        "Pretax Income": NaN,
        "Net Non Operating Interest Income Expense": NaN,
        "Interest Expense Non Operating": NaN,
        "Operating Income": NaN,
        "Operating Expense": NaN,
        "Other Operating Expenses": 1287645000.0,
        "Selling General And Administration": 1287645000.0,
        "Gross Profit": NaN,
        "Cost Of Revenue": NaN,
        "Total Revenue": NaN,
        "Operating Revenue": NaN
    },
    "2023-02-28": {
        "Tax Effect Of Unusual Items": NaN,
        "Tax Rate For Calcs": NaN,
        "Normalized EBITDA": NaN,
        "Net Income From Continuing Operation Net Minority Interest": NaN,
        "Reconciled Depreciation": NaN,
        "Reconciled Cost Of Revenue": NaN,
        "EBITDA": NaN,
        "EBIT": NaN,
        "Net Interest Income": NaN,
        "Interest Expense": NaN,
        "Normalized Income": NaN,
        "Net Income From Continuing And Discontinued Operation": NaN,
        "Total Expenses": NaN,
        "Total Operating Income As Reported": NaN,
        "Diluted Average Shares": NaN,
        "Basic Average Shares": NaN,
        "Diluted EPS": NaN,
        "Basic EPS": NaN,
        "Diluted NI Availto Com Stockholders": NaN,
        "Net Income Common Stockholders": NaN,
        "Net Income": NaN,
        "Net Income Including Noncontrolling Interests": NaN,
        "Net Income Continuous Operations": NaN,
        "Tax Provision": NaN,
        "Pretax Income": NaN,
        "Net Non Operating Interest Income Expense": NaN,
        "Interest Expense Non Operating": NaN,
        "Operating Income": NaN,
        "Operating Expense": NaN,
        "Other Operating Expenses": NaN,
        "Selling General And Administration": 1260026000.0,
        "Gross Profit": NaN,
        "Cost Of Revenue": NaN,
        "Total Revenue": NaN,
        "Operating Revenue": NaN
    },
    "2022-11-30": {
        "Tax Effect Of Unusual Items": NaN,
        "Tax Rate For Calcs": NaN,
        "Normalized EBITDA": NaN,
        "Net Income From Continuing Operation Net Minority Interest": NaN,
        "Reconciled Depreciation": NaN,
        "Reconciled Cost Of Revenue": NaN,
        "EBITDA": NaN,
        "EBIT": NaN,
        "Net Interest Income": NaN,
        "Interest Expense": NaN,
        "Normalized Income": NaN,
        "Net Income From Continuing And Discontinued Operation": NaN,
        "Total Expenses": NaN,
        "Total Operating Income As Reported": NaN,
        "Diluted Average Shares": NaN,
        "Basic Average Shares": NaN,
        "Diluted EPS": NaN,
        "Basic EPS": NaN,
        "Diluted NI Availto Com Stockholders": NaN,
        "Net Income Common Stockholders": NaN,
        "Net Income": NaN,
        "Net Income Including Noncontrolling Interests": NaN,
        "Net Income Continuous Operations": NaN,
        "Tax Provision": NaN,
        "Pretax Income": NaN,
        "Net Non Operating Interest Income Expense": NaN,
        "Interest Expense Non Operating": NaN,
        "Operating Income": NaN,
        "Operating Expense": NaN,
        "Other Operating Expenses": NaN,
        "Selling General And Administration": 1271589000.0,
        "Gross Profit": NaN,
        "Cost Of Revenue": NaN,
        "Total Revenue": NaN,
        "Operating Revenue": NaN
    },
    "2022-08-31": {
        "Tax Effect Of Unusual Items": NaN,
        "Tax Rate For Calcs": NaN,
        "Normalized EBITDA": NaN,
        "Net Income From Continuing Operation Net Minority Interest": NaN,
        "Reconciled Depreciation": NaN,
        "Reconciled Cost Of Revenue": NaN,
        "EBITDA": NaN,
        "EBIT": NaN,
        "Net Interest Income": NaN,
        "Interest Expense": NaN,
        "Normalized Income": NaN,
        "Net Income From Continuing And Discontinued Operation": NaN,
        "Total Expenses": NaN,
        "Total Operating Income As Reported": NaN,
        "Diluted Average Shares": NaN,
        "Basic Average Shares": NaN,
        "Diluted EPS": NaN,
        "Basic EPS": NaN,
        "Diluted NI Availto Com Stockholders": NaN,
        "Net Income Common Stockholders": NaN,
        "Net Income": NaN,
        "Net Income Including Noncontrolling Interests": NaN,
        "Net Income Continuous Operations": NaN,
        "Tax Provision": NaN,
        "Pretax Income": NaN,
        "Net Non Operating Interest Income Expense": NaN,
        "Interest Expense Non Operating": NaN,
        "Operating Income": NaN,
        "Operating Expense": NaN,
        "Other Operating Expenses": NaN,
        "Selling General And Administration": 1652036000.0,
        "Gross Profit": NaN,
        "Cost Of Revenue": NaN,
        "Total Revenue": NaN,
        "Operating Revenue": NaN
    },
    "2022-05-31": {
        "Tax Effect Of Unusual Items": 0.0,
        "Tax Rate For Calcs": 0.205,
        "Normalized EBITDA": 785670000.0,
        "Net Income From Continuing Operation Net Minority Interest": 592571000.0,
        "Reconciled Depreciation": 102083000.0,
        "Reconciled Cost Of Revenue": 1858808000.0,
        "EBIT": 785670000.0,
        "Net Interest Income": -41888000.0,
        "Interest Expense": 41888000.0,
        "Normalized Income": 592571000.0,
        "Net Income From Continuing And Discontinued Operation": 592571000.0,
        "Total Expenses": 3079552000.0,
        "Total Operating Income As Reported": 785670000.0,
        "Diluted Average Shares": 20414000.0,
        "Basic Average Shares": 19798000.0,
        "Diluted EPS": 29.03,
        "Basic EPS": 29.93,
        "Diluted NI Availto Com Stockholders": 592571000.0,
        "Net Income Common Stockholders": 592571000.0,
        "Net Income": 592571000.0,
        "Net Income Including Noncontrolling Interests": 592571000.0,
        "Net Income Continuous Operations": 592571000.0,
        "Tax Provision": 151211000.0,
        "Pretax Income": 743782000.0,
        "Net Non Operating Interest Income Expense": -41888000.0,
        "Interest Expense Non Operating": 41888000.0,
        "Operating Income": 785670000.0,
        "Operating Expense": 1220744000.0,
        "Other Operating Expenses": NaN,
        "Selling General And Administration": 1220744000.0,
        "Gross Profit": 2006414000.0,
        "Cost Of Revenue": 1858808000.0,
        "Total Revenue": 3865222000.0,
        "Operating Revenue": 3865222000.0
    },
    "2022-02-28": {
        "Diluted EPS": 22.3,
        "Total Revenue": NaN,
        "Gross Profit": NaN,
        "Operating Income": 627,
        "EBIT": 729,
        "Net Income": 472
    },
    "2021-11-30": {
        "Diluted EPS": 25.69,
        "Total Revenue": NaN,
        "Gross Profit": NaN,
        "Operating Income": 754,
        "EBIT": 857,
        "Net Income": 555
    },
    "2021-08-31": {
        "Diluted EPS": 35.17,
        "Total Revenue": NaN,
        "Gross Profit": NaN,
        "Operating Income": NaN,
        "EBIT": NaN,
        "Net Income": 786
    },
    "2021-05-31": {
        "Diluted EPS": 26.48,
        "Total Revenue": NaN,
        "Gross Profit": NaN,
        "Operating Income": 804,
        "EBIT": 900,
        "Net Income": 596
    },
    "2021-02-28": {
        "Diluted EPS": 14.93,
        "Total Revenue": NaN,
        "Gross Profit": NaN,
        "Operating Income": 482,
        "EBIT": 579,
        "Net Income": 346
    },
    "2020-11-30": {
        "Diluted EPS": 18.61,
        "Total Revenue": NaN,
        "Gross Profit": NaN,
        "Operating Income": 615,
        "EBIT": 708,
        "Net Income": 442
    },
    "2020-08-31": {
        "Diluted EPS": 30.85,
        "Total Revenue": NaN,
        "Gross Profit": NaN,
        "Operating Income": NaN,
        "EBIT": NaN,
        "Net Income": 740
    },
    "2020-05-31": {
        "Diluted EPS": 14.39,
        "Total Revenue": NaN,
        "Gross Profit": NaN,
        "Operating Income": 492,
        "EBIT": 586,
        "Net Income": 343
    },
    "2020-02-29": {
        "Diluted EPS": 12.39,
        "Total Revenue": NaN,
        "Gross Profit": NaN,
        "Operating Income": 408,
        "EBIT": 501,
        "Net Income": 299
    },
    "2019-11-30": {
        "Diluted EPS": 14.3,
        "Total Revenue": NaN,
        "Gross Profit": NaN,
        "Operating Income": 500,
        "EBIT": 592,
        "Net Income": 350
    },
    "2019-08-31": {
        "Diluted EPS": 22.48,
        "Total Revenue": NaN,
        "Gross Profit": NaN,
        "Operating Income": 781,
        "EBIT": 902,
        "Net Income": 565
    },
    "2019-05-31": {
        "Diluted EPS": 15.99,
        "Total Revenue": NaN,
        "Gross Profit": NaN,
        "Operating Income": 548,
        "EBIT": 634,
        "Net Income": 406
    },
    "2019-02-28": {
        "Diluted EPS": 11.49,
        "Total Revenue": NaN,
        "Gross Profit": NaN,
        "Operating Income": 400,
        "EBIT": 486,
        "Net Income": 295
    },
    "2018-11-30": {
        "Diluted EPS": 13.47,
        "Total Revenue": NaN,
        "Gross Profit": NaN,
        "Operating Income": 488,
        "EBIT": 572,
        "Net Income": 351
    },
    "2018-08-31": {
        "Diluted EPS": 14.97,
        "Total Revenue": NaN,
        "Gross Profit": NaN,
        "Operating Income": 591,
        "EBIT": 702,
        "Net Income": 400
    },
    "2018-05-31": {
        "Diluted EPS": 13.42,
        "Total Revenue": NaN,
        "Gross Profit": NaN,
        "Operating Income": 546,
        "EBIT": 627,
        "Net Income": 367
    },
    "2018-02-28": {
        "Diluted EPS": 10.38,
        "Total Revenue": NaN,
        "Gross Profit": NaN,
        "Operating Income": 205,
        "EBIT": 286,
        "Net Income": 290
    },
    "2017-11-30": {
        "Diluted EPS": 10.0,
        "Total Revenue": NaN,
        "Gross Profit": NaN,
        "Operating Income": 469,
        "EBIT": 549,
        "Net Income": 281
    },
    "2017-08-31": {
        "Diluted EPS": 15.19,
        "Total Revenue": NaN,
        "Gross Profit": NaN,
        "Operating Income": 708,
        "EBIT": 813,
        "Net Income": 434
    },
    "2017-05-31": {
        "Diluted EPS": 11.44,
        "Total Revenue": NaN,
        "Gross Profit": NaN,
        "Operating Income": 530,
        "EBIT": 607,
        "Net Income": 332
    },
    "2017-02-28": {
        "Diluted EPS": 8.08,
        "Total Revenue": NaN,
        "Gross Profit": NaN,
        "Operating Income": 384,
        "EBIT": 459,
        "Net Income": 237
    },
    "2016-11-30": {
        "Diluted EPS": 9.36,
        "Total Revenue": NaN,
        "Gross Profit": NaN,
        "Operating Income": 459,
        "EBIT": 533,
        "Net Income": 278
    },
    "2016-08-31": {
        "Diluted EPS": 14.21,
        "Total Revenue": NaN,
        "Gross Profit": NaN,
        "Operating Income": 703,
        "EBIT": 800,
        "Net Income": 427
    },
    "2016-05-31": {
        "Diluted EPS": 10.77,
        "Total Revenue": NaN,
        "Gross Profit": NaN,
        "Operating Income": 536,
        "EBIT": 607,
        "Net Income": 328
    },
    "2016-02-29": {
        "Diluted EPS": 7.43,
        "Total Revenue": NaN,
        "Gross Profit": NaN,
        "Operating Income": 383,
        "EBIT": 453,
        "Net Income": 229
    },
    "2015-11-30": {
        "Diluted EPS": 8.29,
        "Total Revenue": NaN,
        "Gross Profit": NaN,
        "Operating Income": 438,
        "EBIT": 506,
        "Net Income": 258
    },
    "2015-08-31": {
        "Diluted EPS": 12.68,
        "Total Revenue": NaN,
        "Gross Profit": NaN,
        "Operating Income": 669,
        "EBIT": 758,
        "Net Income": 401
    },
    "2015-05-31": {
        "Diluted EPS": 9.57,
        "Total Revenue": NaN,
        "Gross Profit": NaN,
        "Operating Income": 514,
        "EBIT": 578,
        "Net Income": 309
    },
    "2015-02-28": {
        "Diluted EPS": 6.51,
        "Total Revenue": NaN,
        "Gross Profit": NaN,
        "Operating Income": 361,
        "EBIT": 423,
        "Net Income": 212
    },
    "2014-11-30": {
        "Diluted EPS": 7.27,
        "Total Revenue": NaN,
        "Gross Profit": NaN,
        "Operating Income": 409,
        "EBIT": 471,
        "Net Income": 238
    },
    "2014-08-31": {
        "Diluted EPS": 11.19,
        "Total Revenue": NaN,
        "Gross Profit": NaN,
        "Operating Income": 630,
        "EBIT": 711,
        "Net Income": 374
    },
    "2014-05-31": {
        "Diluted EPS": 8.46,
        "Total Revenue": NaN,
        "Gross Profit": NaN,
        "Operating Income": 479,
        "EBIT": 539,
        "Net Income": 285
    },
    "2014-02-28": {
        "Diluted EPS": 5.63,
        "Total Revenue": NaN,
        "Gross Profit": NaN,
        "Operating Income": 337,
        "EBIT": 397,
        "Net Income": 193
    },
    "2013-11-30": {
        "Diluted EPS": 6.29,
        "Total Revenue": NaN,
        "Gross Profit": NaN,
        "Operating Income": 384,
        "EBIT": 441,
        "Net Income": 218
    },
    "2013-08-31": {
        "Diluted EPS": 10.33,
        "Total Revenue": NaN,
        "Gross Profit": NaN,
        "Operating Income": 636,
        "EBIT": 710,
        "Net Income": 371
    },
    "2013-05-31": {
        "Diluted EPS": 7.27,
        "Total Revenue": NaN,
        "Gross Profit": NaN,
        "Operating Income": 456,
        "EBIT": 511,
        "Net Income": 266
    },
    "2013-02-28": {
        "Diluted EPS": 4.78,
        "Total Revenue": NaN,
        "Gross Profit": 962,
        "Operating Income": 318,
        "EBIT": 372,
        "Net Income": 176
    },
    "2012-11-30": {
        "Diluted EPS": 5.41,
        "Total Revenue": NaN,
        "Gross Profit": NaN,
        "Operating Income": 363,
        "EBIT": 416,
        "Net Income": 203
    },
    "2012-08-31": {
        "Diluted EPS": 8.37,
        "Total Revenue": NaN,
        "Gross Profit": NaN,
        "Operating Income": 560,
        "EBIT": 629,
        "Net Income": 324
    },
    "2012-05-31": {
        "Diluted EPS": 6.28,
        "Total Revenue": NaN,
        "Gross Profit": NaN,
        "Operating Income": 427,
        "EBIT": 478,
        "Net Income": 249
    },
    "2012-02-29": {
        "Diluted EPS": 4.15,
        "Total Revenue": NaN,
        "Gross Profit": 926,
        "Operating Income": 301,
        "EBIT": 350,
        "Net Income": 167
    },
    "2011-11-30": {
        "Diluted EPS": 4.68,
        "Total Revenue": NaN,
        "Gross Profit": 984,
        "Operating Income": 341,
        "EBIT": 391,
        "Net Income": 191
    },
    "2011-08-31": {
        "Diluted EPS": 7.07,
        "Total Revenue": NaN,
        "Gross Profit": NaN,
        "Operating Income": 524,
        "EBIT": 590,
        "Net Income": 301
    },
    "2011-05-31": {
        "Diluted EPS": 5.29,
        "Total Revenue": NaN,
        "Gross Profit": NaN,
        "Operating Income": 393,
        "EBIT": 440,
        "Net Income": 227
    },
    "2011-02-28": {
        "Diluted EPS": 3.34,
        "Total Revenue": NaN,
        "Gross Profit": 846,
        "Operating Income": 272,
        "EBIT": 318,
        "Net Income": 148
    },
    "2010-11-30": {
        "Diluted EPS": 3.77,
        "Total Revenue": NaN,
        "Gross Profit": 908,
        "Operating Income": 306,
        "EBIT": 352,
        "Net Income": 172
    },
    "2010-08-31": {
        "Diluted EPS": 5.57,
        "Total Revenue": NaN,
        "Gross Profit": NaN,
        "Operating Income": 473,
        "EBIT": 537,
        "Net Income": 269
    },
    "2010-05-31": {
        "Diluted EPS": 4.12,
        "Total Revenue": NaN,
        "Gross Profit": 923,
        "Operating Income": 356,
        "EBIT": 400,
        "Net Income": 203
    },
    "2010-02-28": {
        "Diluted EPS": 2.46,
        "Total Revenue": NaN,
        "Gross Profit": 754,
        "Operating Income": 230,
        "EBIT": 276,
        "Net Income": 123
    },
    "2009-11-30": {
        "Diluted EPS": 2.82,
        "Total Revenue": NaN,
        "Gross Profit": 800,
        "Operating Income": 260,
        "EBIT": 304,
        "Net Income": 143
    },
    "2009-08-31": {
        "Diluted EPS": 4.34,
        "Total Revenue": NaN,
        "Gross Profit": NaN,
        "Operating Income": 418,
        "EBIT": 477,
        "Net Income": 236
    },
    "2009-05-31": {
        "Diluted EPS": 3.13,
        "Total Revenue": NaN,
        "Gross Profit": 833,
        "Operating Income": 305,
        "EBIT": 347,
        "Net Income": 174
    },
    "2009-02-28": {
        "Diluted EPS": 2.03,
        "Total Revenue": NaN,
        "Gross Profit": 719,
        "Operating Income": 215,
        "EBIT": 257,
        "Net Income": 116
    },
    "2023-08-31": {
        "Tax Effect Of Unusual Items": NaN,
        "Tax Rate For Calcs": NaN,
        "Normalized EBITDA": NaN,
        "Net Income From Continuing Operation Net Minority Interest": NaN,
        "Reconciled Depreciation": NaN,
        "Reconciled Cost Of Revenue": NaN,
        "EBITDA": NaN,
        "EBIT": NaN,
        "Net Interest Income": NaN,
        "Interest Expense": NaN,
        "Normalized Income": NaN,
        "Net Income From Continuing And Discontinued Operation": NaN,
        "Total Expenses": NaN,
        "Total Operating Income As Reported": NaN,
        "Diluted Average Shares": 18613000.0,
        "Basic Average Shares": 18080000.0,
        "Diluted EPS": 46.46,
        "Basic EPS": 47.83,
        "Diluted NI Availto Com Stockholders": NaN,
        "Net Income Common Stockholders": NaN,
        "Net Income": NaN,
        "Net Income Including Noncontrolling Interests": NaN,
        "Net Income Continuous Operations": NaN,
        "Tax Provision": NaN,
        "Pretax Income": NaN,
        "Net Non Operating Interest Income Expense": NaN,
        "Interest Expense Non Operating": NaN,
        "Operating Income": NaN,
        "Operating Expense": NaN,
        "Other Operating Expenses": 1777175000.0,
        "Gross Profit": NaN,
        "Cost Of Revenue": NaN,
        "Total Revenue": NaN,
        "Operating Revenue": NaN
    },
    "2023-11-30": {
        "Tax Effect Of Unusual Items": 0.0,
        "Tax Rate For Calcs": 0.216,
        "Normalized EBITDA": 968828000.0,
        "Net Income From Continuing Operation Net Minority Interest": 593463000.0,
        "Reconciled Depreciation": 120224000.0,
        "Reconciled Cost Of Revenue": 1976261000.0,
        "EBITDA": 968828000.0,
        "EBIT": 848604000.0,
        "Net Interest Income": -91384000.0,
        "Interest Expense": 91384000.0,
        "Normalized Income": 593463000.0,
        "Net Income From Continuing And Discontinued Operation": 593463000.0,
        "Total Expenses": 3341673000.0,
        "Total Operating Income As Reported": 848604000.0,
        "Diluted Average Shares": 18234000.0,
        "Basic Average Shares": 17709000.0,
        "Diluted EPS": 32.55,
        "Basic EPS": 33.51,
        "Diluted NI Availto Com Stockholders": 593463000.0,
        "Net Income Common Stockholders": 593463000.0,
        "Net Income": 593463000.0,
        "Net Income Including Noncontrolling Interests": 593463000.0,
        "Net Income Continuous Operations": 593463000.0,
        "Tax Provision": 163757000.0,
        "Pretax Income": 757220000.0,
        "Net Non Operating Interest Income Expense": -91384000.0,
        "Interest Expense Non Operating": 91384000.0,
        "Operating Income": 848604000.0,
        "Operating Expense": 1365412000.0,
        "Other Operating Expenses": 1365412000.0,
        "Gross Profit": 2214016000.0,
        "Cost Of Revenue": 1976261000.0,
        "Total Revenue": 4190277000.0,
        "Operating Revenue": 4190277000.0
    },
    "2024-02-29": {
        "Tax Effect Of Unusual Items": 0.0,
        "Tax Rate For Calcs": 0.196,
        "Normalized EBITDA": 868210000.0,
        "Net Income From Continuing Operation Net Minority Interest": 515030000.0,
        "Reconciled Depreciation": 124968000.0,
        "Reconciled Cost Of Revenue": 1779474000.0,
        "EBITDA": 868210000.0,
        "EBIT": 743242000.0,
        "Net Interest Income": -102619000.0,
        "Interest Expense": 102619000.0,
        "Normalized Income": 515030000.0,
        "Net Income From Continuing And Discontinued Operation": 515030000.0,
        "Total Expenses": 3115884000.0,
        "Total Operating Income As Reported": 743242000.0,
        "Diluted Average Shares": 17828000.0,
        "Basic Average Shares": 17319000.0,
        "Diluted EPS": 28.89,
        "Basic EPS": 29.74,
        "Diluted NI Availto Com Stockholders": 515030000.0,
        "Net Income Common Stockholders": 515030000.0,
        "Net Income": 515030000.0,
        "Net Income Including Noncontrolling Interests": 515030000.0,
        "Net Income Continuous Operations": 515030000.0,
        "Tax Provision": 125593000.0,
        "Pretax Income": 640623000.0,
        "Net Non Operating Interest Income Expense": -102619000.0,
        "Interest Expense Non Operating": 102619000.0,
        "Operating Income": 743242000.0,
        "Operating Expense": 1336410000.0,
        "Other Operating Expenses": 1336410000.0,
        "Gross Profit": 2079652000.0,
        "Cost Of Revenue": 1779474000.0,
        "Total Revenue": 3859126000.0,
        "Operating Revenue": 3859126000.0
    },
    "2024-05-31": {
        "Tax Effect Of Unusual Items": 0.0,
        "Tax Rate For Calcs": 0.181,
        "Normalized EBITDA": 1029405000.0,
        "Net Income From Continuing Operation Net Minority Interest": 651726000.0,
        "Reconciled Depreciation": 129224000.0,
        "Reconciled Cost Of Revenue": 1969963000.0,
        "EBITDA": 1029405000.0,
        "EBIT": 900181000.0,
        "Net Interest Income": -104422000.0,
        "Interest Expense": 104422000.0,
        "Normalized Income": 651726000.0,
        "Net Income From Continuing And Discontinued Operation": 651726000.0,
        "Total Expenses": 3335304000.0,
        "Total Operating Income As Reported": 900181000.0,
        "Diluted Average Shares": 17761000.0,
        "Basic Average Shares": 17273000.0,
        "Diluted EPS": 36.69,
        "Basic EPS": 37.73,
        "Diluted NI Availto Com Stockholders": 651726000.0,
        "Net Income Common Stockholders": 651726000.0,
        "Net Income": 651726000.0,
        "Net Income Including Noncontrolling Interests": 651726000.0,
        "Net Income Continuous Operations": 651726000.0,
        "Tax Provision": 144033000.0,
        "Pretax Income": 795759000.0,
        "Net Non Operating Interest Income Expense": -104422000.0,
        "Interest Expense Non Operating": 104422000.0,
        "Operating Income": 900181000.0,
        "Operating Expense": 1365341000.0,
        "Other Operating Expenses": NaN,
        "Gross Profit": 2265522000.0,
        "Cost Of Revenue": 1969963000.0,
        "Total Revenue": 4235485000.0,
        "Operating Revenue": 4235485000.0
    },
    "2024-08-31": {
        "Tax Effect Of Unusual Items": 0.0,
        "Tax Rate For Calcs": 0.211032,
        "Normalized EBITDA": 1483332000.0,
        "Net Income From Continuing Operation Net Minority Interest": 902208000.0,
        "Reconciled Depreciation": 175339000.0,
        "Reconciled Cost Of Revenue": 2947518000.0,
        "EBITDA": 1483332000.0,
        "EBIT": 1307993000.0,
        "Net Interest Income": -153152000.0,
        "Interest Expense": 164464000.0,
        "Normalized Income": 902208000.0,
        "Net Income From Continuing And Discontinued Operation": 902208000.0,
        "Total Expenses": 4908699000.0,
        "Total Operating Income As Reported": 1296681000.0,
        "Diluted Average Shares": NaN,
        "Basic Average Shares": NaN,
        "Diluted EPS": NaN,
        "Basic EPS": NaN,
        "Diluted NI Availto Com Stockholders": 902208000.0,
        "Net Income Common Stockholders": 902208000.0,
        "Net Income": 902208000.0,
        "Net Income Including Noncontrolling Interests": 902208000.0,
        "Net Income Continuous Operations": 902208000.0,
        "Tax Provision": 241321000.0,
        "Pretax Income": 1143529000.0,
        "Net Non Operating Interest Income Expense": -153152000.0,
        "Interest Expense Non Operating": 164464000.0,
        "Operating Income": 1296681000.0,
        "Operating Expense": 1961181000.0,
        "Other Operating Expenses": NaN,
        "Gross Profit": 3257862000.0,
        "Cost Of Revenue": 2947518000.0,
        "Total Revenue": 6205380000.0,
        "Operating Revenue": 6205380000.0
    },
    "2024-11-30": {
        "Tax Effect Of Unusual Items": 0.0,
        "Tax Rate For Calcs": 0.23,
        "Normalized EBITDA": 974322000.0,
        "Net Income From Continuing Operation Net Minority Interest": 564933000.0,
        "Reconciled Depreciation": 133173000.0,
        "Reconciled Cost Of Revenue": 2011584000.0,
        "EBITDA": 974322000.0,
        "EBIT": 841149000.0,
        "Net Interest Income": -107629000.0,
        "Interest Expense": 107629000.0,
        "Normalized Income": 564933000.0,
        "Net Income From Continuing And Discontinued Operation": 564933000.0,
        "Total Expenses": 3438492000.0,
        "Total Operating Income As Reported": 841149000.0,
        "Diluted Average Shares": 17370000.0,
        "Basic Average Shares": 16913000.0,
        "Diluted EPS": 32.52,
        "Basic EPS": 33.4,
        "Diluted NI Availto Com Stockholders": 564933000.0,
        "Net Income Common Stockholders": 564933000.0,
        "Net Income": 564933000.0,
        "Net Income Including Noncontrolling Interests": 564933000.0,
        "Net Income Continuous Operations": 564933000.0,
        "Tax Provision": 168587000.0,
        "Pretax Income": 733520000.0,
        "Net Non Operating Interest Income Expense": -107629000.0,
        "Interest Expense Non Operating": 107629000.0,
        "Operating Income": 841149000.0,
        "Operating Expense": 1426908000.0,
        "Other Operating Expenses": NaN,
        "Gross Profit": 2268057000.0,
        "Cost Of Revenue": 2011584000.0,
        "Total Revenue": 4279641000.0,
        "Operating Revenue": 4279641000.0
    }
}