{
    "2023-06-30": {
        "Tax Effect Of Unusual Items": NaN,
        "Tax Rate For Calcs": NaN,
        "Normalized EBITDA": NaN,
        "Total Unusual Items": 0.0,
        "Total Unusual Items Excluding Goodwill": 0.0,
        "Net Income From Continuing Operation Net Minority Interest": NaN,
        "Reconciled Depreciation": NaN,
        "Reconciled Cost Of Revenue": NaN,
        "EBITDA": NaN,
        "EBIT": NaN,
        "Net Interest Income": NaN,
        "Interest Expense": NaN,
        "Normalized Income": NaN,
        "Net Income From Continuing And Discontinued Operation": NaN,
        "Total Expenses": NaN,
        "Total Operating Income As Reported": NaN,
        "Diluted Average Shares": 51225545.0,
        "Basic Average Shares": 51051780.0,
        "Diluted EPS": 0.34,
        "Basic EPS": 0.34,
        "Diluted NI Availto Com Stockholders": NaN,
        "Net Income Common Stockholders": NaN,
        "Net Income": NaN,
        "Net Income Including Noncontrolling Interests": NaN,
        "Net Income Continuous Operations": NaN,
        "Tax Provision": NaN,
        "Pretax Income": NaN,
        "Other Income Expense": NaN,
        "Other Non Operating Income Expenses": NaN,
        "Special Income Charges": 0.0,
        "Gain On Sale Of Business": 0.0,
        "Impairment Of Capital Assets": 0.0,
        "Net Non Operating Interest Income Expense": NaN,
        "Interest Expense Non Operating": NaN,
        "Operating Income": NaN,
        "Operating Expense": NaN,
        "Selling General And Administration": NaN,
        "Gross Profit": NaN,
        "Cost Of Revenue": NaN,
        "Total Revenue": NaN,
        "Operating Revenue": NaN
    },
    "2023-03-31": {
        "Tax Effect Of Unusual Items": NaN,
        "Tax Rate For Calcs": NaN,
        "Normalized EBITDA": NaN,
        "Total Unusual Items": NaN,
        "Total Unusual Items Excluding Goodwill": NaN,
        "Net Income From Continuing Operation Net Minority Interest": NaN,
        "Reconciled Depreciation": NaN,
        "Reconciled Cost Of Revenue": NaN,
        "EBITDA": NaN,
        "EBIT": NaN,
        "Net Interest Income": NaN,
        "Interest Expense": NaN,
        "Normalized Income": NaN,
        "Net Income From Continuing And Discontinued Operation": NaN,
        "Total Expenses": NaN,
        "Total Operating Income As Reported": NaN,
        "Diluted Average Shares": 51264435.0,
        "Basic Average Shares": 50989169.0,
        "Diluted EPS": 0.26,
        "Basic EPS": 0.26,
        "Diluted NI Availto Com Stockholders": NaN,
        "Net Income Common Stockholders": NaN,
        "Net Income": NaN,
        "Net Income Including Noncontrolling Interests": NaN,
        "Net Income Continuous Operations": NaN,
        "Tax Provision": NaN,
        "Pretax Income": NaN,
        "Other Income Expense": NaN,
        "Other Non Operating Income Expenses": NaN,
        "Special Income Charges": NaN,
        "Gain On Sale Of Business": NaN,
        "Impairment Of Capital Assets": NaN,
        "Net Non Operating Interest Income Expense": NaN,
        "Interest Expense Non Operating": NaN,
        "Operating Income": NaN,
        "Operating Expense": NaN,
        "Selling General And Administration": NaN,
        "Gross Profit": NaN,
        "Cost Of Revenue": NaN,
        "Total Revenue": NaN,
        "Operating Revenue": NaN
    },
    "2022-12-31": {
        "Tax Effect Of Unusual Items": NaN,
        "Tax Rate For Calcs": NaN,
        "Normalized EBITDA": NaN,
        "Total Unusual Items": 0.0,
        "Total Unusual Items Excluding Goodwill": 0.0,
        "Net Income From Continuing Operation Net Minority Interest": NaN,
        "Reconciled Depreciation": NaN,
        "Reconciled Cost Of Revenue": NaN,
        "EBITDA": NaN,
        "EBIT": NaN,
        "Net Interest Income": NaN,
        "Interest Expense": NaN,
        "Normalized Income": NaN,
        "Net Income From Continuing And Discontinued Operation": NaN,
        "Total Expenses": NaN,
        "Total Operating Income As Reported": NaN,
        "Diluted Average Shares": NaN,
        "Basic Average Shares": NaN,
        "Diluted EPS": NaN,
        "Basic EPS": NaN,
        "Diluted NI Availto Com Stockholders": NaN,
        "Net Income Common Stockholders": NaN,
        "Net Income": NaN,
        "Net Income Including Noncontrolling Interests": NaN,
        "Net Income Continuous Operations": NaN,
        "Tax Provision": NaN,
        "Pretax Income": NaN,
        "Other Income Expense": NaN,
        "Other Non Operating Income Expenses": NaN,
        "Special Income Charges": 0.0,
        "Gain On Sale Of Business": NaN,
        "Impairment Of Capital Assets": 0.0,
        "Net Non Operating Interest Income Expense": NaN,
        "Interest Expense Non Operating": NaN,
        "Operating Income": NaN,
        "Operating Expense": NaN,
        "Selling General And Administration": NaN,
        "Gross Profit": NaN,
        "Cost Of Revenue": NaN,
        "Total Revenue": NaN,
        "Operating Revenue": NaN
    },
    "2022-09-30": {
        "Tax Effect Of Unusual Items": NaN,
        "Tax Rate For Calcs": NaN,
        "Normalized EBITDA": NaN,
        "Total Unusual Items": 0.0,
        "Total Unusual Items Excluding Goodwill": 0.0,
        "Net Income From Continuing Operation Net Minority Interest": NaN,
        "Reconciled Depreciation": NaN,
        "Reconciled Cost Of Revenue": NaN,
        "EBITDA": NaN,
        "EBIT": NaN,
        "Net Interest Income": NaN,
        "Interest Expense": NaN,
        "Normalized Income": NaN,
        "Net Income From Continuing And Discontinued Operation": NaN,
        "Total Expenses": NaN,
        "Total Operating Income As Reported": NaN,
        "Diluted Average Shares": NaN,
        "Basic Average Shares": NaN,
        "Diluted EPS": NaN,
        "Basic EPS": NaN,
        "Diluted NI Availto Com Stockholders": NaN,
        "Net Income Common Stockholders": NaN,
        "Net Income": NaN,
        "Net Income Including Noncontrolling Interests": NaN,
        "Net Income Continuous Operations": NaN,
        "Tax Provision": NaN,
        "Pretax Income": NaN,
        "Other Income Expense": NaN,
        "Other Non Operating Income Expenses": NaN,
        "Special Income Charges": 0.0,
        "Impairment Of Capital Assets": 0.0,
        "Net Non Operating Interest Income Expense": NaN,
        "Interest Expense Non Operating": NaN,
        "Operating Income": NaN,
        "Operating Expense": NaN,
        "Selling General And Administration": NaN,
        "Gross Profit": NaN,
        "Cost Of Revenue": NaN,
        "Total Revenue": NaN,
        "Operating Revenue": NaN
    },
    "2022-06-30": {
        "Tax Effect Of Unusual Items": -27277600.0,
        "Tax Rate For Calcs": 0.4,
        "Normalized EBITDA": 62970000.0,
        "Total Unusual Items": -68194000.0,
        "Total Unusual Items Excluding Goodwill": -68194000.0,
        "Net Income From Continuing Operation Net Minority Interest": -39552000.0,
        "Reconciled Depreciation": 22560000.0,
        "Reconciled Cost Of Revenue": 212754000.0,
        "EBITDA": -5224000.0,
        "EBIT": -27784000.0,
        "Net Interest Income": -3325000.0,
        "Interest Expense": 3325000.0,
        "Normalized Income": 1364400.0,
        "Net Income From Continuing And Discontinued Operation": -39552000.0,
        "Total Expenses": 281261000.0,
        "Total Operating Income As Reported": -28187000.0,
        "Diluted Average Shares": 51004375.0,
        "Basic Average Shares": 51004375.0,
        "Diluted EPS": -0.78,
        "Basic EPS": -0.78,
        "Diluted NI Availto Com Stockholders": -39552000.0,
        "Net Income Common Stockholders": -39552000.0,
        "Net Income": -39552000.0,
        "Net Income Including Noncontrolling Interests": -39552000.0,
        "Net Income Continuous Operations": -39552000.0,
        "Tax Provision": 8443000.0,
        "Pretax Income": -31109000.0,
        "Other Income Expense": -67791000.0,
        "Other Non Operating Income Expenses": 403000.0,
        "Special Income Charges": -68194000.0,
        "Impairment Of Capital Assets": 68194000.0,
        "Net Non Operating Interest Income Expense": -3325000.0,
        "Interest Expense Non Operating": 3325000.0,
        "Operating Income": 40007000.0,
        "Operating Expense": 68507000.0,
        "Selling General And Administration": 68507000.0,
        "Gross Profit": 108514000.0,
        "Cost Of Revenue": 212754000.0,
        "Total Revenue": 321268000.0,
        "Operating Revenue": 321268000.0
    },
    "2023-09-30": {
        "Tax Effect Of Unusual Items": 0.0,
        "Tax Rate For Calcs": 0.21,
        "Normalized EBITDA": 43147000.0,
        "Total Unusual Items": 0.0,
        "Total Unusual Items Excluding Goodwill": 0.0,
        "Net Income From Continuing Operation Net Minority Interest": -21730000.0,
        "Reconciled Depreciation": 32283000.0,
        "Reconciled Cost Of Revenue": 253490000.0,
        "EBITDA": 43147000.0,
        "EBIT": 10864000.0,
        "Net Interest Income": -22792000.0,
        "Interest Expense": 22792000.0,
        "Normalized Income": -21730000.0,
        "Net Income From Continuing And Discontinued Operation": -21730000.0,
        "Total Expenses": 350998000.0,
        "Total Operating Income As Reported": 9990000.0,
        "Diluted Average Shares": 51057979.0,
        "Basic Average Shares": 51057979.0,
        "Diluted EPS": -0.43,
        "Basic EPS": -0.43,
        "Diluted NI Availto Com Stockholders": -21730000.0,
        "Net Income Common Stockholders": -21730000.0,
        "Net Income": -21730000.0,
        "Net Income Including Noncontrolling Interests": -21730000.0,
        "Net Income Continuous Operations": -21730000.0,
        "Tax Provision": 9802000.0,
        "Pretax Income": -11928000.0,
        "Other Income Expense": 874000.0,
        "Other Non Operating Income Expenses": 874000.0,
        "Special Income Charges": 0.0,
        "Gain On Sale Of Business": 0.0,
        "Impairment Of Capital Assets": 0.0,
        "Net Non Operating Interest Income Expense": -22792000.0,
        "Interest Expense Non Operating": 22792000.0,
        "Operating Income": 9990000.0,
        "Operating Expense": 97508000.0,
        "Selling General And Administration": 97508000.0,
        "Gross Profit": 107498000.0,
        "Cost Of Revenue": 253490000.0,
        "Total Revenue": 360988000.0,
        "Operating Revenue": 360988000.0
    },
    "2023-12-31": {
        "Tax Effect Of Unusual Items": 0.0,
        "Tax Rate For Calcs": 0.21,
        "Normalized EBITDA": 66347000.0,
        "Total Unusual Items": 0.0,
        "Total Unusual Items Excluding Goodwill": 0.0,
        "Net Income From Continuing Operation Net Minority Interest": 7216000.0,
        "Reconciled Depreciation": 36622000.0,
        "Reconciled Cost Of Revenue": 304428000.0,
        "EBITDA": 66347000.0,
        "EBIT": 29725000.0,
        "Net Interest Income": -23559000.0,
        "Interest Expense": 23559000.0,
        "Normalized Income": 7216000.0,
        "Net Income From Continuing And Discontinued Operation": 7216000.0,
        "Total Expenses": 385833000.0,
        "Total Operating Income As Reported": 29709000.0,
        "Diluted Average Shares": NaN,
        "Basic Average Shares": NaN,
        "Diluted EPS": NaN,
        "Basic EPS": NaN,
        "Diluted NI Availto Com Stockholders": 7216000.0,
        "Net Income Common Stockholders": 7216000.0,
        "Net Income": 7216000.0,
        "Net Income Including Noncontrolling Interests": 7216000.0,
        "Net Income Continuous Operations": 7216000.0,
        "Tax Provision": -1050000.0,
        "Pretax Income": 6166000.0,
        "Other Income Expense": 16000.0,
        "Other Non Operating Income Expenses": 16000.0,
        "Special Income Charges": 0.0,
        "Gain On Sale Of Business": NaN,
        "Impairment Of Capital Assets": 0.0,
        "Net Non Operating Interest Income Expense": -23559000.0,
        "Interest Expense Non Operating": 23559000.0,
        "Operating Income": 29709000.0,
        "Operating Expense": 81405000.0,
        "Selling General And Administration": 81405000.0,
        "Gross Profit": 111114000.0,
        "Cost Of Revenue": 304428000.0,
        "Total Revenue": 415542000.0,
        "Operating Revenue": 415542000.0
    },
    "2024-03-31": {
        "Tax Effect Of Unusual Items": 0.0,
        "Tax Rate For Calcs": 0.21,
        "Normalized EBITDA": 68995000.0,
        "Total Unusual Items": NaN,
        "Total Unusual Items Excluding Goodwill": NaN,
        "Net Income From Continuing Operation Net Minority Interest": 1947000.0,
        "Reconciled Depreciation": 31009000.0,
        "Reconciled Cost Of Revenue": 300096000.0,
        "EBITDA": 68995000.0,
        "EBIT": 37986000.0,
        "Net Interest Income": -24831000.0,
        "Interest Expense": 24831000.0,
        "Normalized Income": 1947000.0,
        "Net Income From Continuing And Discontinued Operation": 1947000.0,
        "Total Expenses": 390956000.0,
        "Total Operating Income As Reported": 39682000.0,
        "Diluted Average Shares": 51293673.0,
        "Basic Average Shares": 51224884.0,
        "Diluted EPS": 0.04,
        "Basic EPS": 0.04,
        "Diluted NI Availto Com Stockholders": 1947000.0,
        "Net Income Common Stockholders": 1947000.0,
        "Net Income": 1947000.0,
        "Net Income Including Noncontrolling Interests": 1947000.0,
        "Net Income Continuous Operations": 1947000.0,
        "Tax Provision": 11208000.0,
        "Pretax Income": 13155000.0,
        "Other Income Expense": -1696000.0,
        "Other Non Operating Income Expenses": -1696000.0,
        "Special Income Charges": NaN,
        "Gain On Sale Of Business": NaN,
        "Impairment Of Capital Assets": NaN,
        "Net Non Operating Interest Income Expense": -24831000.0,
        "Interest Expense Non Operating": 24831000.0,
        "Operating Income": 39682000.0,
        "Operating Expense": 90860000.0,
        "Selling General And Administration": 90860000.0,
        "Gross Profit": 130542000.0,
        "Cost Of Revenue": 300096000.0,
        "Total Revenue": 430638000.0,
        "Operating Revenue": 430638000.0
    },
    "2024-06-30": {
        "Tax Effect Of Unusual Items": -9132900.0,
        "Tax Rate For Calcs": 0.21,
        "Normalized EBITDA": 70776000.0,
        "Total Unusual Items": -43490000.0,
        "Total Unusual Items Excluding Goodwill": -43490000.0,
        "Net Income From Continuing Operation Net Minority Interest": -46821000.0,
        "Reconciled Depreciation": 28554000.0,
        "Reconciled Cost Of Revenue": 258188000.0,
        "EBITDA": 27286000.0,
        "EBIT": -1268000.0,
        "Net Interest Income": -20812000.0,
        "Interest Expense": 20812000.0,
        "Normalized Income": -12463900.0,
        "Net Income From Continuing And Discontinued Operation": -46821000.0,
        "Total Expenses": 340855000.0,
        "Total Operating Income As Reported": -2113000.0,
        "Diluted Average Shares": 51302547.0,
        "Basic Average Shares": 51302547.0,
        "Diluted EPS": -0.91,
        "Basic EPS": -0.91,
        "Diluted NI Availto Com Stockholders": -46821000.0,
        "Net Income Common Stockholders": -46821000.0,
        "Net Income": -46821000.0,
        "Net Income Including Noncontrolling Interests": -46821000.0,
        "Net Income Continuous Operations": -46821000.0,
        "Tax Provision": 24741000.0,
        "Pretax Income": -22080000.0,
        "Other Income Expense": -42645000.0,
        "Other Non Operating Income Expenses": 845000.0,
        "Special Income Charges": -43490000.0,
        "Gain On Sale Of Business": 10204000.0,
        "Impairment Of Capital Assets": 53694000.0,
        "Net Non Operating Interest Income Expense": -20812000.0,
        "Interest Expense Non Operating": 20812000.0,
        "Operating Income": 41377000.0,
        "Operating Expense": 82667000.0,
        "Selling General And Administration": 82667000.0,
        "Gross Profit": 124044000.0,
        "Cost Of Revenue": 258188000.0,
        "Total Revenue": 382232000.0,
        "Operating Revenue": 382232000.0
    },
    "2024-09-30": {
        "Tax Effect Of Unusual Items": -346710.0,
        "Tax Rate For Calcs": 0.21,
        "Normalized EBITDA": 73229000.0,
        "Total Unusual Items": -1651000.0,
        "Total Unusual Items Excluding Goodwill": -1651000.0,
        "Net Income From Continuing Operation Net Minority Interest": -2144000.0,
        "Reconciled Depreciation": 30274000.0,
        "Reconciled Cost Of Revenue": 259402000.0,
        "EBITDA": 71578000.0,
        "EBIT": 41304000.0,
        "Net Interest Income": -19573000.0,
        "Interest Expense": 19573000.0,
        "Normalized Income": -839710.0,
        "Net Income From Continuing And Discontinued Operation": -2144000.0,
        "Total Expenses": 344322000.0,
        "Total Operating Income As Reported": 41821000.0,
        "Diluted Average Shares": 51302818.0,
        "Basic Average Shares": 51302818.0,
        "Diluted EPS": -0.04,
        "Basic EPS": -0.04,
        "Diluted NI Availto Com Stockholders": -2144000.0,
        "Net Income Common Stockholders": -2144000.0,
        "Net Income": -2144000.0,
        "Net Income Including Noncontrolling Interests": -2144000.0,
        "Net Income Continuous Operations": -2144000.0,
        "Tax Provision": 23875000.0,
        "Pretax Income": 21731000.0,
        "Other Income Expense": -2168000.0,
        "Other Non Operating Income Expenses": -517000.0,
        "Special Income Charges": -1651000.0,
        "Gain On Sale Of Business": -1651000.0,
        "Impairment Of Capital Assets": 0.0,
        "Net Non Operating Interest Income Expense": -19573000.0,
        "Interest Expense Non Operating": 19573000.0,
        "Operating Income": 43472000.0,
        "Operating Expense": 84920000.0,
        "Selling General And Administration": 84920000.0,
        "Gross Profit": 128392000.0,
        "Cost Of Revenue": 259402000.0,
        "Total Revenue": 387794000.0,
        "Operating Revenue": 387794000.0
    }
}