{
    "2023-06-30": {
        "Tax Effect Of Unusual Items": NaN,
        "Tax Rate For Calcs": NaN,
        "Normalized EBITDA": NaN,
        "Total Unusual Items": NaN,
        "Total Unusual Items Excluding Goodwill": NaN,
        "Net Income From Continuing Operation Net Minority Interest": NaN,
        "Reconciled Depreciation": NaN,
        "Reconciled Cost Of Revenue": NaN,
        "EBITDA": NaN,
        "EBIT": NaN,
        "Net Interest Income": NaN,
        "Interest Expense": NaN,
        "Normalized Income": NaN,
        "Net Income From Continuing And Discontinued Operation": NaN,
        "Total Expenses": NaN,
        "Total Operating Income As Reported": NaN,
        "Diluted Average Shares": NaN,
        "Basic Average Shares": NaN,
        "Diluted EPS": NaN,
        "Basic EPS": NaN,
        "Diluted NI Availto Com Stockholders": NaN,
        "Net Income Common Stockholders": NaN,
        "Net Income": NaN,
        "Minority Interests": NaN,
        "Net Income Including Noncontrolling Interests": NaN,
        "Net Income Continuous Operations": NaN,
        "Tax Provision": NaN,
        "Pretax Income": NaN,
        "Other Income Expense": NaN,
        "Other Non Operating Income Expenses": NaN,
        "Special Income Charges": 1000000.0,
        "Gain On Sale Of Ppe": 1000000.0,
        "Gain On Sale Of Security": NaN,
        "Net Non Operating Interest Income Expense": NaN,
        "Interest Expense Non Operating": NaN,
        "Operating Income": NaN,
        "Operating Expense": NaN,
        "Research And Development": NaN,
        "Selling General And Administration": NaN,
        "General And Administrative Expense": NaN,
        "Other Gand A": NaN,
        "Gross Profit": NaN,
        "Cost Of Revenue": NaN,
        "Total Revenue": NaN,
        "Operating Revenue": NaN
    },
    "2023-03-31": {
        "Tax Effect Of Unusual Items": NaN,
        "Tax Rate For Calcs": NaN,
        "Normalized EBITDA": NaN,
        "Total Unusual Items": NaN,
        "Total Unusual Items Excluding Goodwill": NaN,
        "Net Income From Continuing Operation Net Minority Interest": NaN,
        "Reconciled Depreciation": NaN,
        "Reconciled Cost Of Revenue": NaN,
        "EBITDA": NaN,
        "EBIT": NaN,
        "Net Interest Income": NaN,
        "Interest Expense": NaN,
        "Normalized Income": NaN,
        "Net Income From Continuing And Discontinued Operation": NaN,
        "Total Expenses": NaN,
        "Total Operating Income As Reported": NaN,
        "Diluted Average Shares": NaN,
        "Basic Average Shares": NaN,
        "Diluted EPS": NaN,
        "Basic EPS": NaN,
        "Diluted NI Availto Com Stockholders": NaN,
        "Net Income Common Stockholders": NaN,
        "Net Income": NaN,
        "Minority Interests": 11000000.0,
        "Net Income Including Noncontrolling Interests": NaN,
        "Net Income Continuous Operations": NaN,
        "Tax Provision": NaN,
        "Pretax Income": NaN,
        "Other Income Expense": NaN,
        "Other Non Operating Income Expenses": NaN,
        "Special Income Charges": NaN,
        "Gain On Sale Of Ppe": NaN,
        "Gain On Sale Of Security": NaN,
        "Net Non Operating Interest Income Expense": NaN,
        "Interest Expense Non Operating": NaN,
        "Operating Income": NaN,
        "Operating Expense": NaN,
        "Research And Development": NaN,
        "Selling General And Administration": NaN,
        "General And Administrative Expense": NaN,
        "Other Gand A": NaN,
        "Gross Profit": NaN,
        "Cost Of Revenue": NaN,
        "Total Revenue": NaN,
        "Operating Revenue": NaN
    },
    "2022-12-31": {
        "Tax Effect Of Unusual Items": NaN,
        "Tax Rate For Calcs": NaN,
        "Normalized EBITDA": NaN,
        "Total Unusual Items": NaN,
        "Total Unusual Items Excluding Goodwill": NaN,
        "Net Income From Continuing Operation Net Minority Interest": NaN,
        "Reconciled Depreciation": NaN,
        "Reconciled Cost Of Revenue": NaN,
        "EBITDA": NaN,
        "EBIT": NaN,
        "Net Interest Income": NaN,
        "Interest Expense": NaN,
        "Normalized Income": NaN,
        "Net Income From Continuing And Discontinued Operation": NaN,
        "Total Expenses": NaN,
        "Total Operating Income As Reported": NaN,
        "Diluted Average Shares": NaN,
        "Basic Average Shares": NaN,
        "Diluted EPS": NaN,
        "Basic EPS": NaN,
        "Diluted NI Availto Com Stockholders": NaN,
        "Net Income Common Stockholders": NaN,
        "Net Income": NaN,
        "Minority Interests": 29000000.0,
        "Net Income Including Noncontrolling Interests": NaN,
        "Net Income Continuous Operations": NaN,
        "Tax Provision": NaN,
        "Pretax Income": NaN,
        "Other Income Expense": NaN,
        "Other Non Operating Income Expenses": NaN,
        "Special Income Charges": 4000000.0,
        "Gain On Sale Of Ppe": 4000000.0,
        "Gain On Sale Of Security": NaN,
        "Net Non Operating Interest Income Expense": NaN,
        "Interest Expense Non Operating": NaN,
        "Operating Income": NaN,
        "Operating Expense": NaN,
        "Research And Development": NaN,
        "Selling General And Administration": NaN,
        "General And Administrative Expense": NaN,
        "Other Gand A": NaN,
        "Gross Profit": NaN,
        "Cost Of Revenue": NaN,
        "Total Revenue": NaN,
        "Operating Revenue": NaN
    },
    "2022-09-30": {
        "Tax Effect Of Unusual Items": -9600000.0,
        "Tax Rate For Calcs": 0.4,
        "Normalized EBITDA": -1994000000.0,
        "Total Unusual Items": -24000000.0,
        "Total Unusual Items Excluding Goodwill": -24000000.0,
        "Net Income From Continuing Operation Net Minority Interest": -3308000000.0,
        "Reconciled Depreciation": 493000000.0,
        "Reconciled Cost Of Revenue": 16778000000.0,
        "EBITDA": -2018000000.0,
        "EBIT": -2511000000.0,
        "Net Interest Income": -621000000.0,
        "Interest Expense": 621000000.0,
        "Normalized Income": -3293600000.0,
        "Net Income From Continuing And Discontinued Operation": -3308000000.0,
        "Total Expenses": 18731000000.0,
        "Total Operating Income As Reported": -2799000000.0,
        "Diluted Average Shares": 596300000.0,
        "Basic Average Shares": 596300000.0,
        "Diluted EPS": -5.49,
        "Basic EPS": -5.49,
        "Diluted NI Availto Com Stockholders": -3275000000.0,
        "Net Income Common Stockholders": -3275000000.0,
        "Net Income": -3308000000.0,
        "Minority Interests": 33000000.0,
        "Net Income Including Noncontrolling Interests": -3308000000.0,
        "Net Income Continuous Operations": -3308000000.0,
        "Tax Provision": 176000000.0,
        "Pretax Income": -3132000000.0,
        "Other Income Expense": 264000000.0,
        "Other Non Operating Income Expenses": 288000000.0,
        "Special Income Charges": NaN,
        "Gain On Sale Of Ppe": NaN,
        "Gain On Sale Of Security": -24000000.0,
        "Net Non Operating Interest Income Expense": -621000000.0,
        "Interest Expense Non Operating": 621000000.0,
        "Operating Income": -2775000000.0,
        "Operating Expense": 1953000000.0,
        "Research And Development": 727000000.0,
        "Selling General And Administration": 1226000000.0,
        "General And Administrative Expense": 1226000000.0,
        "Other Gand A": 1226000000.0,
        "Gross Profit": -822000000.0,
        "Cost Of Revenue": 16778000000.0,
        "Total Revenue": 15956000000.0,
        "Operating Revenue": 15956000000.0
    },
    "2022-06-30": {
        "Tax Effect Of Unusual Items": 7200000.0,
        "Tax Rate For Calcs": 0.4,
        "Normalized EBITDA": 1507000000.0,
        "Total Unusual Items": 18000000.0,
        "Total Unusual Items Excluding Goodwill": 18000000.0,
        "Net Income From Continuing Operation Net Minority Interest": 160000000.0,
        "Reconciled Depreciation": 498000000.0,
        "Reconciled Cost Of Revenue": 14559000000.0,
        "EBITDA": 1525000000.0,
        "EBIT": 1027000000.0,
        "Net Interest Income": -650000000.0,
        "Interest Expense": 650000000.0,
        "Normalized Income": 149200000.0,
        "Net Income From Continuing And Discontinued Operation": 160000000.0,
        "Total Expenses": 15925000000.0,
        "Total Operating Income As Reported": 774000000.0,
        "Diluted Average Shares": 596100000.0,
        "Basic Average Shares": 596100000.0,
        "Diluted EPS": 0.32,
        "Basic EPS": 0.32,
        "Diluted NI Availto Com Stockholders": 193000000.0,
        "Net Income Common Stockholders": 193000000.0,
        "Net Income": 160000000.0,
        "Minority Interests": 33000000.0,
        "Net Income Including Noncontrolling Interests": 160000000.0,
        "Net Income Continuous Operations": 160000000.0,
        "Tax Provision": 217000000.0,
        "Pretax Income": 377000000.0,
        "Other Income Expense": 271000000.0,
        "Other Non Operating Income Expenses": 253000000.0,
        "Special Income Charges": 1000000.0,
        "Gain On Sale Of Ppe": 1000000.0,
        "Gain On Sale Of Security": 17000000.0,
        "Net Non Operating Interest Income Expense": -650000000.0,
        "Interest Expense Non Operating": 650000000.0,
        "Operating Income": 756000000.0,
        "Operating Expense": 1366000000.0,
        "Research And Development": 698000000.0,
        "Selling General And Administration": 668000000.0,
        "General And Administrative Expense": 668000000.0,
        "Other Gand A": 668000000.0,
        "Gross Profit": 2122000000.0,
        "Cost Of Revenue": 14559000000.0,
        "Total Revenue": 16681000000.0,
        "Operating Revenue": 16681000000.0
    },
    "2023-09-30": {
        "Tax Effect Of Unusual Items": NaN,
        "Tax Rate For Calcs": NaN,
        "Normalized EBITDA": NaN,
        "Total Unusual Items": NaN,
        "Total Unusual Items Excluding Goodwill": NaN,
        "Net Income From Continuing Operation Net Minority Interest": NaN,
        "Reconciled Depreciation": NaN,
        "Reconciled Cost Of Revenue": NaN,
        "EBITDA": NaN,
        "EBIT": NaN,
        "Net Interest Income": NaN,
        "Interest Expense": NaN,
        "Normalized Income": NaN,
        "Net Income From Continuing And Discontinued Operation": NaN,
        "Total Expenses": NaN,
        "Total Operating Income As Reported": NaN,
        "Diluted Average Shares": 607200000.0,
        "Basic Average Shares": 607200000.0,
        "Diluted EPS": -2.7,
        "Basic EPS": -2.7,
        "Diluted NI Availto Com Stockholders": NaN,
        "Net Income Common Stockholders": NaN,
        "Net Income": NaN,
        "Minority Interests": 2000000.0,
        "Net Income Including Noncontrolling Interests": NaN,
        "Net Income Continuous Operations": NaN,
        "Tax Provision": NaN,
        "Pretax Income": NaN,
        "Other Income Expense": NaN,
        "Other Non Operating Income Expenses": NaN,
        "Special Income Charges": NaN,
        "Gain On Sale Of Ppe": NaN,
        "Gain On Sale Of Security": NaN,
        "Net Non Operating Interest Income Expense": NaN,
        "Interest Expense Non Operating": NaN,
        "Operating Income": NaN,
        "Operating Expense": NaN,
        "Research And Development": NaN,
        "Selling General And Administration": NaN,
        "General And Administrative Expense": NaN,
        "Other Gand A": NaN,
        "Gross Profit": NaN,
        "Cost Of Revenue": NaN,
        "Total Revenue": NaN,
        "Operating Revenue": NaN
    },
    "2023-12-31": {
        "Tax Effect Of Unusual Items": 420000.0,
        "Tax Rate For Calcs": 0.21,
        "Normalized EBITDA": 1070000000.0,
        "Total Unusual Items": 2000000.0,
        "Total Unusual Items Excluding Goodwill": 2000000.0,
        "Net Income From Continuing Operation Net Minority Interest": -23000000.0,
        "Reconciled Depreciation": 481000000.0,
        "Reconciled Cost Of Revenue": 19321000000.0,
        "EBITDA": 1072000000.0,
        "EBIT": 591000000.0,
        "Net Interest Income": -600000000.0,
        "Interest Expense": 600000000.0,
        "Normalized Income": -24580000.0,
        "Net Income From Continuing And Discontinued Operation": -23000000.0,
        "Total Expenses": 21737000000.0,
        "Total Operating Income As Reported": 283000000.0,
        "Diluted Average Shares": 609500000.0,
        "Basic Average Shares": 575000000.0,
        "Diluted EPS": -0.04,
        "Basic EPS": -0.04,
        "Diluted NI Availto Com Stockholders": -23000000.0,
        "Net Income Common Stockholders": -23000000.0,
        "Net Income": -23000000.0,
        "Minority Interests": 7000000.0,
        "Net Income Including Noncontrolling Interests": -30000000.0,
        "Net Income Continuous Operations": -30000000.0,
        "Tax Provision": 21000000.0,
        "Pretax Income": -9000000.0,
        "Other Income Expense": 310000000.0,
        "Other Non Operating Income Expenses": 308000000.0,
        "Special Income Charges": 1000000.0,
        "Gain On Sale Of Ppe": 1000000.0,
        "Gain On Sale Of Security": 1000000.0,
        "Net Non Operating Interest Income Expense": -600000000.0,
        "Interest Expense Non Operating": 600000000.0,
        "Operating Income": 281000000.0,
        "Operating Expense": 2416000000.0,
        "Research And Development": 881000000.0,
        "Selling General And Administration": 1535000000.0,
        "General And Administrative Expense": 1535000000.0,
        "Other Gand A": 1535000000.0,
        "Gross Profit": 2697000000.0,
        "Cost Of Revenue": 19321000000.0,
        "Total Revenue": 22018000000.0,
        "Operating Revenue": 22018000000.0
    },
    "2024-03-31": {
        "Tax Effect Of Unusual Items": 4087000.0,
        "Tax Rate For Calcs": 0.061,
        "Normalized EBITDA": 566000000.0,
        "Total Unusual Items": 67000000.0,
        "Total Unusual Items Excluding Goodwill": 67000000.0,
        "Net Income From Continuing Operation Net Minority Interest": -343000000.0,
        "Reconciled Depreciation": 442000000.0,
        "Reconciled Cost Of Revenue": 14693000000.0,
        "EBITDA": 633000000.0,
        "EBIT": 191000000.0,
        "Net Interest Income": -569000000.0,
        "Interest Expense": 569000000.0,
        "Normalized Income": -405913000.0,
        "Net Income From Continuing And Discontinued Operation": -343000000.0,
        "Total Expenses": 16722000000.0,
        "Total Operating Income As Reported": -86000000.0,
        "Diluted Average Shares": 612900000.0,
        "Basic Average Shares": 612900000.0,
        "Diluted EPS": -0.56,
        "Basic EPS": -0.56,
        "Diluted NI Availto Com Stockholders": -343000000.0,
        "Net Income Common Stockholders": -343000000.0,
        "Net Income": -343000000.0,
        "Minority Interests": 12000000.0,
        "Net Income Including Noncontrolling Interests": -355000000.0,
        "Net Income Continuous Operations": -355000000.0,
        "Tax Provision": -23000000.0,
        "Pretax Income": -378000000.0,
        "Other Income Expense": 344000000.0,
        "Other Non Operating Income Expenses": 277000000.0,
        "Special Income Charges": NaN,
        "Gain On Sale Of Ppe": NaN,
        "Gain On Sale Of Security": 67000000.0,
        "Net Non Operating Interest Income Expense": -569000000.0,
        "Interest Expense Non Operating": 569000000.0,
        "Operating Income": -153000000.0,
        "Operating Expense": 2029000000.0,
        "Research And Development": 868000000.0,
        "Selling General And Administration": 1161000000.0,
        "General And Administrative Expense": 1161000000.0,
        "Other Gand A": 1161000000.0,
        "Gross Profit": 1876000000.0,
        "Cost Of Revenue": 14693000000.0,
        "Total Revenue": 16569000000.0,
        "Operating Revenue": 16569000000.0
    },
    "2024-06-30": {
        "Tax Effect Of Unusual Items": 600000.0,
        "Tax Rate For Calcs": 0.05,
        "Normalized EBITDA": -413000000.0,
        "Total Unusual Items": 12000000.0,
        "Total Unusual Items Excluding Goodwill": 12000000.0,
        "Net Income From Continuing Operation Net Minority Interest": -1439000000.0,
        "Reconciled Depreciation": 441000000.0,
        "Reconciled Cost Of Revenue": 15637000000.0,
        "EBITDA": -401000000.0,
        "EBIT": -842000000.0,
        "Net Interest Income": -673000000.0,
        "Interest Expense": 673000000.0,
        "Normalized Income": -1450400000.0,
        "Net Income From Continuing And Discontinued Operation": -1439000000.0,
        "Total Expenses": 17968000000.0,
        "Total Operating Income As Reported": -1090000000.0,
        "Diluted Average Shares": 616600000.0,
        "Basic Average Shares": 616600000.0,
        "Diluted EPS": -2.33,
        "Basic EPS": -2.33,
        "Diluted NI Availto Com Stockholders": -1439000000.0,
        "Net Income Common Stockholders": -1439000000.0,
        "Net Income": -1439000000.0,
        "Minority Interests": NaN,
        "Net Income Including Noncontrolling Interests": -1439000000.0,
        "Net Income Continuous Operations": -1439000000.0,
        "Tax Provision": -76000000.0,
        "Pretax Income": -1515000000.0,
        "Other Income Expense": 260000000.0,
        "Other Non Operating Income Expenses": 248000000.0,
        "Special Income Charges": 5000000.0,
        "Gain On Sale Of Ppe": 5000000.0,
        "Gain On Sale Of Security": 7000000.0,
        "Net Non Operating Interest Income Expense": -673000000.0,
        "Interest Expense Non Operating": 673000000.0,
        "Operating Income": -1102000000.0,
        "Operating Expense": 2331000000.0,
        "Research And Development": 954000000.0,
        "Selling General And Administration": 1377000000.0,
        "General And Administrative Expense": 1377000000.0,
        "Other Gand A": 1377000000.0,
        "Gross Profit": 1229000000.0,
        "Cost Of Revenue": 15637000000.0,
        "Total Revenue": 16866000000.0,
        "Operating Revenue": 16866000000.0
    },
    "2024-09-30": {
        "Tax Effect Of Unusual Items": -120000.0,
        "Tax Rate For Calcs": 0.008,
        "Normalized EBITDA": -5037000000.0,
        "Total Unusual Items": -15000000.0,
        "Total Unusual Items Excluding Goodwill": -15000000.0,
        "Net Income From Continuing Operation Net Minority Interest": -6170000000.0,
        "Reconciled Depreciation": 444000000.0,
        "Reconciled Cost Of Revenue": 21347000000.0,
        "EBITDA": -5052000000.0,
        "EBIT": -5496000000.0,
        "Net Interest Income": -728000000.0,
        "Interest Expense": 728000000.0,
        "Normalized Income": -6155120000.0,
        "Net Income From Continuing And Discontinued Operation": -6170000000.0,
        "Total Expenses": 23586000000.0,
        "Total Operating Income As Reported": -5761000000.0,
        "Diluted Average Shares": 618800000.0,
        "Basic Average Shares": 618800000.0,
        "Diluted EPS": -9.97,
        "Basic EPS": -9.97,
        "Diluted NI Availto Com Stockholders": -6170000000.0,
        "Net Income Common Stockholders": -6170000000.0,
        "Net Income": -6170000000.0,
        "Minority Interests": 4000000.0,
        "Net Income Including Noncontrolling Interests": -6174000000.0,
        "Net Income Continuous Operations": -6174000000.0,
        "Tax Provision": -50000000.0,
        "Pretax Income": -6224000000.0,
        "Other Income Expense": 250000000.0,
        "Other Non Operating Income Expenses": 265000000.0,
        "Special Income Charges": NaN,
        "Gain On Sale Of Ppe": NaN,
        "Gain On Sale Of Security": -15000000.0,
        "Net Non Operating Interest Income Expense": -728000000.0,
        "Interest Expense Non Operating": 728000000.0,
        "Operating Income": -5746000000.0,
        "Operating Expense": 2239000000.0,
        "Research And Development": 1154000000.0,
        "Selling General And Administration": 1085000000.0,
        "General And Administrative Expense": 1085000000.0,
        "Other Gand A": 1085000000.0,
        "Gross Profit": -3507000000.0,
        "Cost Of Revenue": 21347000000.0,
        "Total Revenue": 17840000000.0,
        "Operating Revenue": 17840000000.0
    },
    "2024-12-31": {
        "Tax Effect Of Unusual Items": 3004153.43269,
        "Tax Rate For Calcs": 0.056682,
        "Normalized EBITDA": -2882000000.0,
        "Total Unusual Items": 53000000.0,
        "Total Unusual Items Excluding Goodwill": 53000000.0,
        "Net Income From Continuing Operation Net Minority Interest": -3865000000.0,
        "Reconciled Depreciation": 509000000.0,
        "Reconciled Cost Of Revenue": 16831000000.0,
        "EBITDA": -2829000000.0,
        "EBIT": -3338000000.0,
        "Net Interest Income": -755000000.0,
        "Interest Expense": 755000000.0,
        "Normalized Income": -3914995846.56731,
        "Net Income From Continuing And Discontinued Operation": -3865000000.0,
        "Total Expenses": 19065000000.0,
        "Total Operating Income As Reported": -3770000000.0,
        "Diluted Average Shares": NaN,
        "Basic Average Shares": NaN,
        "Diluted EPS": NaN,
        "Basic EPS": NaN,
        "Diluted NI Availto Com Stockholders": -3923000000.0,
        "Net Income Common Stockholders": -3923000000.0,
        "Net Income": -3865000000.0,
        "Minority Interests": -4000000.0,
        "Net Income Including Noncontrolling Interests": -3861000000.0,
        "Net Income Continuous Operations": -3861000000.0,
        "Tax Provision": -232000000.0,
        "Pretax Income": -4093000000.0,
        "Other Income Expense": 485000000.0,
        "Other Non Operating Income Expenses": 432000000.0,
        "Special Income Charges": 41000000.0,
        "Gain On Sale Of Ppe": 41000000.0,
        "Gain On Sale Of Security": 12000000.0,
        "Net Non Operating Interest Income Expense": -755000000.0,
        "Interest Expense Non Operating": 755000000.0,
        "Operating Income": -3823000000.0,
        "Operating Expense": 2234000000.0,
        "Research And Development": 836000000.0,
        "Selling General And Administration": 1398000000.0,
        "General And Administrative Expense": 1398000000.0,
        "Other Gand A": 1398000000.0,
        "Gross Profit": -1589000000.0,
        "Cost Of Revenue": 16831000000.0,
        "Total Revenue": 15242000000.0,
        "Operating Revenue": 15242000000.0
    }
}