{
    "2023-03-31": {
        "Tax Effect Of Unusual Items": NaN,
        "Tax Rate For Calcs": NaN,
        "Normalized EBITDA": NaN,
        "Total Unusual Items": NaN,
        "Total Unusual Items Excluding Goodwill": NaN,
        "Net Income From Continuing Operation Net Minority Interest": NaN,
        "Reconciled Depreciation": NaN,
        "Reconciled Cost Of Revenue": 266230.0,
        "EBITDA": NaN,
        "EBIT": NaN,
        "Net Interest Income": NaN,
        "Interest Expense": NaN,
        "Interest Income": NaN,
        "Normalized Income": NaN,
        "Net Income From Continuing And Discontinued Operation": NaN,
        "Total Expenses": NaN,
        "Total Operating Income As Reported": NaN,
        "Diluted Average Shares": 1100439.0,
        "Basic Average Shares": 1100439.0,
        "Diluted EPS": -3.36,
        "Basic EPS": -3.36,
        "Diluted NI Availto Com Stockholders": NaN,
        "Net Income Common Stockholders": NaN,
        "Preferred Stock Dividends": NaN,
        "Net Income": NaN,
        "Net Income Including Noncontrolling Interests": NaN,
        "Net Income Discontinuous Operations": -2401791.0,
        "Net Income Continuous Operations": NaN,
        "Tax Provision": NaN,
        "Pretax Income": NaN,
        "Other Income Expense": 148.0,
        "Other Non Operating Income Expenses": NaN,
        "Special Income Charges": NaN,
        "Gain On Sale Of Ppe": NaN,
        "Net Non Operating Interest Income Expense": NaN,
        "Interest Expense Non Operating": NaN,
        "Interest Income Non Operating": NaN,
        "Operating Income": NaN,
        "Operating Expense": NaN,
        "Depreciation Amortization Depletion Income Statement": 47177.0,
        "Depreciation And Amortization In Income Statement": 47177.0,
        "Selling General And Administration": NaN,
        "Selling And Marketing Expense": 7732.0,
        "General And Administrative Expense": NaN,
        "Other Gand A": NaN,
        "Salaries And Wages": 637817.0,
        "Gross Profit": 1827131.0,
        "Cost Of Revenue": 266231.0,
        "Total Revenue": NaN,
        "Operating Revenue": NaN
    },
    "2022-12-31": {
        "Tax Effect Of Unusual Items": NaN,
        "Tax Rate For Calcs": NaN,
        "Normalized EBITDA": NaN,
        "Total Unusual Items": NaN,
        "Total Unusual Items Excluding Goodwill": NaN,
        "Net Income From Continuing Operation Net Minority Interest": NaN,
        "Reconciled Depreciation": NaN,
        "Reconciled Cost Of Revenue": 370900.0,
        "EBITDA": NaN,
        "EBIT": NaN,
        "Net Interest Income": NaN,
        "Interest Expense": NaN,
        "Interest Income": NaN,
        "Normalized Income": NaN,
        "Net Income From Continuing And Discontinued Operation": NaN,
        "Total Expenses": NaN,
        "Total Operating Income As Reported": NaN,
        "Diluted Average Shares": NaN,
        "Basic Average Shares": NaN,
        "Diluted EPS": NaN,
        "Basic EPS": NaN,
        "Diluted NI Availto Com Stockholders": NaN,
        "Net Income Common Stockholders": NaN,
        "Net Income": NaN,
        "Net Income Including Noncontrolling Interests": NaN,
        "Net Income Discontinuous Operations": NaN,
        "Net Income Continuous Operations": NaN,
        "Tax Provision": NaN,
        "Pretax Income": NaN,
        "Other Income Expense": -4488606.0,
        "Other Non Operating Income Expenses": 11081.0,
        "Special Income Charges": NaN,
        "Gain On Sale Of Ppe": NaN,
        "Net Non Operating Interest Income Expense": NaN,
        "Interest Expense Non Operating": NaN,
        "Interest Income Non Operating": NaN,
        "Operating Income": NaN,
        "Operating Expense": NaN,
        "Depreciation Amortization Depletion Income Statement": NaN,
        "Depreciation And Amortization In Income Statement": NaN,
        "Selling General And Administration": NaN,
        "Selling And Marketing Expense": NaN,
        "General And Administrative Expense": NaN,
        "Other Gand A": NaN,
        "Salaries And Wages": NaN,
        "Gross Profit": 3100480.0,
        "Cost Of Revenue": 370900.0,
        "Total Revenue": NaN,
        "Operating Revenue": NaN
    },
    "2022-09-30": {
        "Tax Effect Of Unusual Items": NaN,
        "Tax Rate For Calcs": NaN,
        "Normalized EBITDA": NaN,
        "Total Unusual Items": NaN,
        "Total Unusual Items Excluding Goodwill": NaN,
        "Net Income From Continuing Operation Net Minority Interest": NaN,
        "Reconciled Depreciation": NaN,
        "Reconciled Cost Of Revenue": 279798.0,
        "EBITDA": NaN,
        "EBIT": NaN,
        "Net Interest Income": NaN,
        "Interest Expense": NaN,
        "Interest Income": NaN,
        "Normalized Income": NaN,
        "Net Income From Continuing And Discontinued Operation": NaN,
        "Total Expenses": NaN,
        "Total Operating Income As Reported": NaN,
        "Diluted Average Shares": 914166.0,
        "Basic Average Shares": 914166.0,
        "Diluted EPS": -6.93,
        "Basic EPS": -6.93,
        "Diluted NI Availto Com Stockholders": NaN,
        "Net Income Common Stockholders": NaN,
        "Net Income": NaN,
        "Net Income Including Noncontrolling Interests": NaN,
        "Net Income Discontinuous Operations": NaN,
        "Net Income Continuous Operations": NaN,
        "Tax Provision": NaN,
        "Pretax Income": NaN,
        "Other Income Expense": NaN,
        "Other Non Operating Income Expenses": 12718.0,
        "Special Income Charges": NaN,
        "Gain On Sale Of Ppe": NaN,
        "Net Non Operating Interest Income Expense": NaN,
        "Interest Expense Non Operating": NaN,
        "Interest Income Non Operating": NaN,
        "Operating Income": NaN,
        "Operating Expense": NaN,
        "Depreciation Amortization Depletion Income Statement": NaN,
        "Depreciation And Amortization In Income Statement": NaN,
        "Selling General And Administration": NaN,
        "Selling And Marketing Expense": NaN,
        "General And Administrative Expense": NaN,
        "Other Gand A": NaN,
        "Salaries And Wages": NaN,
        "Gross Profit": 3506428.0,
        "Cost Of Revenue": 279800.0,
        "Total Revenue": NaN,
        "Operating Revenue": NaN
    },
    "2022-06-30": {
        "Tax Effect Of Unusual Items": 0.0,
        "Tax Rate For Calcs": 0.0,
        "Normalized EBITDA": -1365922.0,
        "Total Unusual Items": -34832.0,
        "Total Unusual Items Excluding Goodwill": -34832.0,
        "Net Income From Continuing Operation Net Minority Interest": -1844099.0,
        "Reconciled Depreciation": 438612.0,
        "Reconciled Cost Of Revenue": 397235.0,
        "EBITDA": -1400754.0,
        "EBIT": -1839366.0,
        "Net Interest Income": -3412.0,
        "Interest Expense": 4733.0,
        "Interest Income": 1321.0,
        "Normalized Income": -1809267.0,
        "Net Income From Continuing And Discontinued Operation": -1844099.0,
        "Total Expenses": 6799413.0,
        "Total Operating Income As Reported": -1801157.0,
        "Diluted Average Shares": 26800926.0,
        "Basic Average Shares": 26800926.0,
        "Diluted EPS": -0.07,
        "Basic EPS": -0.07,
        "Diluted NI Availto Com Stockholders": -1844099.0,
        "Net Income Common Stockholders": -1844099.0,
        "Net Income": -1844099.0,
        "Net Income Including Noncontrolling Interests": -1844099.0,
        "Net Income Continuous Operations": -1844099.0,
        "Tax Provision": 0.0,
        "Pretax Income": -1844099.0,
        "Other Income Expense": -74362.0,
        "Other Non Operating Income Expenses": -39530.0,
        "Special Income Charges": -34832.0,
        "Gain On Sale Of Ppe": -34832.0,
        "Net Non Operating Interest Income Expense": -3412.0,
        "Interest Expense Non Operating": 4733.0,
        "Interest Income Non Operating": 1321.0,
        "Operating Income": -1766325.0,
        "Operating Expense": 6402178.0,
        "Depreciation Amortization Depletion Income Statement": 438612.0,
        "Depreciation And Amortization In Income Statement": 438612.0,
        "Selling General And Administration": 5963566.0,
        "Selling And Marketing Expense": 242562.0,
        "General And Administrative Expense": 5721004.0,
        "Other Gand A": 1857915.0,
        "Salaries And Wages": 3863089.0,
        "Gross Profit": 4635853.0,
        "Cost Of Revenue": 397235.0,
        "Total Revenue": 5033088.0,
        "Operating Revenue": 5033088.0
    },
    "2022-03-31": {
        "Diluted EPS": -0.12,
        "Total Revenue": 4,
        "Gross Profit": 4,
        "Operating Income": -3,
        "EBIT": -3,
        "Net Income": -3
    },
    "2021-12-31": {
        "Diluted EPS": -0.13,
        "Total Revenue": 4,
        "Gross Profit": 4,
        "Operating Income": -3,
        "EBIT": -2,
        "Net Income": -3
    },
    "2021-09-30": {
        "Diluted EPS": -0.07,
        "Total Revenue": 3,
        "Gross Profit": 3,
        "Operating Income": -3,
        "EBIT": -2,
        "Net Income": -3
    },
    "2021-06-30": {
        "Diluted EPS": -0.1,
        "Total Revenue": 3,
        "Gross Profit": 3,
        "Operating Income": -2,
        "EBIT": -2,
        "Net Income": -3
    },
    "2021-03-31": {
        "Diluted EPS": -0.17,
        "Total Revenue": 3,
        "Gross Profit": 3,
        "Operating Income": -2,
        "EBIT": -2,
        "Net Income": -2
    },
    "2020-12-31": {
        "Diluted EPS": 0.0,
        "Total Revenue": 3,
        "Gross Profit": 3,
        "Operating Income": -2,
        "EBIT": -1,
        "Net Income": 0
    },
    "2020-09-30": {
        "Diluted EPS": -0.12,
        "Total Revenue": 3,
        "Gross Profit": 3,
        "Operating Income": -1,
        "EBIT": -1,
        "Net Income": -1
    },
    "2020-06-30": {
        "Diluted EPS": -0.2,
        "Total Revenue": 3,
        "Gross Profit": 3,
        "Operating Income": -2,
        "EBIT": -1,
        "Net Income": -2
    },
    "2020-03-31": {
        "Diluted EPS": -0.18,
        "Total Revenue": 3,
        "Gross Profit": 3,
        "Operating Income": -2,
        "EBIT": -2,
        "Net Income": -2
    },
    "2019-12-31": {
        "Diluted EPS": -0.15,
        "Total Revenue": 4,
        "Gross Profit": 4,
        "Operating Income": -1,
        "EBIT": -1,
        "Net Income": -1
    },
    "2019-09-30": {
        "Diluted EPS": -0.19,
        "Total Revenue": 4,
        "Gross Profit": 4,
        "Operating Income": -2,
        "EBIT": -1,
        "Net Income": -2
    },
    "2019-06-30": {
        "Diluted EPS": -0.23,
        "Total Revenue": 4,
        "Gross Profit": 4,
        "Operating Income": -2,
        "EBIT": -2,
        "Net Income": -2
    },
    "2019-03-31": {
        "Diluted EPS": -0.27,
        "Total Revenue": 3,
        "Gross Profit": 3,
        "Operating Income": -1,
        "EBIT": -1,
        "Net Income": -2
    },
    "2018-12-31": {
        "Diluted EPS": 0.0,
        "Total Revenue": 3,
        "Gross Profit": 3,
        "Operating Income": -1,
        "EBIT": -1,
        "Net Income": -1
    },
    "2018-09-30": {
        "Diluted EPS": -0.22,
        "Total Revenue": 3,
        "Gross Profit": 3,
        "Operating Income": -1,
        "EBIT": -1,
        "Net Income": -1
    },
    "2018-06-30": {
        "Diluted EPS": -0.16,
        "Total Revenue": 1,
        "Gross Profit": 1,
        "Operating Income": -1,
        "EBIT": -1,
        "Net Income": -1
    },
    "2018-03-31": {
        "Diluted EPS": -0.09,
        "Total Revenue": 0,
        "Gross Profit": 0,
        "Operating Income": -1,
        "EBIT": -1,
        "Net Income": 0
    },
    "2017-12-31": {
        "Diluted EPS": 0.0,
        "Total Revenue": NaN,
        "Gross Profit": NaN,
        "Operating Income": NaN,
        "EBIT": NaN,
        "Net Income": NaN
    },
    "2023-06-30": {
        "Tax Effect Of Unusual Items": NaN,
        "Tax Rate For Calcs": NaN,
        "Normalized EBITDA": NaN,
        "Total Unusual Items": NaN,
        "Total Unusual Items Excluding Goodwill": NaN,
        "Net Income From Continuing Operation Net Minority Interest": NaN,
        "Reconciled Depreciation": NaN,
        "Reconciled Cost Of Revenue": 0.0,
        "EBITDA": NaN,
        "EBIT": NaN,
        "Net Interest Income": NaN,
        "Interest Expense": NaN,
        "Interest Income": NaN,
        "Normalized Income": NaN,
        "Net Income From Continuing And Discontinued Operation": NaN,
        "Total Expenses": NaN,
        "Total Operating Income As Reported": NaN,
        "Diluted Average Shares": 1100568.0,
        "Basic Average Shares": 1100568.0,
        "Diluted EPS": -1.28,
        "Basic EPS": -1.28,
        "Diluted NI Availto Com Stockholders": NaN,
        "Net Income Common Stockholders": NaN,
        "Preferred Stock Dividends": NaN,
        "Net Income": NaN,
        "Net Income Including Noncontrolling Interests": NaN,
        "Net Income Discontinuous Operations": -244409.0,
        "Net Income Continuous Operations": NaN,
        "Tax Provision": NaN,
        "Pretax Income": NaN,
        "Other Income Expense": -301904.0,
        "Other Non Operating Income Expenses": NaN,
        "Special Income Charges": NaN,
        "Gain On Sale Of Ppe": NaN,
        "Net Non Operating Interest Income Expense": NaN,
        "Interest Expense Non Operating": NaN,
        "Interest Income Non Operating": NaN,
        "Operating Income": NaN,
        "Operating Expense": NaN,
        "Depreciation Amortization Depletion Income Statement": 119795.0,
        "Depreciation And Amortization In Income Statement": 119795.0,
        "Selling General And Administration": NaN,
        "Selling And Marketing Expense": 36761.0,
        "General And Administrative Expense": NaN,
        "Other Gand A": NaN,
        "Salaries And Wages": 1251842.0,
        "Gross Profit": 0.0,
        "Cost Of Revenue": 0.0,
        "Total Revenue": NaN,
        "Operating Revenue": NaN
    },
    "2023-09-30": {
        "Tax Effect Of Unusual Items": 0.0,
        "Tax Rate For Calcs": 0.0,
        "Normalized EBITDA": -892336.0,
        "Total Unusual Items": -2266852.0,
        "Total Unusual Items Excluding Goodwill": -2266852.0,
        "Net Income From Continuing Operation Net Minority Interest": -3307467.0,
        "Reconciled Depreciation": 77229.0,
        "Reconciled Cost Of Revenue": 0.0,
        "EBITDA": -3159188.0,
        "EBIT": -3236417.0,
        "Net Interest Income": -44023.0,
        "Interest Expense": 71050.0,
        "Interest Income": 27027.0,
        "Normalized Income": -1040615.0,
        "Net Income From Continuing And Discontinued Operation": -2857671.0,
        "Total Expenses": 996592.0,
        "Total Operating Income As Reported": -3263444.0,
        "Diluted Average Shares": 1107134.0,
        "Basic Average Shares": 1107134.0,
        "Diluted EPS": -2.63,
        "Basic EPS": -2.63,
        "Diluted NI Availto Com Stockholders": -2912671.0,
        "Net Income Common Stockholders": -2912671.0,
        "Preferred Stock Dividends": 55000.0,
        "Net Income": -2857671.0,
        "Net Income Including Noncontrolling Interests": -2857671.0,
        "Net Income Discontinuous Operations": 449796.0,
        "Net Income Continuous Operations": -3307467.0,
        "Tax Provision": 0.0,
        "Pretax Income": -3307467.0,
        "Other Income Expense": -2266852.0,
        "Other Non Operating Income Expenses": 84744.0,
        "Special Income Charges": -2266852.0,
        "Gain On Sale Of Ppe": -2266852.0,
        "Net Non Operating Interest Income Expense": -44023.0,
        "Interest Expense Non Operating": 71050.0,
        "Interest Income Non Operating": 27027.0,
        "Operating Income": -996592.0,
        "Operating Expense": 996592.0,
        "Depreciation Amortization Depletion Income Statement": 77228.0,
        "Depreciation And Amortization In Income Statement": 77228.0,
        "Selling General And Administration": 996592.0,
        "Selling And Marketing Expense": 8661.0,
        "General And Administrative Expense": 996592.0,
        "Other Gand A": 996592.0,
        "Salaries And Wages": 912176.0,
        "Gross Profit": 0.0,
        "Cost Of Revenue": 0.0,
        "Total Revenue": 0.0,
        "Operating Revenue": 0.0
    },
    "2023-12-31": {
        "Tax Effect Of Unusual Items": 0.0,
        "Tax Rate For Calcs": 0.0,
        "Normalized EBITDA": 1080819.0,
        "Total Unusual Items": 449308.0,
        "Total Unusual Items Excluding Goodwill": 449308.0,
        "Net Income From Continuing Operation Net Minority Interest": 1485071.0,
        "Reconciled Depreciation": 16746.0,
        "Reconciled Cost Of Revenue": NaN,
        "EBITDA": 1530127.0,
        "EBIT": 1513381.0,
        "Net Interest Income": -28184.0,
        "Interest Expense": 28310.0,
        "Interest Income": 126.0,
        "Normalized Income": 1035763.0,
        "Net Income From Continuing And Discontinued Operation": -1458156.0,
        "Total Expenses": -6153890.0,
        "Total Operating Income As Reported": 1600039.0,
        "Diluted Average Shares": NaN,
        "Basic Average Shares": NaN,
        "Diluted EPS": NaN,
        "Basic EPS": NaN,
        "Diluted NI Availto Com Stockholders": -1458156.0,
        "Net Income Common Stockholders": -1458156.0,
        "Preferred Stock Dividends": NaN,
        "Net Income": -1458156.0,
        "Net Income Including Noncontrolling Interests": -1458156.0,
        "Net Income Discontinuous Operations": NaN,
        "Net Income Continuous Operations": 1485071.0,
        "Tax Provision": 0.0,
        "Pretax Income": 1485071.0,
        "Other Income Expense": 362524.0,
        "Other Non Operating Income Expenses": -86784.0,
        "Special Income Charges": 449308.0,
        "Gain On Sale Of Ppe": 449308.0,
        "Net Non Operating Interest Income Expense": -28184.0,
        "Interest Expense Non Operating": 28310.0,
        "Interest Income Non Operating": 126.0,
        "Operating Income": 1150731.0,
        "Operating Expense": -5566017.0,
        "Depreciation Amortization Depletion Income Statement": -260709.0,
        "Depreciation And Amortization In Income Statement": -260709.0,
        "Selling General And Administration": -5305308.0,
        "Selling And Marketing Expense": -112233.0,
        "General And Administrative Expense": -5193075.0,
        "Other Gand A": -2064378.0,
        "Salaries And Wages": -3128697.0,
        "Gross Profit": NaN,
        "Cost Of Revenue": NaN,
        "Total Revenue": -5003159.0,
        "Operating Revenue": -5003159.0
    },
    "2024-03-31": {
        "Tax Effect Of Unusual Items": 0.0,
        "Tax Rate For Calcs": 0.0,
        "Normalized EBITDA": -408426.0,
        "Total Unusual Items": 0.0,
        "Total Unusual Items Excluding Goodwill": 0.0,
        "Net Income From Continuing Operation Net Minority Interest": -448899.0,
        "Reconciled Depreciation": 0.0,
        "Reconciled Cost Of Revenue": NaN,
        "EBITDA": -408426.0,
        "EBIT": -408426.0,
        "Net Interest Income": -40269.0,
        "Interest Expense": 40473.0,
        "Interest Income": 204.0,
        "Normalized Income": -448899.0,
        "Net Income From Continuing And Discontinued Operation": -407219.0,
        "Total Expenses": 408630.0,
        "Total Operating Income As Reported": -408630.0,
        "Diluted Average Shares": 1148321.0,
        "Basic Average Shares": 1148321.0,
        "Diluted EPS": -0.35,
        "Basic EPS": -0.35,
        "Diluted NI Availto Com Stockholders": -407219.0,
        "Net Income Common Stockholders": -407219.0,
        "Preferred Stock Dividends": NaN,
        "Net Income": -407219.0,
        "Net Income Including Noncontrolling Interests": -407219.0,
        "Net Income Discontinuous Operations": 41680.0,
        "Net Income Continuous Operations": -448899.0,
        "Tax Provision": 0.0,
        "Pretax Income": -448899.0,
        "Other Income Expense": NaN,
        "Other Non Operating Income Expenses": NaN,
        "Special Income Charges": 0.0,
        "Gain On Sale Of Ppe": 0.0,
        "Net Non Operating Interest Income Expense": -40269.0,
        "Interest Expense Non Operating": 40473.0,
        "Interest Income Non Operating": 204.0,
        "Operating Income": -408630.0,
        "Operating Expense": 408630.0,
        "Depreciation Amortization Depletion Income Statement": 0.0,
        "Depreciation And Amortization In Income Statement": 0.0,
        "Selling General And Administration": 408630.0,
        "Selling And Marketing Expense": 0.0,
        "General And Administrative Expense": 408630.0,
        "Other Gand A": 258428.0,
        "Salaries And Wages": 150202.0,
        "Gross Profit": NaN,
        "Cost Of Revenue": NaN,
        "Total Revenue": 0.0,
        "Operating Revenue": 0.0
    },
    "2024-06-30": {
        "Tax Effect Of Unusual Items": 0.0,
        "Tax Rate For Calcs": 0.0,
        "Normalized EBITDA": -1366358.0,
        "Total Unusual Items": 0.0,
        "Total Unusual Items Excluding Goodwill": 0.0,
        "Net Income From Continuing Operation Net Minority Interest": -1413106.0,
        "Reconciled Depreciation": 34795.0,
        "Reconciled Cost Of Revenue": 72002.0,
        "EBITDA": -1366358.0,
        "EBIT": -1401153.0,
        "Net Interest Income": -11162.0,
        "Interest Expense": 11953.0,
        "Interest Income": 791.0,
        "Normalized Income": -1413106.0,
        "Net Income From Continuing And Discontinued Operation": -1383404.0,
        "Total Expenses": 1417694.0,
        "Total Operating Income As Reported": -1401944.0,
        "Diluted Average Shares": 1181390.0,
        "Basic Average Shares": 1181390.0,
        "Diluted EPS": -1.72,
        "Basic EPS": -1.72,
        "Diluted NI Availto Com Stockholders": -2031520.0,
        "Net Income Common Stockholders": -2031520.0,
        "Preferred Stock Dividends": 648116.0,
        "Net Income": -1383404.0,
        "Net Income Including Noncontrolling Interests": -1383404.0,
        "Net Income Discontinuous Operations": 29702.0,
        "Net Income Continuous Operations": -1413106.0,
        "Tax Provision": 0.0,
        "Pretax Income": -1413106.0,
        "Other Income Expense": NaN,
        "Other Non Operating Income Expenses": NaN,
        "Special Income Charges": 0.0,
        "Gain On Sale Of Ppe": 0.0,
        "Net Non Operating Interest Income Expense": -11162.0,
        "Interest Expense Non Operating": 11953.0,
        "Interest Income Non Operating": 791.0,
        "Operating Income": -1401944.0,
        "Operating Expense": 1345692.0,
        "Depreciation Amortization Depletion Income Statement": NaN,
        "Depreciation And Amortization In Income Statement": NaN,
        "Selling General And Administration": 1345692.0,
        "Selling And Marketing Expense": NaN,
        "General And Administrative Expense": 1345692.0,
        "Other Gand A": 1345692.0,
        "Salaries And Wages": NaN,
        "Gross Profit": -56252.0,
        "Cost Of Revenue": 72002.0,
        "Total Revenue": 15750.0,
        "Operating Revenue": 15750.0
    },
    "2024-09-30": {
        "Tax Effect Of Unusual Items": 0.0,
        "Tax Rate For Calcs": 0.0,
        "Normalized EBITDA": -1942445.0,
        "Total Unusual Items": 0.0,
        "Total Unusual Items Excluding Goodwill": 0.0,
        "Net Income From Continuing Operation Net Minority Interest": -2101274.0,
        "Reconciled Depreciation": 52193.0,
        "Reconciled Cost Of Revenue": 122077.0,
        "EBITDA": -1942445.0,
        "EBIT": -1994638.0,
        "Net Interest Income": -105183.0,
        "Interest Expense": 106636.0,
        "Interest Income": 1453.0,
        "Normalized Income": -2101274.0,
        "Net Income From Continuing And Discontinued Operation": -2204648.0,
        "Total Expenses": 2052391.0,
        "Total Operating Income As Reported": -1996091.0,
        "Diluted Average Shares": 1414912.0,
        "Basic Average Shares": 1414912.0,
        "Diluted EPS": -3.64,
        "Basic EPS": -3.64,
        "Diluted NI Availto Com Stockholders": -2638078.0,
        "Net Income Common Stockholders": -2638078.0,
        "Preferred Stock Dividends": 433430.0,
        "Net Income": -2204648.0,
        "Net Income Including Noncontrolling Interests": -2204648.0,
        "Net Income Discontinuous Operations": -103374.0,
        "Net Income Continuous Operations": -2101274.0,
        "Tax Provision": 0.0,
        "Pretax Income": -2101274.0,
        "Other Income Expense": NaN,
        "Other Non Operating Income Expenses": NaN,
        "Special Income Charges": 0.0,
        "Gain On Sale Of Ppe": 0.0,
        "Net Non Operating Interest Income Expense": -105183.0,
        "Interest Expense Non Operating": 106636.0,
        "Interest Income Non Operating": 1453.0,
        "Operating Income": -1996091.0,
        "Operating Expense": 1930314.0,
        "Depreciation Amortization Depletion Income Statement": NaN,
        "Depreciation And Amortization In Income Statement": NaN,
        "Selling General And Administration": 1930314.0,
        "Selling And Marketing Expense": NaN,
        "General And Administrative Expense": 1930314.0,
        "Other Gand A": 1930314.0,
        "Salaries And Wages": NaN,
        "Gross Profit": -65777.0,
        "Cost Of Revenue": 122077.0,
        "Total Revenue": 56300.0,
        "Operating Revenue": 56300.0
    }
}