{
    "2023-06-30": {
        "Tax Effect Of Unusual Items": 702896.0,
        "Tax Rate For Calcs": 0.197,
        "Normalized EBITDA": 277162000.0,
        "Total Unusual Items": 3568000.0,
        "Total Unusual Items Excluding Goodwill": 3568000.0,
        "Net Income From Continuing Operation Net Minority Interest": 161388000.0,
        "Reconciled Depreciation": 41847000.0,
        "Reconciled Cost Of Revenue": 1251916000.0,
        "EBITDA": 280730000.0,
        "EBIT": 238883000.0,
        "Net Interest Income": -39042000.0,
        "Interest Expense": 38015000.0,
        "Normalized Income": 158522896.0,
        "Net Income From Continuing And Discontinued Operation": 161388000.0,
        "Total Expenses": 2420068000.0,
        "Total Operating Income As Reported": 234418000.0,
        "Diluted Average Shares": 131530633.0,
        "Basic Average Shares": 131031979.0,
        "Diluted EPS": 1.22,
        "Basic EPS": 1.22,
        "Diluted NI Availto Com Stockholders": 160149000.0,
        "Average Dilution Earnings": NaN,
        "Net Income Common Stockholders": 160146000.0,
        "Otherunder Preferred Stock Dividend": NaN,
        "Net Income": 161388000.0,
        "Minority Interests": 0.0,
        "Net Income Including Noncontrolling Interests": 161388000.0,
        "Net Income Continuous Operations": 161388000.0,
        "Tax Provision": 39480000.0,
        "Pretax Income": 200868000.0,
        "Other Income Expense": 5492000.0,
        "Other Non Operating Income Expenses": 1924000.0,
        "Gain On Sale Of Security": 3568000.0,
        "Net Non Operating Interest Income Expense": -39042000.0,
        "Total Other Finance Cost": 1027000.0,
        "Interest Expense Non Operating": 38015000.0,
        "Operating Income": 234418000.0,
        "Operating Expense": 1168152000.0,
        "Other Operating Expenses": 812304000.0,
        "Depreciation Amortization Depletion Income Statement": 41847000.0,
        "Depreciation And Amortization In Income Statement": 41847000.0,
        "Selling General And Administration": 314001000.0,
        "General And Administrative Expense": 314001000.0,
        "Other Gand A": 314001000.0,
        "Gross Profit": 1402570000.0,
        "Cost Of Revenue": 1251916000.0,
        "Total Revenue": 2654486000.0,
        "Operating Revenue": 2654486000.0
    },
    "2023-03-31": {
        "Tax Effect Of Unusual Items": NaN,
        "Tax Rate For Calcs": NaN,
        "Normalized EBITDA": NaN,
        "Total Unusual Items": NaN,
        "Total Unusual Items Excluding Goodwill": NaN,
        "Net Income From Continuing Operation Net Minority Interest": NaN,
        "Reconciled Depreciation": NaN,
        "Reconciled Cost Of Revenue": NaN,
        "EBITDA": NaN,
        "EBIT": NaN,
        "Net Interest Income": NaN,
        "Interest Expense": NaN,
        "Normalized Income": NaN,
        "Net Income From Continuing And Discontinued Operation": NaN,
        "Total Expenses": NaN,
        "Total Operating Income As Reported": NaN,
        "Diluted Average Shares": NaN,
        "Basic Average Shares": NaN,
        "Diluted EPS": NaN,
        "Basic EPS": NaN,
        "Diluted NI Availto Com Stockholders": NaN,
        "Average Dilution Earnings": NaN,
        "Net Income Common Stockholders": NaN,
        "Otherunder Preferred Stock Dividend": NaN,
        "Net Income": NaN,
        "Minority Interests": -74000.0,
        "Net Income Including Noncontrolling Interests": NaN,
        "Net Income Continuous Operations": NaN,
        "Tax Provision": NaN,
        "Pretax Income": NaN,
        "Other Income Expense": NaN,
        "Other Non Operating Income Expenses": NaN,
        "Gain On Sale Of Security": NaN,
        "Net Non Operating Interest Income Expense": NaN,
        "Total Other Finance Cost": NaN,
        "Interest Expense Non Operating": NaN,
        "Operating Income": NaN,
        "Operating Expense": NaN,
        "Other Operating Expenses": NaN,
        "Depreciation Amortization Depletion Income Statement": NaN,
        "Depreciation And Amortization In Income Statement": NaN,
        "Selling General And Administration": NaN,
        "General And Administrative Expense": NaN,
        "Other Gand A": NaN,
        "Gross Profit": NaN,
        "Cost Of Revenue": NaN,
        "Total Revenue": NaN,
        "Operating Revenue": NaN
    },
    "2022-12-31": {
        "Tax Effect Of Unusual Items": NaN,
        "Tax Rate For Calcs": NaN,
        "Normalized EBITDA": NaN,
        "Total Unusual Items": NaN,
        "Total Unusual Items Excluding Goodwill": NaN,
        "Net Income From Continuing Operation Net Minority Interest": NaN,
        "Reconciled Depreciation": NaN,
        "Reconciled Cost Of Revenue": NaN,
        "EBITDA": NaN,
        "EBIT": NaN,
        "Net Interest Income": NaN,
        "Interest Expense": NaN,
        "Normalized Income": NaN,
        "Net Income From Continuing And Discontinued Operation": NaN,
        "Total Expenses": NaN,
        "Total Operating Income As Reported": NaN,
        "Diluted Average Shares": 132759877.0,
        "Basic Average Shares": 132224802.0,
        "Diluted EPS": 0.23,
        "Basic EPS": 0.23,
        "Diluted NI Availto Com Stockholders": NaN,
        "Average Dilution Earnings": 0.0,
        "Net Income Common Stockholders": NaN,
        "Otherunder Preferred Stock Dividend": 471000.0,
        "Net Income": NaN,
        "Minority Interests": NaN,
        "Net Income Including Noncontrolling Interests": NaN,
        "Net Income Continuous Operations": NaN,
        "Tax Provision": NaN,
        "Pretax Income": NaN,
        "Other Income Expense": NaN,
        "Other Non Operating Income Expenses": NaN,
        "Gain On Sale Of Security": NaN,
        "Net Non Operating Interest Income Expense": NaN,
        "Total Other Finance Cost": NaN,
        "Interest Expense Non Operating": NaN,
        "Operating Income": NaN,
        "Operating Expense": NaN,
        "Other Operating Expenses": NaN,
        "Depreciation Amortization Depletion Income Statement": NaN,
        "Depreciation And Amortization In Income Statement": NaN,
        "Selling General And Administration": NaN,
        "General And Administrative Expense": NaN,
        "Other Gand A": NaN,
        "Gross Profit": NaN,
        "Cost Of Revenue": NaN,
        "Total Revenue": NaN,
        "Operating Revenue": NaN
    },
    "2022-09-30": {
        "Tax Effect Of Unusual Items": NaN,
        "Tax Rate For Calcs": NaN,
        "Normalized EBITDA": NaN,
        "Total Unusual Items": NaN,
        "Total Unusual Items Excluding Goodwill": NaN,
        "Net Income From Continuing Operation Net Minority Interest": NaN,
        "Reconciled Depreciation": NaN,
        "Reconciled Cost Of Revenue": NaN,
        "EBITDA": NaN,
        "EBIT": NaN,
        "Net Interest Income": NaN,
        "Interest Expense": NaN,
        "Normalized Income": NaN,
        "Net Income From Continuing And Discontinued Operation": NaN,
        "Total Expenses": NaN,
        "Total Operating Income As Reported": NaN,
        "Diluted Average Shares": 132729245.0,
        "Basic Average Shares": 132266373.0,
        "Diluted EPS": 1.28,
        "Basic EPS": 1.28,
        "Diluted NI Availto Com Stockholders": NaN,
        "Average Dilution Earnings": -1386000.0,
        "Net Income Common Stockholders": NaN,
        "Otherunder Preferred Stock Dividend": 1087000.0,
        "Net Income": NaN,
        "Minority Interests": NaN,
        "Net Income Including Noncontrolling Interests": NaN,
        "Net Income Continuous Operations": NaN,
        "Tax Provision": NaN,
        "Pretax Income": NaN,
        "Other Income Expense": NaN,
        "Other Non Operating Income Expenses": NaN,
        "Gain On Sale Of Security": NaN,
        "Net Non Operating Interest Income Expense": NaN,
        "Total Other Finance Cost": NaN,
        "Interest Expense Non Operating": NaN,
        "Operating Income": NaN,
        "Operating Expense": NaN,
        "Other Operating Expenses": NaN,
        "Depreciation Amortization Depletion Income Statement": NaN,
        "Depreciation And Amortization In Income Statement": NaN,
        "Selling General And Administration": NaN,
        "General And Administrative Expense": NaN,
        "Other Gand A": NaN,
        "Gross Profit": NaN,
        "Cost Of Revenue": NaN,
        "Total Revenue": NaN,
        "Operating Revenue": NaN
    },
    "2022-06-30": {
        "Tax Effect Of Unusual Items": -653961.0,
        "Tax Rate For Calcs": 0.231,
        "Normalized EBITDA": 243178000.0,
        "Total Unusual Items": -2831000.0,
        "Total Unusual Items Excluding Goodwill": -2831000.0,
        "Net Income From Continuing Operation Net Minority Interest": 138284000.0,
        "Reconciled Depreciation": 40102000.0,
        "Reconciled Cost Of Revenue": 1074973000.0,
        "EBITDA": 240347000.0,
        "EBIT": 200245000.0,
        "Net Interest Income": -21824000.0,
        "Interest Expense": 20663000.0,
        "Normalized Income": 140461039.0,
        "Net Income From Continuing And Discontinued Operation": 138284000.0,
        "Total Expenses": 2042405000.0,
        "Total Operating Income As Reported": 207195000.0,
        "Diluted Average Shares": 133011088.0,
        "Basic Average Shares": 132371487.0,
        "Diluted EPS": 1.03,
        "Basic EPS": 1.04,
        "Diluted NI Availto Com Stockholders": 138284000.0,
        "Average Dilution Earnings": NaN,
        "Net Income Common Stockholders": 138284000.0,
        "Otherunder Preferred Stock Dividend": NaN,
        "Net Income": 138284000.0,
        "Minority Interests": 191000.0,
        "Net Income Including Noncontrolling Interests": 138093000.0,
        "Net Income Continuous Operations": 138093000.0,
        "Tax Provision": 41489000.0,
        "Pretax Income": 179582000.0,
        "Other Income Expense": -5789000.0,
        "Other Non Operating Income Expenses": -2958000.0,
        "Gain On Sale Of Security": -2831000.0,
        "Net Non Operating Interest Income Expense": -21824000.0,
        "Total Other Finance Cost": 1161000.0,
        "Interest Expense Non Operating": 20663000.0,
        "Operating Income": 207195000.0,
        "Operating Expense": 967432000.0,
        "Other Operating Expenses": NaN,
        "Depreciation Amortization Depletion Income Statement": 40102000.0,
        "Depreciation And Amortization In Income Statement": 40102000.0,
        "Selling General And Administration": 927330000.0,
        "General And Administrative Expense": 927330000.0,
        "Other Gand A": 927330000.0,
        "Gross Profit": 1174627000.0,
        "Cost Of Revenue": 1074973000.0,
        "Total Revenue": 2249600000.0,
        "Operating Revenue": 2249600000.0
    },
    "2022-03-31": {
        "Diluted EPS": 0.68,
        "Total Revenue": NaN,
        "Gross Profit": NaN,
        "Operating Income": 148,
        "EBIT": 190,
        "Net Income": 91
    },
    "2021-12-31": {
        "Diluted EPS": 0.95,
        "Total Revenue": NaN,
        "Gross Profit": NaN,
        "Operating Income": 177,
        "EBIT": 218,
        "Net Income": 129
    },
    "2021-09-30": {
        "Diluted EPS": 1.14,
        "Total Revenue": NaN,
        "Gross Profit": NaN,
        "Operating Income": 218,
        "EBIT": 257,
        "Net Income": 155
    },
    "2021-06-30": {
        "Diluted EPS": 0.67,
        "Total Revenue": NaN,
        "Gross Profit": NaN,
        "Operating Income": 141,
        "EBIT": 170,
        "Net Income": 92
    },
    "2021-03-31": {
        "Diluted EPS": 1.44,
        "Total Revenue": NaN,
        "Gross Profit": NaN,
        "Operating Income": 171,
        "EBIT": 194,
        "Net Income": 199
    },
    "2020-12-31": {
        "Diluted EPS": 1.03,
        "Total Revenue": NaN,
        "Gross Profit": NaN,
        "Operating Income": 184,
        "EBIT": 206,
        "Net Income": 144
    },
    "2020-09-30": {
        "Diluted EPS": 0.98,
        "Total Revenue": NaN,
        "Gross Profit": NaN,
        "Operating Income": 207,
        "EBIT": 229,
        "Net Income": 136
    },
    "2020-06-30": {
        "Diluted EPS": 0.92,
        "Total Revenue": NaN,
        "Gross Profit": NaN,
        "Operating Income": 192,
        "EBIT": 214,
        "Net Income": 129
    },
    "2020-03-31": {
        "Diluted EPS": 0.99,
        "Total Revenue": NaN,
        "Gross Profit": NaN,
        "Operating Income": 149,
        "EBIT": 171,
        "Net Income": 139
    },
    "2019-12-31": {
        "Diluted EPS": 0.79,
        "Total Revenue": NaN,
        "Gross Profit": NaN,
        "Operating Income": 169,
        "EBIT": 191,
        "Net Income": 112
    },
    "2019-09-30": {
        "Diluted EPS": 0.8,
        "Total Revenue": NaN,
        "Gross Profit": 976,
        "Operating Income": 172,
        "EBIT": 193,
        "Net Income": 114
    },
    "2019-06-30": {
        "Diluted EPS": 0.83,
        "Total Revenue": NaN,
        "Gross Profit": 985,
        "Operating Income": 179,
        "EBIT": 200,
        "Net Income": 117
    },
    "2019-03-31": {
        "Diluted EPS": 0.63,
        "Total Revenue": NaN,
        "Gross Profit": 965,
        "Operating Income": 135,
        "EBIT": 150,
        "Net Income": 90
    },
    "2018-12-31": {
        "Diluted EPS": 0.92,
        "Total Revenue": NaN,
        "Gross Profit": 912,
        "Operating Income": 162,
        "EBIT": 181,
        "Net Income": 132
    },
    "2018-09-30": {
        "Diluted EPS": 0.64,
        "Total Revenue": NaN,
        "Gross Profit": 865,
        "Operating Income": 144,
        "EBIT": 166,
        "Net Income": 93
    },
    "2018-06-30": {
        "Diluted EPS": 0.72,
        "Total Revenue": NaN,
        "Gross Profit": 861,
        "Operating Income": 162,
        "EBIT": 179,
        "Net Income": 104
    },
    "2018-03-31": {
        "Diluted EPS": 0.56,
        "Total Revenue": NaN,
        "Gross Profit": 876,
        "Operating Income": 132,
        "EBIT": 150,
        "Net Income": 83
    },
    "2017-12-31": {
        "Diluted EPS": 0.51,
        "Total Revenue": NaN,
        "Gross Profit": 792,
        "Operating Income": 128,
        "EBIT": 147,
        "Net Income": 75
    },
    "2017-09-30": {
        "Diluted EPS": 0.49,
        "Total Revenue": NaN,
        "Gross Profit": 846,
        "Operating Income": 133,
        "EBIT": 150,
        "Net Income": 74
    },
    "2017-06-30": {
        "Diluted EPS": 0.47,
        "Total Revenue": NaN,
        "Gross Profit": 787,
        "Operating Income": 127,
        "EBIT": 143,
        "Net Income": 71
    },
    "2017-03-31": {
        "Diluted EPS": 0.49,
        "Total Revenue": NaN,
        "Gross Profit": 876,
        "Operating Income": 151,
        "EBIT": 169,
        "Net Income": 75
    },
    "2016-12-31": {
        "Diluted EPS": 0.37,
        "Total Revenue": NaN,
        "Gross Profit": 752,
        "Operating Income": 108,
        "EBIT": 124,
        "Net Income": 56
    },
    "2016-09-30": {
        "Diluted EPS": 0.41,
        "Total Revenue": NaN,
        "Gross Profit": 737,
        "Operating Income": 118,
        "EBIT": 143,
        "Net Income": 63
    },
    "2016-06-30": {
        "Diluted EPS": 0.45,
        "Total Revenue": NaN,
        "Gross Profit": 766,
        "Operating Income": 129,
        "EBIT": 146,
        "Net Income": 68
    },
    "2016-03-31": {
        "Diluted EPS": 0.43,
        "Total Revenue": NaN,
        "Gross Profit": 744,
        "Operating Income": 105,
        "EBIT": 122,
        "Net Income": 66
    },
    "2015-12-31": {
        "Diluted EPS": 0.71,
        "Total Revenue": NaN,
        "Gross Profit": 677,
        "Operating Income": 105,
        "EBIT": 123,
        "Net Income": 108
    },
    "2015-09-30": {
        "Diluted EPS": 0.37,
        "Total Revenue": NaN,
        "Gross Profit": 696,
        "Operating Income": 109,
        "EBIT": 126,
        "Net Income": 56
    },
    "2015-06-30": {
        "Diluted EPS": 0.43,
        "Total Revenue": NaN,
        "Gross Profit": 709,
        "Operating Income": 126,
        "EBIT": 143,
        "Net Income": 64
    },
    "2015-03-31": {
        "Diluted EPS": 0.28,
        "Total Revenue": NaN,
        "Gross Profit": 678,
        "Operating Income": 93,
        "EBIT": 110,
        "Net Income": 43
    },
    "2014-12-31": {
        "Diluted EPS": 0.35,
        "Total Revenue": NaN,
        "Gross Profit": 663,
        "Operating Income": 105,
        "EBIT": 123,
        "Net Income": 53
    },
    "2014-09-30": {
        "Diluted EPS": 0.42,
        "Total Revenue": NaN,
        "Gross Profit": 662,
        "Operating Income": 122,
        "EBIT": 140,
        "Net Income": 65
    },
    "2014-06-30": {
        "Diluted EPS": 0.47,
        "Total Revenue": NaN,
        "Gross Profit": 677,
        "Operating Income": 139,
        "EBIT": 161,
        "Net Income": 71
    },
    "2014-03-31": {
        "Diluted EPS": 0.3,
        "Total Revenue": NaN,
        "Gross Profit": 732,
        "Operating Income": 89,
        "EBIT": 109,
        "Net Income": 47
    },
    "2013-12-31": {
        "Diluted EPS": 0.31,
        "Total Revenue": NaN,
        "Gross Profit": 611,
        "Operating Income": 97,
        "EBIT": 117,
        "Net Income": 47
    },
    "2013-09-30": {
        "Diluted EPS": 0.45,
        "Total Revenue": NaN,
        "Gross Profit": 693,
        "Operating Income": 136,
        "EBIT": 159,
        "Net Income": 68
    },
    "2013-06-30": {
        "Diluted EPS": 0.48,
        "Total Revenue": NaN,
        "Gross Profit": 726,
        "Operating Income": 139,
        "EBIT": 159,
        "Net Income": 70
    },
    "2013-03-31": {
        "Diluted EPS": 0.37,
        "Total Revenue": NaN,
        "Gross Profit": 796,
        "Operating Income": 113,
        "EBIT": 135,
        "Net Income": 55
    },
    "2012-12-31": {
        "Diluted EPS": 0.38,
        "Total Revenue": NaN,
        "Gross Profit": 700,
        "Operating Income": 117,
        "EBIT": 137,
        "Net Income": 56
    },
    "2012-09-30": {
        "Diluted EPS": 0.27,
        "Total Revenue": NaN,
        "Gross Profit": 686,
        "Operating Income": 102,
        "EBIT": 131,
        "Net Income": 46
    },
    "2012-06-30": {
        "Diluted EPS": 0.43,
        "Total Revenue": NaN,
        "Gross Profit": 705,
        "Operating Income": 115,
        "EBIT": 135,
        "Net Income": 62
    },
    "2012-03-31": {
        "Diluted EPS": 0.36,
        "Total Revenue": NaN,
        "Gross Profit": 779,
        "Operating Income": 97,
        "EBIT": 118,
        "Net Income": 51
    },
    "2011-12-31": {
        "Diluted EPS": 0.44,
        "Total Revenue": NaN,
        "Gross Profit": 713,
        "Operating Income": 98,
        "EBIT": 119,
        "Net Income": 63
    },
    "2011-09-30": {
        "Diluted EPS": 0.53,
        "Total Revenue": NaN,
        "Gross Profit": 713,
        "Operating Income": 94,
        "EBIT": 114,
        "Net Income": 75
    },
    "2011-06-30": {
        "Diluted EPS": 0.37,
        "Total Revenue": NaN,
        "Gross Profit": 720,
        "Operating Income": 98,
        "EBIT": 117,
        "Net Income": 51
    },
    "2011-03-31": {
        "Diluted EPS": 0.13,
        "Total Revenue": NaN,
        "Gross Profit": 750,
        "Operating Income": 84,
        "EBIT": 134,
        "Net Income": 18
    },
    "2010-12-31": {
        "Diluted EPS": 0.18,
        "Total Revenue": NaN,
        "Gross Profit": 671,
        "Operating Income": 75,
        "EBIT": 110,
        "Net Income": 24
    },
    "2010-09-30": {
        "Diluted EPS": 0.12,
        "Total Revenue": NaN,
        "Gross Profit": 669,
        "Operating Income": 72,
        "EBIT": 98,
        "Net Income": 15
    },
    "2010-06-30": {
        "Diluted EPS": 0.23,
        "Total Revenue": NaN,
        "Gross Profit": 665,
        "Operating Income": 89,
        "EBIT": 111,
        "Net Income": 28
    },
    "2010-03-31": {
        "Diluted EPS": 0.0,
        "Total Revenue": NaN,
        "Gross Profit": NaN,
        "Operating Income": NaN,
        "EBIT": NaN,
        "Net Income": NaN
    },
    "2009-12-31": {
        "Diluted EPS": 0.01,
        "Total Revenue": NaN,
        "Gross Profit": 600,
        "Operating Income": 41,
        "EBIT": 41,
        "Net Income": 1
    },
    "2023-09-30": {
        "Tax Effect Of Unusual Items": 903288.0,
        "Tax Rate For Calcs": 0.244,
        "Normalized EBITDA": 310234000.0,
        "Total Unusual Items": 3702000.0,
        "Total Unusual Items Excluding Goodwill": 3702000.0,
        "Net Income From Continuing Operation Net Minority Interest": 170718000.0,
        "Reconciled Depreciation": 40907000.0,
        "Reconciled Cost Of Revenue": 1232712000.0,
        "EBITDA": 313936000.0,
        "EBIT": 273029000.0,
        "Net Interest Income": -48458000.0,
        "Interest Expense": 47240000.0,
        "Normalized Income": 167919288.0,
        "Net Income From Continuing And Discontinued Operation": 170718000.0,
        "Total Expenses": 2399293000.0,
        "Total Operating Income As Reported": 266989000.0,
        "Diluted Average Shares": 131133145.0,
        "Basic Average Shares": 130792215.0,
        "Diluted EPS": 1.29,
        "Basic EPS": 1.29,
        "Diluted NI Availto Com Stockholders": 169280000.0,
        "Average Dilution Earnings": -1438000.0,
        "Net Income Common Stockholders": 170718000.0,
        "Otherunder Preferred Stock Dividend": 1441000.0,
        "Net Income": 170718000.0,
        "Minority Interests": 0.0,
        "Net Income Including Noncontrolling Interests": 170718000.0,
        "Net Income Continuous Operations": 170718000.0,
        "Tax Provision": 55071000.0,
        "Pretax Income": 225789000.0,
        "Other Income Expense": 7258000.0,
        "Other Non Operating Income Expenses": 3556000.0,
        "Gain On Sale Of Security": 3702000.0,
        "Net Non Operating Interest Income Expense": -48458000.0,
        "Total Other Finance Cost": 1218000.0,
        "Interest Expense Non Operating": 47240000.0,
        "Operating Income": 266989000.0,
        "Operating Expense": 1166581000.0,
        "Other Operating Expenses": 824788000.0,
        "Depreciation Amortization Depletion Income Statement": 40907000.0,
        "Depreciation And Amortization In Income Statement": 40907000.0,
        "Selling General And Administration": 300886000.0,
        "General And Administrative Expense": 300886000.0,
        "Other Gand A": 300886000.0,
        "Gross Profit": 1433570000.0,
        "Cost Of Revenue": 1232712000.0,
        "Total Revenue": 2666282000.0,
        "Operating Revenue": 2666282000.0
    },
    "2023-12-31": {
        "Tax Effect Of Unusual Items": 1146108.0,
        "Tax Rate For Calcs": 0.298,
        "Normalized EBITDA": 293744000.0,
        "Total Unusual Items": 3846000.0,
        "Total Unusual Items Excluding Goodwill": 3846000.0,
        "Net Income From Continuing Operation Net Minority Interest": 145644000.0,
        "Reconciled Depreciation": 41113000.0,
        "Reconciled Cost Of Revenue": 1180961000.0,
        "EBITDA": 297590000.0,
        "EBIT": 256477000.0,
        "Net Interest Income": -50428000.0,
        "Interest Expense": 49093000.0,
        "Normalized Income": 142944108.0,
        "Net Income From Continuing And Discontinued Operation": 145644000.0,
        "Total Expenses": 2322243000.0,
        "Total Operating Income As Reported": 247558000.0,
        "Diluted Average Shares": 130489050.0,
        "Basic Average Shares": 130121092.0,
        "Diluted EPS": 1.11,
        "Basic EPS": 1.11,
        "Diluted NI Availto Com Stockholders": 144433000.0,
        "Average Dilution Earnings": 2000.0,
        "Net Income Common Stockholders": 144431000.0,
        "Otherunder Preferred Stock Dividend": 1213000.0,
        "Net Income": 145644000.0,
        "Minority Interests": 0.0,
        "Net Income Including Noncontrolling Interests": 145644000.0,
        "Net Income Continuous Operations": 145644000.0,
        "Tax Provision": 61740000.0,
        "Pretax Income": 207384000.0,
        "Other Income Expense": 10254000.0,
        "Other Non Operating Income Expenses": 6408000.0,
        "Gain On Sale Of Security": 3846000.0,
        "Net Non Operating Interest Income Expense": -50428000.0,
        "Total Other Finance Cost": 1335000.0,
        "Interest Expense Non Operating": 49093000.0,
        "Operating Income": 247558000.0,
        "Operating Expense": 1141282000.0,
        "Other Operating Expenses": 799896000.0,
        "Depreciation Amortization Depletion Income Statement": 41113000.0,
        "Depreciation And Amortization In Income Statement": 41113000.0,
        "Selling General And Administration": 300273000.0,
        "General And Administrative Expense": 300273000.0,
        "Other Gand A": 300273000.0,
        "Gross Profit": 1388840000.0,
        "Cost Of Revenue": 1180961000.0,
        "Total Revenue": 2569801000.0,
        "Operating Revenue": 2569801000.0
    },
    "2024-03-31": {
        "Tax Effect Of Unusual Items": 801150.0,
        "Tax Rate For Calcs": 0.21,
        "Normalized EBITDA": 304364000.0,
        "Total Unusual Items": 3815000.0,
        "Total Unusual Items Excluding Goodwill": 3815000.0,
        "Net Income From Continuing Operation Net Minority Interest": 127956000.0,
        "Reconciled Depreciation": 40336000.0,
        "Reconciled Cost Of Revenue": 1255482000.0,
        "EBITDA": 308179000.0,
        "EBIT": 267843000.0,
        "Net Interest Income": -49904000.0,
        "Interest Expense": 48564000.0,
        "Normalized Income": 124942150.0,
        "Net Income From Continuing And Discontinued Operation": 127956000.0,
        "Total Expenses": 2506889000.0,
        "Total Operating Income As Reported": 264438000.0,
        "Diluted Average Shares": NaN,
        "Basic Average Shares": NaN,
        "Diluted EPS": NaN,
        "Basic EPS": NaN,
        "Diluted NI Availto Com Stockholders": 126886000.0,
        "Average Dilution Earnings": 2000.0,
        "Net Income Common Stockholders": 126884000.0,
        "Otherunder Preferred Stock Dividend": 1072000.0,
        "Net Income": 127956000.0,
        "Minority Interests": 0.0,
        "Net Income Including Noncontrolling Interests": 127956000.0,
        "Net Income Continuous Operations": 127956000.0,
        "Tax Provision": 91323000.0,
        "Pretax Income": 219279000.0,
        "Other Income Expense": 4745000.0,
        "Other Non Operating Income Expenses": 930000.0,
        "Gain On Sale Of Security": 3815000.0,
        "Net Non Operating Interest Income Expense": -49904000.0,
        "Total Other Finance Cost": 1340000.0,
        "Interest Expense Non Operating": 48564000.0,
        "Operating Income": 264438000.0,
        "Operating Expense": 1251407000.0,
        "Other Operating Expenses": 844788000.0,
        "Depreciation Amortization Depletion Income Statement": 40336000.0,
        "Depreciation And Amortization In Income Statement": 40336000.0,
        "Selling General And Administration": 366283000.0,
        "General And Administrative Expense": 366283000.0,
        "Other Gand A": 366283000.0,
        "Gross Profit": 1515845000.0,
        "Cost Of Revenue": 1255482000.0,
        "Total Revenue": 2771327000.0,
        "Operating Revenue": 2771327000.0
    },
    "2024-06-30": {
        "Tax Effect Of Unusual Items": 861040.0,
        "Tax Rate For Calcs": 0.229,
        "Normalized EBITDA": 300070000.0,
        "Total Unusual Items": 3760000.0,
        "Total Unusual Items Excluding Goodwill": 3760000.0,
        "Net Income From Continuing Operation Net Minority Interest": 165233000.0,
        "Reconciled Depreciation": 41129000.0,
        "Reconciled Cost Of Revenue": 1371234000.0,
        "EBITDA": 303830000.0,
        "EBIT": 262701000.0,
        "Net Interest Income": -49691000.0,
        "Interest Expense": 48340000.0,
        "Normalized Income": 162334040.0,
        "Net Income From Continuing And Discontinued Operation": 165233000.0,
        "Total Expenses": 2686633000.0,
        "Total Operating Income As Reported": 255164000.0,
        "Diluted Average Shares": 129917263.0,
        "Basic Average Shares": 129387052.0,
        "Diluted EPS": 1.27,
        "Basic EPS": 1.27,
        "Diluted NI Availto Com Stockholders": 164435000.0,
        "Average Dilution Earnings": NaN,
        "Net Income Common Stockholders": 164433000.0,
        "Otherunder Preferred Stock Dividend": NaN,
        "Net Income": 165233000.0,
        "Minority Interests": NaN,
        "Net Income Including Noncontrolling Interests": 165233000.0,
        "Net Income Continuous Operations": 165233000.0,
        "Tax Provision": 49128000.0,
        "Pretax Income": 214361000.0,
        "Other Income Expense": 8888000.0,
        "Other Non Operating Income Expenses": 5128000.0,
        "Gain On Sale Of Security": 3760000.0,
        "Net Non Operating Interest Income Expense": -49691000.0,
        "Total Other Finance Cost": 1351000.0,
        "Interest Expense Non Operating": 48340000.0,
        "Operating Income": 255164000.0,
        "Operating Expense": 1315399000.0,
        "Other Operating Expenses": 944981000.0,
        "Depreciation Amortization Depletion Income Statement": 41129000.0,
        "Depreciation And Amortization In Income Statement": 41129000.0,
        "Selling General And Administration": 329289000.0,
        "General And Administrative Expense": 329289000.0,
        "Other Gand A": 329289000.0,
        "Gross Profit": 1570563000.0,
        "Cost Of Revenue": 1371234000.0,
        "Total Revenue": 2941797000.0,
        "Operating Revenue": 2941797000.0
    }
}