{
    "2023-03-31": {
        "Tax Effect Of Unusual Items": NaN,
        "Tax Rate For Calcs": NaN,
        "Normalized EBITDA": NaN,
        "Total Unusual Items": NaN,
        "Total Unusual Items Excluding Goodwill": NaN,
        "Net Income From Continuing Operation Net Minority Interest": NaN,
        "Reconciled Depreciation": NaN,
        "Reconciled Cost Of Revenue": NaN,
        "EBITDA": NaN,
        "EBIT": NaN,
        "Net Interest Income": NaN,
        "Interest Expense": NaN,
        "Interest Income": NaN,
        "Normalized Income": NaN,
        "Net Income From Continuing And Discontinued Operation": NaN,
        "Total Expenses": NaN,
        "Total Operating Income As Reported": 496000000.0,
        "Diluted Average Shares": NaN,
        "Basic Average Shares": NaN,
        "Diluted EPS": NaN,
        "Basic EPS": NaN,
        "Diluted NI Availto Com Stockholders": NaN,
        "Net Income Common Stockholders": NaN,
        "Net Income": NaN,
        "Minority Interests": NaN,
        "Net Income Including Noncontrolling Interests": NaN,
        "Net Income Discontinuous Operations": NaN,
        "Net Income Continuous Operations": NaN,
        "Tax Provision": NaN,
        "Pretax Income": NaN,
        "Other Income Expense": NaN,
        "Other Non Operating Income Expenses": 837000000.0,
        "Special Income Charges": NaN,
        "Other Special Charges": 40000000.0,
        "Write Off": NaN,
        "Restructuring And Mergern Acquisition": 4000000.0,
        "Earnings From Equity Interest": NaN,
        "Gain On Sale Of Security": NaN,
        "Net Non Operating Interest Income Expense": NaN,
        "Total Other Finance Cost": 290000000.0,
        "Interest Expense Non Operating": NaN,
        "Interest Income Non Operating": NaN,
        "Operating Income": NaN,
        "Operating Expense": NaN,
        "Other Operating Expenses": NaN,
        "Other Taxes": -14000000.0,
        "Research And Development": NaN,
        "Selling General And Administration": NaN,
        "Selling And Marketing Expense": NaN,
        "General And Administrative Expense": NaN,
        "Other Gand A": NaN,
        "Gross Profit": NaN,
        "Cost Of Revenue": NaN,
        "Total Revenue": NaN,
        "Operating Revenue": NaN
    },
    "2022-12-31": {
        "Tax Effect Of Unusual Items": NaN,
        "Tax Rate For Calcs": NaN,
        "Normalized EBITDA": NaN,
        "Total Unusual Items": NaN,
        "Total Unusual Items Excluding Goodwill": NaN,
        "Net Income From Continuing Operation Net Minority Interest": NaN,
        "Reconciled Depreciation": NaN,
        "Reconciled Cost Of Revenue": NaN,
        "EBITDA": NaN,
        "EBIT": NaN,
        "Net Interest Income": NaN,
        "Interest Expense": NaN,
        "Interest Income": NaN,
        "Normalized Income": NaN,
        "Net Income From Continuing And Discontinued Operation": NaN,
        "Total Expenses": NaN,
        "Total Operating Income As Reported": NaN,
        "Diluted Average Shares": NaN,
        "Basic Average Shares": NaN,
        "Diluted EPS": NaN,
        "Basic EPS": NaN,
        "Diluted NI Availto Com Stockholders": NaN,
        "Net Income Common Stockholders": NaN,
        "Net Income": NaN,
        "Minority Interests": NaN,
        "Net Income Including Noncontrolling Interests": NaN,
        "Net Income Discontinuous Operations": NaN,
        "Net Income Continuous Operations": NaN,
        "Tax Provision": NaN,
        "Pretax Income": NaN,
        "Other Income Expense": NaN,
        "Other Non Operating Income Expenses": -92000000.0,
        "Special Income Charges": NaN,
        "Other Special Charges": -10000000.0,
        "Write Off": NaN,
        "Restructuring And Mergern Acquisition": NaN,
        "Earnings From Equity Interest": NaN,
        "Gain On Sale Of Security": NaN,
        "Net Non Operating Interest Income Expense": NaN,
        "Total Other Finance Cost": 423000000.0,
        "Interest Expense Non Operating": NaN,
        "Interest Income Non Operating": NaN,
        "Operating Income": NaN,
        "Operating Expense": NaN,
        "Other Operating Expenses": NaN,
        "Other Taxes": -15000000.0,
        "Research And Development": NaN,
        "Selling General And Administration": NaN,
        "Selling And Marketing Expense": NaN,
        "General And Administrative Expense": NaN,
        "Other Gand A": NaN,
        "Gross Profit": NaN,
        "Cost Of Revenue": NaN,
        "Total Revenue": NaN,
        "Operating Revenue": NaN
    },
    "2022-09-30": {
        "Tax Effect Of Unusual Items": NaN,
        "Tax Rate For Calcs": NaN,
        "Normalized EBITDA": NaN,
        "Total Unusual Items": NaN,
        "Total Unusual Items Excluding Goodwill": NaN,
        "Net Income From Continuing Operation Net Minority Interest": NaN,
        "Reconciled Depreciation": NaN,
        "Reconciled Cost Of Revenue": NaN,
        "EBITDA": NaN,
        "EBIT": NaN,
        "Net Interest Income": NaN,
        "Interest Expense": NaN,
        "Interest Income": NaN,
        "Normalized Income": NaN,
        "Net Income From Continuing And Discontinued Operation": NaN,
        "Total Expenses": NaN,
        "Total Operating Income As Reported": 690000000.0,
        "Diluted Average Shares": NaN,
        "Basic Average Shares": NaN,
        "Diluted EPS": NaN,
        "Basic EPS": NaN,
        "Diluted NI Availto Com Stockholders": NaN,
        "Net Income Common Stockholders": NaN,
        "Net Income": NaN,
        "Minority Interests": NaN,
        "Net Income Including Noncontrolling Interests": NaN,
        "Net Income Continuous Operations": NaN,
        "Tax Provision": NaN,
        "Pretax Income": NaN,
        "Other Income Expense": NaN,
        "Other Non Operating Income Expenses": NaN,
        "Special Income Charges": NaN,
        "Other Special Charges": NaN,
        "Write Off": NaN,
        "Restructuring And Mergern Acquisition": NaN,
        "Earnings From Equity Interest": NaN,
        "Gain On Sale Of Security": NaN,
        "Net Non Operating Interest Income Expense": NaN,
        "Total Other Finance Cost": NaN,
        "Interest Expense Non Operating": NaN,
        "Interest Income Non Operating": NaN,
        "Operating Income": NaN,
        "Operating Expense": NaN,
        "Other Operating Expenses": NaN,
        "Other Taxes": NaN,
        "Research And Development": NaN,
        "Selling General And Administration": NaN,
        "Selling And Marketing Expense": NaN,
        "General And Administrative Expense": NaN,
        "Other Gand A": NaN,
        "Gross Profit": NaN,
        "Cost Of Revenue": NaN,
        "Total Revenue": NaN,
        "Operating Revenue": NaN
    },
    "2022-06-30": {
        "Tax Effect Of Unusual Items": -382911392.405063,
        "Tax Rate For Calcs": 0.158228,
        "Normalized EBITDA": 3227000000.0,
        "Total Unusual Items": -2420000000.0,
        "Total Unusual Items Excluding Goodwill": -2420000000.0,
        "Net Income From Continuing Operation Net Minority Interest": -1406000000.0,
        "Reconciled Depreciation": 1116000000.0,
        "Reconciled Cost Of Revenue": 21333000000.0,
        "EBITDA": 807000000.0,
        "EBIT": -309000000.0,
        "Net Interest Income": -992000000.0,
        "Interest Expense": 1429000000.0,
        "Interest Income": 437000000.0,
        "Normalized Income": 631088607.594937,
        "Net Income From Continuing And Discontinued Operation": -1406000000.0,
        "Total Expenses": 23740000000.0,
        "Total Operating Income As Reported": 1655000000.0,
        "Diluted Average Shares": 398151516.0,
        "Basic Average Shares": 398151516.0,
        "Diluted EPS": -3.531319,
        "Basic EPS": -3.531319,
        "Diluted NI Availto Com Stockholders": -1406000000.0,
        "Net Income Common Stockholders": -1406000000.0,
        "Net Income": -1406000000.0,
        "Minority Interests": 57000000.0,
        "Net Income Including Noncontrolling Interests": -1463000000.0,
        "Net Income Continuous Operations": -1463000000.0,
        "Tax Provision": -275000000.0,
        "Pretax Income": -1738000000.0,
        "Other Income Expense": -2418000000.0,
        "Other Non Operating Income Expenses": -8000000.0,
        "Special Income Charges": -20000000.0,
        "Other Special Charges": 7000000.0,
        "Write Off": 13000000.0,
        "Earnings From Equity Interest": 10000000.0,
        "Gain On Sale Of Security": -2400000000.0,
        "Net Non Operating Interest Income Expense": -992000000.0,
        "Total Other Finance Cost": NaN,
        "Interest Expense Non Operating": 1429000000.0,
        "Interest Income Non Operating": 437000000.0,
        "Operating Income": 1672000000.0,
        "Operating Expense": 2407000000.0,
        "Other Operating Expenses": 1181000000.0,
        "Other Taxes": -28000000.0,
        "Research And Development": 78000000.0,
        "Selling General And Administration": 1176000000.0,
        "Selling And Marketing Expense": 510000000.0,
        "General And Administrative Expense": 666000000.0,
        "Other Gand A": 666000000.0,
        "Gross Profit": 4079000000.0,
        "Cost Of Revenue": 21333000000.0,
        "Total Revenue": 25411000000.0,
        "Operating Revenue": 25411000000.0
    },
    "2022-03-31": {
        "Diluted EPS": 1.87,
        "Total Revenue": NaN,
        "Gross Profit": 982,
        "Operating Income": 722,
        "EBIT": 915,
        "Net Income": 743
    },
    "2021-12-31": {
        "Diluted EPS": 0.15,
        "Total Revenue": NaN,
        "Gross Profit": NaN,
        "Operating Income": 634,
        "EBIT": 870,
        "Net Income": 56
    },
    "2021-09-30": {
        "Diluted EPS": 1.7,
        "Total Revenue": NaN,
        "Gross Profit": NaN,
        "Operating Income": NaN,
        "EBIT": NaN,
        "Net Income": 677
    },
    "2021-06-30": {
        "Diluted EPS": 3.52,
        "Total Revenue": NaN,
        "Gross Profit": NaN,
        "Operating Income": NaN,
        "EBIT": NaN,
        "Net Income": NaN
    },
    "2021-03-31": {
        "Diluted EPS": 1.15,
        "Total Revenue": NaN,
        "Gross Profit": NaN,
        "Operating Income": NaN,
        "EBIT": NaN,
        "Net Income": 456
    },
    "2020-12-31": {
        "Diluted EPS": 0.63,
        "Total Revenue": NaN,
        "Gross Profit": 961,
        "Operating Income": 195,
        "EBIT": 421,
        "Net Income": 251
    },
    "2020-09-30": {
        "Diluted EPS": -0.66,
        "Total Revenue": NaN,
        "Gross Profit": 663,
        "Operating Income": -109,
        "EBIT": 87,
        "Net Income": -263
    },
    "2020-06-30": {
        "Diluted EPS": -1.16,
        "Total Revenue": NaN,
        "Gross Profit": 286,
        "Operating Income": -186,
        "EBIT": -43,
        "Net Income": -462
    },
    "2020-03-31": {
        "Diluted EPS": -2.07,
        "Total Revenue": NaN,
        "Gross Profit": 265,
        "Operating Income": 86,
        "EBIT": 306,
        "Net Income": -824
    },
    "2019-12-31": {
        "Diluted EPS": -1.71,
        "Total Revenue": NaN,
        "Gross Profit": 308,
        "Operating Income": -850,
        "EBIT": -588,
        "Net Income": -714
    },
    "2019-09-30": {
        "Diluted EPS": -0.65,
        "Total Revenue": NaN,
        "Gross Profit": 433,
        "Operating Income": 141,
        "EBIT": 357,
        "Net Income": -224
    },
    "2019-06-30": {
        "Diluted EPS": 0.05,
        "Total Revenue": NaN,
        "Gross Profit": 424,
        "Operating Income": 215,
        "EBIT": 428,
        "Net Income": 21
    },
    "2019-03-31": {
        "Diluted EPS": 0.69,
        "Total Revenue": NaN,
        "Gross Profit": 468,
        "Operating Income": 533,
        "EBIT": 762,
        "Net Income": 273
    },
    "2018-12-31": {
        "Diluted EPS": -0.11,
        "Total Revenue": NaN,
        "Gross Profit": 496,
        "Operating Income": 289,
        "EBIT": 536,
        "Net Income": -45
    },
    "2018-09-30": {
        "Diluted EPS": 0.86,
        "Total Revenue": NaN,
        "Gross Profit": 923,
        "Operating Income": 709,
        "EBIT": 873,
        "Net Income": 341
    },
    "2018-06-30": {
        "Diluted EPS": 0.38,
        "Total Revenue": NaN,
        "Gross Profit": 914,
        "Operating Income": 678,
        "EBIT": 857,
        "Net Income": 152
    },
    "2018-03-31": {
        "Diluted EPS": 0.82,
        "Total Revenue": NaN,
        "Gross Profit": 833,
        "Operating Income": 590,
        "EBIT": 818,
        "Net Income": 325
    },
    "2017-12-31": {
        "Diluted EPS": 0.11,
        "Total Revenue": NaN,
        "Gross Profit": NaN,
        "Operating Income": 627,
        "EBIT": 858,
        "Net Income": 43
    },
    "2017-09-30": {
        "Diluted EPS": 0.64,
        "Total Revenue": NaN,
        "Gross Profit": 960,
        "Operating Income": 611,
        "EBIT": 853,
        "Net Income": 253
    },
    "2017-06-30": {
        "Diluted EPS": 0.85,
        "Total Revenue": NaN,
        "Gross Profit": 901,
        "Operating Income": 721,
        "EBIT": 941,
        "Net Income": 340
    },
    "2017-03-31": {
        "Diluted EPS": 1.44,
        "Total Revenue": NaN,
        "Gross Profit": NaN,
        "Operating Income": 925,
        "EBIT": NaN,
        "Net Income": 575
    },
    "2016-12-31": {
        "Diluted EPS": -1.95,
        "Total Revenue": NaN,
        "Gross Profit": 886,
        "Operating Income": -317,
        "EBIT": -155,
        "Net Income": -687
    },
    "2016-09-30": {
        "Diluted EPS": 0.63,
        "Total Revenue": NaN,
        "Gross Profit": 997,
        "Operating Income": 711,
        "EBIT": 959,
        "Net Income": 252
    },
    "2016-06-30": {
        "Diluted EPS": 0.3,
        "Total Revenue": NaN,
        "Gross Profit": 929,
        "Operating Income": 677,
        "EBIT": 886,
        "Net Income": 118
    },
    "2016-03-31": {
        "Diluted EPS": 0.5,
        "Total Revenue": NaN,
        "Gross Profit": 835,
        "Operating Income": 636,
        "EBIT": 785,
        "Net Income": 199
    },
    "2015-12-31": {
        "Diluted EPS": -0.7,
        "Total Revenue": NaN,
        "Gross Profit": 792,
        "Operating Income": 419,
        "EBIT": 616,
        "Net Income": 65
    },
    "2015-09-30": {
        "Diluted EPS": 1.99,
        "Total Revenue": NaN,
        "Gross Profit": 913,
        "Operating Income": 703,
        "EBIT": 821,
        "Net Income": 448
    },
    "2015-06-30": {
        "Diluted EPS": 0.9,
        "Total Revenue": NaN,
        "Gross Profit": 901,
        "Operating Income": 691,
        "EBIT": 839,
        "Net Income": 357
    },
    "2015-03-31": {
        "Diluted EPS": 0.22,
        "Total Revenue": NaN,
        "Gross Profit": 564,
        "Operating Income": 340,
        "EBIT": 523,
        "Net Income": 88
    },
    "2014-12-31": {
        "Diluted EPS": -0.07,
        "Total Revenue": NaN,
        "Gross Profit": 981,
        "Operating Income": 700,
        "EBIT": 902,
        "Net Income": -10
    },
    "2014-09-30": {
        "Diluted EPS": 0.27,
        "Total Revenue": NaN,
        "Gross Profit": 934,
        "Operating Income": 624,
        "EBIT": 850,
        "Net Income": 92
    },
    "2014-06-30": {
        "Diluted EPS": 0.14,
        "Total Revenue": NaN,
        "Gross Profit": 443,
        "Operating Income": 171,
        "EBIT": 407,
        "Net Income": 54
    },
    "2014-03-31": {
        "Diluted EPS": 0.46,
        "Total Revenue": NaN,
        "Gross Profit": NaN,
        "Operating Income": NaN,
        "EBIT": NaN,
        "Net Income": 179
    },
    "2013-12-31": {
        "Diluted EPS": 0.02,
        "Total Revenue": NaN,
        "Gross Profit": 277,
        "Operating Income": -80,
        "EBIT": 216,
        "Net Income": 6
    },
    "2013-09-30": {
        "Diluted EPS": 0.43,
        "Total Revenue": NaN,
        "Gross Profit": 736,
        "Operating Income": 479,
        "EBIT": 671,
        "Net Income": 172
    },
    "2013-06-30": {
        "Diluted EPS": -0.13,
        "Total Revenue": NaN,
        "Gross Profit": 67,
        "Operating Income": -185,
        "EBIT": 43,
        "Net Income": -56
    },
    "2013-03-31": {
        "Diluted EPS": 0.26,
        "Total Revenue": NaN,
        "Gross Profit": 458,
        "Operating Income": 204,
        "EBIT": 446,
        "Net Income": 113
    },
    "2012-12-31": {
        "Diluted EPS": 0.35,
        "Total Revenue": NaN,
        "Gross Profit": NaN,
        "Operating Income": NaN,
        "EBIT": NaN,
        "Net Income": 139
    },
    "2012-09-30": {
        "Diluted EPS": -0.17,
        "Total Revenue": NaN,
        "Gross Profit": NaN,
        "Operating Income": NaN,
        "EBIT": NaN,
        "Net Income": -61
    },
    "2012-06-30": {
        "Diluted EPS": -1.27,
        "Total Revenue": NaN,
        "Gross Profit": NaN,
        "Operating Income": 875,
        "EBIT": NaN,
        "Net Income": -511
    },
    "2012-03-31": {
        "Diluted EPS": 0.19,
        "Total Revenue": NaN,
        "Gross Profit": -98,
        "Operating Income": -387,
        "EBIT": -135,
        "Net Income": 78
    },
    "2011-12-31": {
        "Diluted EPS": -0.28,
        "Total Revenue": NaN,
        "Gross Profit": NaN,
        "Operating Income": 906,
        "EBIT": NaN,
        "Net Income": -110
    },
    "2011-09-30": {
        "Diluted EPS": -1.5,
        "Total Revenue": NaN,
        "Gross Profit": NaN,
        "Operating Income": 803,
        "EBIT": NaN,
        "Net Income": -594
    },
    "2011-06-30": {
        "Diluted EPS": 0.66,
        "Total Revenue": NaN,
        "Gross Profit": 749,
        "Operating Income": 440,
        "EBIT": 708,
        "Net Income": 262
    },
    "2011-03-31": {
        "Diluted EPS": 0.48,
        "Total Revenue": NaN,
        "Gross Profit": 818,
        "Operating Income": 519,
        "EBIT": 770,
        "Net Income": 192
    },
    "2010-12-31": {
        "Diluted EPS": 0.53,
        "Total Revenue": NaN,
        "Gross Profit": 661,
        "Operating Income": 308,
        "EBIT": 582,
        "Net Income": 217
    },
    "2010-09-30": {
        "Diluted EPS": 0.81,
        "Total Revenue": NaN,
        "Gross Profit": NaN,
        "Operating Income": NaN,
        "EBIT": NaN,
        "Net Income": 326
    },
    "2010-06-30": {
        "Diluted EPS": 0.06,
        "Total Revenue": NaN,
        "Gross Profit": 652,
        "Operating Income": 396,
        "EBIT": 664,
        "Net Income": 25
    },
    "2010-03-31": {
        "Diluted EPS": -0.26,
        "Total Revenue": NaN,
        "Gross Profit": 442,
        "Operating Income": 273,
        "EBIT": 411,
        "Net Income": -69
    },
    "2009-12-31": {
        "Diluted EPS": -2.29,
        "Total Revenue": NaN,
        "Gross Profit": 321,
        "Operating Income": 119,
        "EBIT": 312,
        "Net Income": -596
    },
    "2009-09-30": {
        "Diluted EPS": 2.52,
        "Total Revenue": NaN,
        "Gross Profit": NaN,
        "Operating Income": 862,
        "EBIT": NaN,
        "Net Income": 657
    },
    "2009-06-30": {
        "Diluted EPS": 2.28,
        "Total Revenue": NaN,
        "Gross Profit": 417,
        "Operating Income": 273,
        "EBIT": 388,
        "Net Income": 592
    },
    "2009-03-31": {
        "Diluted EPS": 0.02,
        "Total Revenue": NaN,
        "Gross Profit": 167,
        "Operating Income": 108,
        "EBIT": 201,
        "Net Income": 4
    },
    "2023-06-30": {
        "Tax Effect Of Unusual Items": NaN,
        "Tax Rate For Calcs": NaN,
        "Normalized EBITDA": NaN,
        "Total Unusual Items": NaN,
        "Total Unusual Items Excluding Goodwill": NaN,
        "Net Income From Continuing Operation Net Minority Interest": NaN,
        "Reconciled Depreciation": NaN,
        "Reconciled Cost Of Revenue": NaN,
        "EBITDA": NaN,
        "EBIT": NaN,
        "Net Interest Income": NaN,
        "Interest Expense": NaN,
        "Interest Income": NaN,
        "Normalized Income": NaN,
        "Net Income From Continuing And Discontinued Operation": NaN,
        "Total Expenses": NaN,
        "Total Operating Income As Reported": -1640000000.0,
        "Diluted Average Shares": NaN,
        "Basic Average Shares": NaN,
        "Diluted EPS": NaN,
        "Basic EPS": NaN,
        "Diluted NI Availto Com Stockholders": NaN,
        "Net Income Common Stockholders": NaN,
        "Net Income": NaN,
        "Minority Interests": NaN,
        "Net Income Including Noncontrolling Interests": NaN,
        "Net Income Discontinuous Operations": 0.0,
        "Net Income Continuous Operations": NaN,
        "Tax Provision": NaN,
        "Pretax Income": NaN,
        "Other Income Expense": NaN,
        "Other Non Operating Income Expenses": -19000000.0,
        "Special Income Charges": NaN,
        "Other Special Charges": 1070000000.0,
        "Write Off": NaN,
        "Restructuring And Mergern Acquisition": 3000000.0,
        "Earnings From Equity Interest": NaN,
        "Gain On Sale Of Security": NaN,
        "Net Non Operating Interest Income Expense": NaN,
        "Total Other Finance Cost": 319000000.0,
        "Interest Expense Non Operating": NaN,
        "Interest Income Non Operating": NaN,
        "Operating Income": NaN,
        "Operating Expense": NaN,
        "Other Operating Expenses": NaN,
        "Other Taxes": -144000000.0,
        "Research And Development": NaN,
        "Selling General And Administration": NaN,
        "Selling And Marketing Expense": NaN,
        "General And Administrative Expense": NaN,
        "Other Gand A": NaN,
        "Gross Profit": NaN,
        "Cost Of Revenue": NaN,
        "Total Revenue": NaN,
        "Operating Revenue": NaN
    },
    "2023-09-30": {
        "Tax Effect Of Unusual Items": -237090429.042904,
        "Tax Rate For Calcs": 0.155776,
        "Normalized EBITDA": 718000000.0,
        "Total Unusual Items": -1522000000.0,
        "Total Unusual Items Excluding Goodwill": -1522000000.0,
        "Net Income From Continuing Operation Net Minority Interest": -2418000000.0,
        "Reconciled Depreciation": 1285000000.0,
        "Reconciled Cost Of Revenue": 16106000000.0,
        "EBITDA": -804000000.0,
        "EBIT": -2089000000.0,
        "Net Interest Income": -981000000.0,
        "Interest Expense": 941000000.0,
        "Interest Income": 352000000.0,
        "Normalized Income": -1133090429.042904,
        "Net Income From Continuing And Discontinued Operation": -2418000000.0,
        "Total Expenses": 17257000000.0,
        "Total Operating Income As Reported": -620000000.0,
        "Diluted Average Shares": 398484206.0,
        "Basic Average Shares": 398484206.0,
        "Diluted EPS": -6.067995,
        "Basic EPS": -6.067995,
        "Diluted NI Availto Com Stockholders": -2418000000.0,
        "Net Income Common Stockholders": -2418000000.0,
        "Net Income": -2418000000.0,
        "Minority Interests": 140000000.0,
        "Net Income Including Noncontrolling Interests": -2558000000.0,
        "Net Income Discontinuous Operations": NaN,
        "Net Income Continuous Operations": -2558000000.0,
        "Tax Provision": -472000000.0,
        "Pretax Income": -3030000000.0,
        "Other Income Expense": -1468000000.0,
        "Other Non Operating Income Expenses": 57000000.0,
        "Special Income Charges": -92000000.0,
        "Other Special Charges": 102000000.0,
        "Write Off": -12000000.0,
        "Restructuring And Mergern Acquisition": 2000000.0,
        "Earnings From Equity Interest": -3000000.0,
        "Gain On Sale Of Security": -1430000000.0,
        "Net Non Operating Interest Income Expense": -981000000.0,
        "Total Other Finance Cost": 392000000.0,
        "Interest Expense Non Operating": 941000000.0,
        "Interest Income Non Operating": 352000000.0,
        "Operating Income": -582000000.0,
        "Operating Expense": 1151000000.0,
        "Other Operating Expenses": 8000000.0,
        "Other Taxes": -52000000.0,
        "Research And Development": 92000000.0,
        "Selling General And Administration": 1103000000.0,
        "Selling And Marketing Expense": 418000000.0,
        "General And Administrative Expense": 685000000.0,
        "Other Gand A": 685000000.0,
        "Gross Profit": 569000000.0,
        "Cost Of Revenue": 16106000000.0,
        "Total Revenue": 16676000000.0,
        "Operating Revenue": 16676000000.0
    },
    "2023-12-31": {
        "Tax Effect Of Unusual Items": 6489594.742607,
        "Tax Rate For Calcs": 0.041073,
        "Normalized EBITDA": -332000000.0,
        "Total Unusual Items": 158000000.0,
        "Total Unusual Items Excluding Goodwill": 158000000.0,
        "Net Income From Continuing Operation Net Minority Interest": -1575000000.0,
        "Reconciled Depreciation": 1386000000.0,
        "Reconciled Cost Of Revenue": 15683000000.0,
        "EBITDA": -174000000.0,
        "EBIT": -1560000000.0,
        "Net Interest Income": -1003000000.0,
        "Interest Expense": 266000000.0,
        "Interest Income": -90000000.0,
        "Normalized Income": -1726510405.257393,
        "Net Income From Continuing And Discontinued Operation": -1575000000.0,
        "Total Expenses": 17671000000.0,
        "Total Operating Income As Reported": NaN,
        "Diluted Average Shares": 398484206.0,
        "Basic Average Shares": 398484206.0,
        "Diluted EPS": -3.952478,
        "Basic EPS": -3.952478,
        "Diluted NI Availto Com Stockholders": -1575000000.0,
        "Net Income Common Stockholders": -1575000000.0,
        "Net Income": -1575000000.0,
        "Minority Interests": 176000000.0,
        "Net Income Including Noncontrolling Interests": -1751000000.0,
        "Net Income Discontinuous Operations": NaN,
        "Net Income Continuous Operations": -1751000000.0,
        "Tax Provision": -75000000.0,
        "Pretax Income": -1826000000.0,
        "Other Income Expense": 157000000.0,
        "Other Non Operating Income Expenses": NaN,
        "Special Income Charges": -47000000.0,
        "Other Special Charges": NaN,
        "Write Off": 47000000.0,
        "Restructuring And Mergern Acquisition": NaN,
        "Earnings From Equity Interest": -1000000.0,
        "Gain On Sale Of Security": 205000000.0,
        "Net Non Operating Interest Income Expense": -1003000000.0,
        "Total Other Finance Cost": NaN,
        "Interest Expense Non Operating": 266000000.0,
        "Interest Income Non Operating": -90000000.0,
        "Operating Income": -980000000.0,
        "Operating Expense": 1988000000.0,
        "Other Operating Expenses": 734000000.0,
        "Other Taxes": NaN,
        "Research And Development": 116000000.0,
        "Selling General And Administration": 1138000000.0,
        "Selling And Marketing Expense": 525000000.0,
        "General And Administrative Expense": 613000000.0,
        "Other Gand A": 613000000.0,
        "Gross Profit": 1008000000.0,
        "Cost Of Revenue": 15683000000.0,
        "Total Revenue": 16691000000.0,
        "Operating Revenue": 16691000000.0
    },
    "2024-03-31": {
        "Tax Effect Of Unusual Items": -385056011.588605,
        "Tax Rate For Calcs": 0.328827,
        "Normalized EBITDA": 1390000000.0,
        "Total Unusual Items": -1171000000.0,
        "Total Unusual Items Excluding Goodwill": -1171000000.0,
        "Net Income From Continuing Operation Net Minority Interest": -1345000000.0,
        "Reconciled Depreciation": 1229000000.0,
        "Reconciled Cost Of Revenue": 16709000000.0,
        "EBITDA": 219000000.0,
        "EBIT": -1010000000.0,
        "Net Interest Income": -959000000.0,
        "Interest Expense": 1061000000.0,
        "Interest Income": 363000000.0,
        "Normalized Income": -559056011.588605,
        "Net Income From Continuing And Discontinued Operation": -1345000000.0,
        "Total Expenses": 17923000000.0,
        "Total Operating Income As Reported": -41000000.0,
        "Diluted Average Shares": 398484206.0,
        "Basic Average Shares": 398484206.0,
        "Diluted EPS": -3.375291,
        "Basic EPS": -3.375291,
        "Diluted NI Availto Com Stockholders": -1345000000.0,
        "Net Income Common Stockholders": -1345000000.0,
        "Net Income": -1345000000.0,
        "Minority Interests": 45000000.0,
        "Net Income Including Noncontrolling Interests": -1390000000.0,
        "Net Income Discontinuous Operations": NaN,
        "Net Income Continuous Operations": -1390000000.0,
        "Tax Provision": -681000000.0,
        "Pretax Income": -2071000000.0,
        "Other Income Expense": -1108000000.0,
        "Other Non Operating Income Expenses": 68000000.0,
        "Special Income Charges": -100000000.0,
        "Other Special Charges": 57000000.0,
        "Write Off": 43000000.0,
        "Restructuring And Mergern Acquisition": 0.0,
        "Earnings From Equity Interest": -5000000.0,
        "Gain On Sale Of Security": -1071000000.0,
        "Net Non Operating Interest Income Expense": -959000000.0,
        "Total Other Finance Cost": 261000000.0,
        "Interest Expense Non Operating": 1061000000.0,
        "Interest Income Non Operating": 363000000.0,
        "Operating Income": -3000000.0,
        "Operating Expense": 1214000000.0,
        "Other Operating Expenses": 13000000.0,
        "Other Taxes": -16000000.0,
        "Research And Development": 106000000.0,
        "Selling General And Administration": 1111000000.0,
        "Selling And Marketing Expense": 459000000.0,
        "General And Administrative Expense": 652000000.0,
        "Other Gand A": 652000000.0,
        "Gross Profit": 1211000000.0,
        "Cost Of Revenue": 16709000000.0,
        "Total Revenue": 17920000000.0,
        "Operating Revenue": 17920000000.0
    },
    "2024-06-30": {
        "Tax Effect Of Unusual Items": -1690216907.49045,
        "Tax Rate For Calcs": 0.351104,
        "Normalized EBITDA": 1255000000.0,
        "Total Unusual Items": -4814000000.0,
        "Total Unusual Items Excluding Goodwill": -4814000000.0,
        "Net Income From Continuing Operation Net Minority Interest": -3736000000.0,
        "Reconciled Depreciation": 1288000000.0,
        "Reconciled Cost Of Revenue": 17685000000.0,
        "EBITDA": -3559000000.0,
        "EBIT": -4847000000.0,
        "Net Interest Income": -1328000000.0,
        "Interest Expense": 1174000000.0,
        "Interest Income": 330000000.0,
        "Normalized Income": -612216907.49045,
        "Net Income From Continuing And Discontinued Operation": -3736000000.0,
        "Total Expenses": 18843000000.0,
        "Total Operating Income As Reported": -158000000.0,
        "Diluted Average Shares": 398484206.0,
        "Basic Average Shares": 398484206.0,
        "Diluted EPS": -9.375528,
        "Basic EPS": -9.375528,
        "Diluted NI Availto Com Stockholders": -3736000000.0,
        "Net Income Common Stockholders": -3736000000.0,
        "Net Income": -3736000000.0,
        "Minority Interests": 171000000.0,
        "Net Income Including Noncontrolling Interests": -3906000000.0,
        "Net Income Discontinuous Operations": 0.0,
        "Net Income Continuous Operations": -3907000000.0,
        "Tax Provision": -2114000000.0,
        "Pretax Income": -6021000000.0,
        "Other Income Expense": -4925000000.0,
        "Other Non Operating Income Expenses": -89000000.0,
        "Special Income Charges": -279000000.0,
        "Other Special Charges": 378000000.0,
        "Write Off": -99000000.0,
        "Restructuring And Mergern Acquisition": 0.0,
        "Earnings From Equity Interest": -22000000.0,
        "Gain On Sale Of Security": -4535000000.0,
        "Net Non Operating Interest Income Expense": -1328000000.0,
        "Total Other Finance Cost": 484000000.0,
        "Interest Expense Non Operating": 1174000000.0,
        "Interest Income Non Operating": 330000000.0,
        "Operating Income": 232000000.0,
        "Operating Expense": 1158000000.0,
        "Other Operating Expenses": 73000000.0,
        "Other Taxes": -55000000.0,
        "Research And Development": 106000000.0,
        "Selling General And Administration": 1034000000.0,
        "Selling And Marketing Expense": 447000000.0,
        "General And Administrative Expense": 587000000.0,
        "Other Gand A": 587000000.0,
        "Gross Profit": 1390000000.0,
        "Cost Of Revenue": 17685000000.0,
        "Total Revenue": 19075000000.0,
        "Operating Revenue": 19075000000.0
    },
    "2024-09-30": {
        "Tax Effect Of Unusual Items": -557368902.439024,
        "Tax Rate For Calcs": 0.338415,
        "Normalized EBITDA": 2730000000.0,
        "Total Unusual Items": -1647000000.0,
        "Total Unusual Items Excluding Goodwill": -1647000000.0,
        "Net Income From Continuing Operation Net Minority Interest": -593000000.0,
        "Reconciled Depreciation": 1293000000.0,
        "Reconciled Cost Of Revenue": 19015000000.0,
        "EBITDA": 1083000000.0,
        "EBIT": -210000000.0,
        "Net Interest Income": -1147000000.0,
        "Interest Expense": 1102000000.0,
        "Interest Income": 366000000.0,
        "Normalized Income": 496631097.560976,
        "Net Income From Continuing And Discontinued Operation": -593000000.0,
        "Total Expenses": 20239000000.0,
        "Total Operating Income As Reported": 1020000000.0,
        "Diluted Average Shares": 398484206.0,
        "Basic Average Shares": 398484206.0,
        "Diluted EPS": -1.488139,
        "Basic EPS": -1.488139,
        "Diluted NI Availto Com Stockholders": -593000000.0,
        "Net Income Common Stockholders": -593000000.0,
        "Net Income": -593000000.0,
        "Minority Interests": 277000000.0,
        "Net Income Including Noncontrolling Interests": -868000000.0,
        "Net Income Discontinuous Operations": NaN,
        "Net Income Continuous Operations": -868000000.0,
        "Tax Provision": -444000000.0,
        "Pretax Income": -1312000000.0,
        "Other Income Expense": -1191000000.0,
        "Other Non Operating Income Expenses": 447000000.0,
        "Special Income Charges": -461000000.0,
        "Other Special Charges": 487000000.0,
        "Write Off": -46000000.0,
        "Restructuring And Mergern Acquisition": 20000000.0,
        "Earnings From Equity Interest": 9000000.0,
        "Gain On Sale Of Security": -1186000000.0,
        "Net Non Operating Interest Income Expense": -1147000000.0,
        "Total Other Finance Cost": 411000000.0,
        "Interest Expense Non Operating": 1102000000.0,
        "Interest Income Non Operating": 366000000.0,
        "Operating Income": 1025000000.0,
        "Operating Expense": 1224000000.0,
        "Other Operating Expenses": 10000000.0,
        "Other Taxes": -66000000.0,
        "Research And Development": 109000000.0,
        "Selling General And Administration": 1171000000.0,
        "Selling And Marketing Expense": 530000000.0,
        "General And Administrative Expense": 641000000.0,
        "Other Gand A": 641000000.0,
        "Gross Profit": 2249000000.0,
        "Cost Of Revenue": 19015000000.0,
        "Total Revenue": 21265000000.0,
        "Operating Revenue": 21265000000.0
    }
}