{
    "2023-04-30": {
        "Tax Effect Of Unusual Items": NaN,
        "Tax Rate For Calcs": NaN,
        "Normalized EBITDA": NaN,
        "Total Unusual Items": NaN,
        "Total Unusual Items Excluding Goodwill": NaN,
        "Net Income From Continuing Operation Net Minority Interest": NaN,
        "Reconciled Depreciation": NaN,
        "Reconciled Cost Of Revenue": NaN,
        "EBITDA": NaN,
        "EBIT": NaN,
        "Net Interest Income": NaN,
        "Interest Expense": NaN,
        "Normalized Income": NaN,
        "Net Income From Continuing And Discontinued Operation": NaN,
        "Total Expenses": NaN,
        "Total Operating Income As Reported": NaN,
        "Diluted Average Shares": NaN,
        "Basic Average Shares": NaN,
        "Diluted EPS": NaN,
        "Basic EPS": NaN,
        "Diluted NI Availto Com Stockholders": NaN,
        "Net Income Common Stockholders": NaN,
        "Net Income": NaN,
        "Net Income Including Noncontrolling Interests": NaN,
        "Net Income Continuous Operations": NaN,
        "Tax Provision": NaN,
        "Pretax Income": NaN,
        "Other Income Expense": NaN,
        "Other Non Operating Income Expenses": NaN,
        "Special Income Charges": NaN,
        "Restructuring And Mergern Acquisition": NaN,
        "Net Non Operating Interest Income Expense": NaN,
        "Interest Expense Non Operating": NaN,
        "Operating Income": NaN,
        "Operating Expense": NaN,
        "Research And Development": NaN,
        "Selling General And Administration": NaN,
        "Selling And Marketing Expense": NaN,
        "General And Administrative Expense": NaN,
        "Other Gand A": NaN,
        "Salaries And Wages": 6170000.0,
        "Gross Profit": NaN,
        "Cost Of Revenue": NaN,
        "Total Revenue": NaN,
        "Operating Revenue": NaN
    },
    "2023-01-31": {
        "Tax Effect Of Unusual Items": NaN,
        "Tax Rate For Calcs": NaN,
        "Normalized EBITDA": NaN,
        "Total Unusual Items": NaN,
        "Total Unusual Items Excluding Goodwill": NaN,
        "Net Income From Continuing Operation Net Minority Interest": NaN,
        "Reconciled Depreciation": NaN,
        "Reconciled Cost Of Revenue": NaN,
        "EBITDA": NaN,
        "EBIT": NaN,
        "Net Interest Income": NaN,
        "Interest Expense": NaN,
        "Normalized Income": NaN,
        "Net Income From Continuing And Discontinued Operation": NaN,
        "Total Expenses": NaN,
        "Total Operating Income As Reported": NaN,
        "Diluted Average Shares": 45281000.0,
        "Basic Average Shares": 45281000.0,
        "Diluted EPS": -0.37,
        "Basic EPS": -0.37,
        "Diluted NI Availto Com Stockholders": NaN,
        "Net Income Common Stockholders": NaN,
        "Net Income": NaN,
        "Net Income Including Noncontrolling Interests": NaN,
        "Net Income Continuous Operations": NaN,
        "Tax Provision": NaN,
        "Pretax Income": NaN,
        "Other Income Expense": NaN,
        "Other Non Operating Income Expenses": NaN,
        "Special Income Charges": NaN,
        "Restructuring And Mergern Acquisition": NaN,
        "Net Non Operating Interest Income Expense": NaN,
        "Interest Expense Non Operating": NaN,
        "Operating Income": NaN,
        "Operating Expense": NaN,
        "Research And Development": NaN,
        "Selling General And Administration": NaN,
        "Selling And Marketing Expense": NaN,
        "General And Administrative Expense": NaN,
        "Other Gand A": NaN,
        "Salaries And Wages": NaN,
        "Gross Profit": NaN,
        "Cost Of Revenue": NaN,
        "Total Revenue": NaN,
        "Operating Revenue": NaN
    },
    "2022-10-31": {
        "Tax Effect Of Unusual Items": NaN,
        "Tax Rate For Calcs": NaN,
        "Normalized EBITDA": NaN,
        "Total Unusual Items": 0.0,
        "Total Unusual Items Excluding Goodwill": 0.0,
        "Net Income From Continuing Operation Net Minority Interest": NaN,
        "Reconciled Depreciation": NaN,
        "Reconciled Cost Of Revenue": NaN,
        "EBITDA": NaN,
        "EBIT": NaN,
        "Net Interest Income": NaN,
        "Interest Expense": NaN,
        "Normalized Income": NaN,
        "Net Income From Continuing And Discontinued Operation": NaN,
        "Total Expenses": NaN,
        "Total Operating Income As Reported": NaN,
        "Diluted Average Shares": 44932000.0,
        "Basic Average Shares": 44932000.0,
        "Diluted EPS": -0.37,
        "Basic EPS": -0.37,
        "Diluted NI Availto Com Stockholders": NaN,
        "Net Income Common Stockholders": NaN,
        "Net Income": NaN,
        "Net Income Including Noncontrolling Interests": NaN,
        "Net Income Continuous Operations": NaN,
        "Tax Provision": NaN,
        "Pretax Income": NaN,
        "Other Income Expense": NaN,
        "Other Non Operating Income Expenses": NaN,
        "Special Income Charges": 0.0,
        "Restructuring And Mergern Acquisition": 0.0,
        "Net Non Operating Interest Income Expense": NaN,
        "Interest Expense Non Operating": NaN,
        "Operating Income": NaN,
        "Operating Expense": NaN,
        "Research And Development": NaN,
        "Selling General And Administration": NaN,
        "Selling And Marketing Expense": NaN,
        "General And Administrative Expense": NaN,
        "Other Gand A": NaN,
        "Salaries And Wages": NaN,
        "Gross Profit": NaN,
        "Cost Of Revenue": NaN,
        "Total Revenue": NaN,
        "Operating Revenue": NaN
    },
    "2022-07-31": {
        "Tax Effect Of Unusual Items": 0.0,
        "Tax Rate For Calcs": 0.4,
        "Normalized EBITDA": -14245000.0,
        "Total Unusual Items": NaN,
        "Total Unusual Items Excluding Goodwill": NaN,
        "Net Income From Continuing Operation Net Minority Interest": -15369000.0,
        "Reconciled Depreciation": 727000.0,
        "Reconciled Cost Of Revenue": 4781000.0,
        "EBITDA": -14245000.0,
        "EBIT": -14972000.0,
        "Net Interest Income": -25000.0,
        "Interest Expense": 25000.0,
        "Normalized Income": -15369000.0,
        "Net Income From Continuing And Discontinued Operation": -15369000.0,
        "Total Expenses": 55024000.0,
        "Total Operating Income As Reported": -15233000.0,
        "Diluted Average Shares": 44648000.0,
        "Basic Average Shares": 44648000.0,
        "Diluted EPS": -0.34,
        "Basic EPS": -0.34,
        "Diluted NI Availto Com Stockholders": -15369000.0,
        "Net Income Common Stockholders": -15369000.0,
        "Net Income": -15369000.0,
        "Net Income Including Noncontrolling Interests": -15369000.0,
        "Net Income Continuous Operations": -15369000.0,
        "Tax Provision": 372000.0,
        "Pretax Income": -14997000.0,
        "Other Income Expense": 261000.0,
        "Other Non Operating Income Expenses": 261000.0,
        "Special Income Charges": NaN,
        "Restructuring And Mergern Acquisition": NaN,
        "Net Non Operating Interest Income Expense": -25000.0,
        "Interest Expense Non Operating": 25000.0,
        "Operating Income": -15233000.0,
        "Operating Expense": 50243000.0,
        "Research And Development": 14341000.0,
        "Selling General And Administration": 35902000.0,
        "Selling And Marketing Expense": 27473000.0,
        "General And Administrative Expense": 8429000.0,
        "Other Gand A": 8429000.0,
        "Salaries And Wages": NaN,
        "Gross Profit": 35010000.0,
        "Cost Of Revenue": 4781000.0,
        "Total Revenue": 39791000.0,
        "Operating Revenue": 39791000.0
    },
    "2023-07-31": {
        "Tax Effect Of Unusual Items": NaN,
        "Tax Rate For Calcs": NaN,
        "Normalized EBITDA": NaN,
        "Total Unusual Items": NaN,
        "Total Unusual Items Excluding Goodwill": NaN,
        "Net Income From Continuing Operation Net Minority Interest": NaN,
        "Reconciled Depreciation": NaN,
        "Reconciled Cost Of Revenue": NaN,
        "EBITDA": NaN,
        "EBIT": NaN,
        "Net Interest Income": NaN,
        "Interest Expense": NaN,
        "Normalized Income": NaN,
        "Net Income From Continuing And Discontinued Operation": NaN,
        "Total Expenses": NaN,
        "Total Operating Income As Reported": NaN,
        "Diluted Average Shares": 46714000.0,
        "Basic Average Shares": 46714000.0,
        "Diluted EPS": -0.44,
        "Basic EPS": -0.44,
        "Diluted NI Availto Com Stockholders": NaN,
        "Net Income Common Stockholders": NaN,
        "Net Income": NaN,
        "Net Income Including Noncontrolling Interests": NaN,
        "Net Income Continuous Operations": NaN,
        "Tax Provision": NaN,
        "Pretax Income": NaN,
        "Other Income Expense": NaN,
        "Other Non Operating Income Expenses": NaN,
        "Special Income Charges": NaN,
        "Restructuring And Mergern Acquisition": NaN,
        "Net Non Operating Interest Income Expense": NaN,
        "Interest Expense Non Operating": NaN,
        "Operating Income": NaN,
        "Operating Expense": NaN,
        "Research And Development": NaN,
        "Selling General And Administration": NaN,
        "Selling And Marketing Expense": NaN,
        "General And Administrative Expense": NaN,
        "Other Gand A": NaN,
        "Salaries And Wages": 8118000.0,
        "Gross Profit": NaN,
        "Cost Of Revenue": NaN,
        "Total Revenue": NaN,
        "Operating Revenue": NaN
    },
    "2023-10-31": {
        "Tax Effect Of Unusual Items": 0.0,
        "Tax Rate For Calcs": 0.21,
        "Normalized EBITDA": -15845000.0,
        "Total Unusual Items": 0.0,
        "Total Unusual Items Excluding Goodwill": 0.0,
        "Net Income From Continuing Operation Net Minority Interest": -16255000.0,
        "Reconciled Depreciation": 399000.0,
        "Reconciled Cost Of Revenue": 5111000.0,
        "EBITDA": -15845000.0,
        "EBIT": -16244000.0,
        "Net Interest Income": 0.0,
        "Interest Expense": 0.0,
        "Normalized Income": -16255000.0,
        "Net Income From Continuing And Discontinued Operation": -16255000.0,
        "Total Expenses": 63355000.0,
        "Total Operating Income As Reported": -17542000.0,
        "Diluted Average Shares": 47586000.0,
        "Basic Average Shares": 47586000.0,
        "Diluted EPS": -0.34,
        "Basic EPS": -0.34,
        "Diluted NI Availto Com Stockholders": -16255000.0,
        "Net Income Common Stockholders": -16255000.0,
        "Net Income": -16255000.0,
        "Net Income Including Noncontrolling Interests": -16255000.0,
        "Net Income Continuous Operations": -16255000.0,
        "Tax Provision": 11000.0,
        "Pretax Income": -16244000.0,
        "Other Income Expense": 1298000.0,
        "Other Non Operating Income Expenses": 1298000.0,
        "Special Income Charges": 0.0,
        "Restructuring And Mergern Acquisition": 0.0,
        "Net Non Operating Interest Income Expense": 0.0,
        "Interest Expense Non Operating": 0.0,
        "Operating Income": -17542000.0,
        "Operating Expense": 58244000.0,
        "Research And Development": 15903000.0,
        "Selling General And Administration": 42341000.0,
        "Selling And Marketing Expense": 31602000.0,
        "General And Administrative Expense": 10739000.0,
        "Other Gand A": 10739000.0,
        "Salaries And Wages": NaN,
        "Gross Profit": 40702000.0,
        "Cost Of Revenue": 5111000.0,
        "Total Revenue": 45813000.0,
        "Operating Revenue": 45813000.0
    },
    "2024-01-31": {
        "Tax Effect Of Unusual Items": -1082760.0,
        "Tax Rate For Calcs": 0.21,
        "Normalized EBITDA": -15281000.0,
        "Total Unusual Items": -5156000.0,
        "Total Unusual Items Excluding Goodwill": -5156000.0,
        "Net Income From Continuing Operation Net Minority Interest": -21402000.0,
        "Reconciled Depreciation": 390000.0,
        "Reconciled Cost Of Revenue": 5140000.0,
        "EBITDA": -20437000.0,
        "EBIT": -20827000.0,
        "Net Interest Income": 0.0,
        "Interest Expense": 0.0,
        "Normalized Income": -17328760.0,
        "Net Income From Continuing And Discontinued Operation": -21402000.0,
        "Total Expenses": 67526000.0,
        "Total Operating Income As Reported": -22593000.0,
        "Diluted Average Shares": NaN,
        "Basic Average Shares": NaN,
        "Diluted EPS": NaN,
        "Basic EPS": NaN,
        "Diluted NI Availto Com Stockholders": -21402000.0,
        "Net Income Common Stockholders": -21402000.0,
        "Net Income": -21402000.0,
        "Net Income Including Noncontrolling Interests": -21402000.0,
        "Net Income Continuous Operations": -21402000.0,
        "Tax Provision": 575000.0,
        "Pretax Income": -20827000.0,
        "Other Income Expense": -3390000.0,
        "Other Non Operating Income Expenses": 1766000.0,
        "Special Income Charges": -5156000.0,
        "Restructuring And Mergern Acquisition": 0.0,
        "Net Non Operating Interest Income Expense": 0.0,
        "Interest Expense Non Operating": 0.0,
        "Operating Income": -17437000.0,
        "Operating Expense": 62386000.0,
        "Research And Development": 16491000.0,
        "Selling General And Administration": 45895000.0,
        "Selling And Marketing Expense": 34055000.0,
        "General And Administrative Expense": 11840000.0,
        "Other Gand A": 11840000.0,
        "Salaries And Wages": NaN,
        "Gross Profit": 44949000.0,
        "Cost Of Revenue": 5140000.0,
        "Total Revenue": 50089000.0,
        "Operating Revenue": 50089000.0
    },
    "2024-04-30": {
        "Tax Effect Of Unusual Items": 0.0,
        "Tax Rate For Calcs": 0.001,
        "Normalized EBITDA": -20609000.0,
        "Total Unusual Items": 0.0,
        "Total Unusual Items Excluding Goodwill": 0.0,
        "Net Income From Continuing Operation Net Minority Interest": -20995000.0,
        "Reconciled Depreciation": 400000.0,
        "Reconciled Cost Of Revenue": 5682000.0,
        "EBITDA": -20609000.0,
        "EBIT": -21009000.0,
        "Net Interest Income": 0.0,
        "Interest Expense": 0.0,
        "Normalized Income": -20995000.0,
        "Net Income From Continuing And Discontinued Operation": -20995000.0,
        "Total Expenses": 73867000.0,
        "Total Operating Income As Reported": -22540000.0,
        "Diluted Average Shares": 49788000.0,
        "Basic Average Shares": 49788000.0,
        "Diluted EPS": -0.42,
        "Basic EPS": -0.42,
        "Diluted NI Availto Com Stockholders": -20995000.0,
        "Net Income Common Stockholders": -20995000.0,
        "Net Income": -20995000.0,
        "Net Income Including Noncontrolling Interests": -20995000.0,
        "Net Income Continuous Operations": -20995000.0,
        "Tax Provision": -14000.0,
        "Pretax Income": -21009000.0,
        "Other Income Expense": 1531000.0,
        "Other Non Operating Income Expenses": 1531000.0,
        "Special Income Charges": 0.0,
        "Restructuring And Mergern Acquisition": 0.0,
        "Net Non Operating Interest Income Expense": 0.0,
        "Interest Expense Non Operating": 0.0,
        "Operating Income": -22540000.0,
        "Operating Expense": 68185000.0,
        "Research And Development": 17847000.0,
        "Selling General And Administration": 50338000.0,
        "Selling And Marketing Expense": 37755000.0,
        "General And Administrative Expense": 12583000.0,
        "Other Gand A": 12583000.0,
        "Salaries And Wages": NaN,
        "Gross Profit": 45645000.0,
        "Cost Of Revenue": 5682000.0,
        "Total Revenue": 51327000.0,
        "Operating Revenue": 51327000.0
    },
    "2024-07-31": {
        "Tax Effect Of Unusual Items": 0.0,
        "Tax Rate For Calcs": 0.21,
        "Normalized EBITDA": -18944000.0,
        "Total Unusual Items": 0.0,
        "Total Unusual Items Excluding Goodwill": 0.0,
        "Net Income From Continuing Operation Net Minority Interest": -19895000.0,
        "Reconciled Depreciation": 363000.0,
        "Reconciled Cost Of Revenue": 6463000.0,
        "EBITDA": -18944000.0,
        "EBIT": -19307000.0,
        "Net Interest Income": -29000.0,
        "Interest Expense": 29000.0,
        "Normalized Income": -19895000.0,
        "Net Income From Continuing And Discontinued Operation": -19895000.0,
        "Total Expenses": 72637000.0,
        "Total Operating Income As Reported": -21048000.0,
        "Diluted Average Shares": 50822000.0,
        "Basic Average Shares": 50822000.0,
        "Diluted EPS": -0.39,
        "Basic EPS": -0.39,
        "Diluted NI Availto Com Stockholders": -19895000.0,
        "Net Income Common Stockholders": -19895000.0,
        "Net Income": -19895000.0,
        "Net Income Including Noncontrolling Interests": -19895000.0,
        "Net Income Continuous Operations": -19895000.0,
        "Tax Provision": 559000.0,
        "Pretax Income": -19336000.0,
        "Other Income Expense": 1741000.0,
        "Other Non Operating Income Expenses": 1741000.0,
        "Special Income Charges": 0.0,
        "Restructuring And Mergern Acquisition": 0.0,
        "Net Non Operating Interest Income Expense": -29000.0,
        "Interest Expense Non Operating": 29000.0,
        "Operating Income": -21048000.0,
        "Operating Expense": 66174000.0,
        "Research And Development": 17370000.0,
        "Selling General And Administration": 48804000.0,
        "Selling And Marketing Expense": 36168000.0,
        "General And Administrative Expense": 12636000.0,
        "Other Gand A": 12636000.0,
        "Salaries And Wages": NaN,
        "Gross Profit": 45126000.0,
        "Cost Of Revenue": 6463000.0,
        "Total Revenue": 51589000.0,
        "Operating Revenue": 51589000.0
    },
    "2024-10-31": {
        "Tax Effect Of Unusual Items": 0.0,
        "Tax Rate For Calcs": 0.21,
        "Normalized EBITDA": -16687000.0,
        "Total Unusual Items": 0.0,
        "Total Unusual Items Excluding Goodwill": 0.0,
        "Net Income From Continuing Operation Net Minority Interest": -18152000.0,
        "Reconciled Depreciation": 757000.0,
        "Reconciled Cost Of Revenue": 6556000.0,
        "EBITDA": -16687000.0,
        "EBIT": -17444000.0,
        "Net Interest Income": -17000.0,
        "Interest Expense": 17000.0,
        "Normalized Income": -18152000.0,
        "Net Income From Continuing And Discontinued Operation": -18152000.0,
        "Total Expenses": 70862000.0,
        "Total Operating Income As Reported": -19234000.0,
        "Diluted Average Shares": 51831000.0,
        "Basic Average Shares": 51831000.0,
        "Diluted EPS": -0.35,
        "Basic EPS": -0.35,
        "Diluted NI Availto Com Stockholders": -18152000.0,
        "Net Income Common Stockholders": -18152000.0,
        "Net Income": -18152000.0,
        "Net Income Including Noncontrolling Interests": -18152000.0,
        "Net Income Continuous Operations": -18152000.0,
        "Tax Provision": 691000.0,
        "Pretax Income": -17461000.0,
        "Other Income Expense": 1790000.0,
        "Other Non Operating Income Expenses": 1790000.0,
        "Special Income Charges": 0.0,
        "Restructuring And Mergern Acquisition": 0.0,
        "Net Non Operating Interest Income Expense": -17000.0,
        "Interest Expense Non Operating": 17000.0,
        "Operating Income": -19234000.0,
        "Operating Expense": 64306000.0,
        "Research And Development": 17486000.0,
        "Selling General And Administration": 46820000.0,
        "Selling And Marketing Expense": 34196000.0,
        "General And Administrative Expense": 12624000.0,
        "Other Gand A": 12624000.0,
        "Salaries And Wages": NaN,
        "Gross Profit": 45072000.0,
        "Cost Of Revenue": 6556000.0,
        "Total Revenue": 51628000.0,
        "Operating Revenue": 51628000.0
    }
}