{
    "2023-12-31": {
        "Tax Effect Of Unusual Items": 0.0,
        "Tax Rate For Calcs": 0.0,
        "Normalized EBITDA": 12230000.0,
        "Total Unusual Items": 42430000.0,
        "Total Unusual Items Excluding Goodwill": 42430000.0,
        "Net Income From Continuing Operation Net Minority Interest": 32688000.0,
        "Reconciled Depreciation": 12898000.0,
        "Reconciled Cost Of Revenue": 37416000.0,
        "EBITDA": 54660000.0,
        "EBIT": 41762000.0,
        "Net Interest Income": -9074000.0,
        "Interest Expense": 9074000.0,
        "Normalized Income": -9742000.0,
        "Net Income From Continuing And Discontinued Operation": 32688000.0,
        "Total Expenses": 47910000.0,
        "Total Operating Income As Reported": -668000.0,
        "Diluted Average Shares": NaN,
        "Basic Average Shares": NaN,
        "Diluted EPS": NaN,
        "Basic EPS": NaN,
        "Diluted NI Availto Com Stockholders": 26993000.0,
        "Average Dilution Earnings": NaN,
        "Net Income Common Stockholders": 26993000.0,
        "Otherunder Preferred Stock Dividend": NaN,
        "Preferred Stock Dividends": 5695000.0,
        "Net Income": 32688000.0,
        "Net Income Including Noncontrolling Interests": 32688000.0,
        "Net Income Continuous Operations": 32688000.0,
        "Tax Provision": 0.0,
        "Pretax Income": 32688000.0,
        "Other Income Expense": 42430000.0,
        "Special Income Charges": NaN,
        "Gain On Sale Of Security": 42430000.0,
        "Net Non Operating Interest Income Expense": -9074000.0,
        "Interest Expense Non Operating": 9074000.0,
        "Operating Income": -668000.0,
        "Operating Expense": 10494000.0,
        "Other Operating Expenses": 14718000.0,
        "Other Taxes": NaN,
        "Selling General And Administration": 5453000.0,
        "General And Administrative Expense": 5453000.0,
        "Other Gand A": 5453000.0,
        "Gross Profit": 9826000.0,
        "Cost Of Revenue": 37416000.0,
        "Total Revenue": 47242000.0,
        "Operating Revenue": 46912000.0
    },
    "2023-09-30": {
        "Tax Effect Of Unusual Items": 0.0,
        "Tax Rate For Calcs": 0.0,
        "Normalized EBITDA": 19682000.0,
        "Total Unusual Items": -53687000.0,
        "Total Unusual Items Excluding Goodwill": -53687000.0,
        "Net Income From Continuing Operation Net Minority Interest": -53799000.0,
        "Reconciled Depreciation": 12865000.0,
        "Reconciled Cost Of Revenue": 25278000.0,
        "EBITDA": -34005000.0,
        "EBIT": -46870000.0,
        "Net Interest Income": -6929000.0,
        "Interest Expense": 6929000.0,
        "Normalized Income": -112000.0,
        "Net Income From Continuing And Discontinued Operation": -53799000.0,
        "Total Expenses": 47289000.0,
        "Total Operating Income As Reported": 6817000.0,
        "Diluted Average Shares": 16457000.0,
        "Basic Average Shares": 16457000.0,
        "Diluted EPS": -3.5,
        "Basic EPS": -3.5,
        "Diluted NI Availto Com Stockholders": -57662000.0,
        "Average Dilution Earnings": NaN,
        "Net Income Common Stockholders": -57662000.0,
        "Otherunder Preferred Stock Dividend": NaN,
        "Preferred Stock Dividends": 3863000.0,
        "Net Income": -53799000.0,
        "Net Income Including Noncontrolling Interests": -53799000.0,
        "Net Income Continuous Operations": -53799000.0,
        "Tax Provision": 0.0,
        "Pretax Income": -53799000.0,
        "Other Income Expense": -53687000.0,
        "Special Income Charges": NaN,
        "Gain On Sale Of Security": -53687000.0,
        "Net Non Operating Interest Income Expense": -6929000.0,
        "Interest Expense Non Operating": 6929000.0,
        "Operating Income": 6817000.0,
        "Operating Expense": 22011000.0,
        "Other Operating Expenses": 15512000.0,
        "Other Taxes": 3307000.0,
        "Selling General And Administration": 3192000.0,
        "General And Administrative Expense": 3192000.0,
        "Other Gand A": 3192000.0,
        "Gross Profit": 28828000.0,
        "Cost Of Revenue": 25278000.0,
        "Total Revenue": 54106000.0,
        "Operating Revenue": 53435000.0
    },
    "2023-06-30": {
        "Tax Effect Of Unusual Items": 0.0,
        "Tax Rate For Calcs": 0.0,
        "Normalized EBITDA": 15022000.0,
        "Total Unusual Items": 4473000.0,
        "Total Unusual Items Excluding Goodwill": 4473000.0,
        "Net Income From Continuing Operation Net Minority Interest": -4748000.0,
        "Reconciled Depreciation": 14713000.0,
        "Reconciled Cost Of Revenue": 28712000.0,
        "EBITDA": 19495000.0,
        "EBIT": 4782000.0,
        "Net Interest Income": -9530000.0,
        "Interest Expense": 9530000.0,
        "Normalized Income": -9221000.0,
        "Net Income From Continuing And Discontinued Operation": -4748000.0,
        "Total Expenses": 53963000.0,
        "Total Operating Income As Reported": 309000.0,
        "Diluted Average Shares": 16457000.0,
        "Basic Average Shares": 16457000.0,
        "Diluted EPS": -0.35,
        "Basic EPS": -0.35,
        "Diluted NI Availto Com Stockholders": -5745000.0,
        "Average Dilution Earnings": 0.0,
        "Net Income Common Stockholders": -5745000.0,
        "Otherunder Preferred Stock Dividend": 0.0,
        "Preferred Stock Dividends": 997000.0,
        "Net Income": -4748000.0,
        "Net Income Including Noncontrolling Interests": -4748000.0,
        "Net Income Continuous Operations": -4748000.0,
        "Tax Provision": 0.0,
        "Pretax Income": -4748000.0,
        "Other Income Expense": 4473000.0,
        "Special Income Charges": NaN,
        "Gain On Sale Of Security": 4473000.0,
        "Net Non Operating Interest Income Expense": -9530000.0,
        "Interest Expense Non Operating": 9530000.0,
        "Operating Income": 309000.0,
        "Operating Expense": 25251000.0,
        "Other Operating Expenses": 16828000.0,
        "Other Taxes": 3180000.0,
        "Selling General And Administration": 5243000.0,
        "General And Administrative Expense": 5243000.0,
        "Other Gand A": 5243000.0,
        "Gross Profit": 25560000.0,
        "Cost Of Revenue": 28712000.0,
        "Total Revenue": 54272000.0,
        "Operating Revenue": 53885000.0
    },
    "2023-03-31": {
        "Tax Effect Of Unusual Items": NaN,
        "Tax Rate For Calcs": NaN,
        "Normalized EBITDA": NaN,
        "Total Unusual Items": NaN,
        "Total Unusual Items Excluding Goodwill": NaN,
        "Net Income From Continuing Operation Net Minority Interest": NaN,
        "Reconciled Depreciation": NaN,
        "Reconciled Cost Of Revenue": NaN,
        "EBITDA": NaN,
        "EBIT": NaN,
        "Net Interest Income": NaN,
        "Interest Expense": NaN,
        "Normalized Income": NaN,
        "Net Income From Continuing And Discontinued Operation": NaN,
        "Total Expenses": NaN,
        "Total Operating Income As Reported": NaN,
        "Diluted Average Shares": 16535000.0,
        "Basic Average Shares": 16393000.0,
        "Diluted EPS": 1.28,
        "Basic EPS": 1.29,
        "Diluted NI Availto Com Stockholders": NaN,
        "Average Dilution Earnings": 1000.0,
        "Net Income Common Stockholders": NaN,
        "Otherunder Preferred Stock Dividend": 120000.0,
        "Preferred Stock Dividends": NaN,
        "Net Income": NaN,
        "Net Income Including Noncontrolling Interests": NaN,
        "Net Income Continuous Operations": NaN,
        "Tax Provision": NaN,
        "Pretax Income": NaN,
        "Other Income Expense": NaN,
        "Special Income Charges": NaN,
        "Gain On Sale Of Security": NaN,
        "Net Non Operating Interest Income Expense": NaN,
        "Interest Expense Non Operating": NaN,
        "Operating Income": NaN,
        "Operating Expense": NaN,
        "Other Operating Expenses": NaN,
        "Other Taxes": 3190000.0,
        "Selling General And Administration": NaN,
        "General And Administrative Expense": NaN,
        "Other Gand A": NaN,
        "Gross Profit": NaN,
        "Cost Of Revenue": NaN,
        "Total Revenue": NaN,
        "Operating Revenue": NaN
    },
    "2024-03-31": {
        "Tax Effect Of Unusual Items": 0.0,
        "Tax Rate For Calcs": 0.0,
        "Normalized EBITDA": 13048000.0,
        "Total Unusual Items": -24187000.0,
        "Total Unusual Items Excluding Goodwill": -24187000.0,
        "Net Income From Continuing Operation Net Minority Interest": -31203000.0,
        "Reconciled Depreciation": 13025000.0,
        "Reconciled Cost Of Revenue": 25499000.0,
        "EBITDA": -11139000.0,
        "EBIT": -24164000.0,
        "Net Interest Income": -7039000.0,
        "Interest Expense": 7039000.0,
        "Normalized Income": -7016000.0,
        "Net Income From Continuing And Discontinued Operation": -31203000.0,
        "Total Expenses": 49847000.0,
        "Total Operating Income As Reported": 23000.0,
        "Diluted Average Shares": 16457000.0,
        "Basic Average Shares": 16457000.0,
        "Diluted EPS": -2.24,
        "Basic EPS": -2.24,
        "Diluted NI Availto Com Stockholders": -36835000.0,
        "Average Dilution Earnings": 0.0,
        "Net Income Common Stockholders": -36835000.0,
        "Otherunder Preferred Stock Dividend": 0.0,
        "Preferred Stock Dividends": 5632000.0,
        "Net Income": -31203000.0,
        "Net Income Including Noncontrolling Interests": -31203000.0,
        "Net Income Continuous Operations": -31203000.0,
        "Tax Provision": 0.0,
        "Pretax Income": -31203000.0,
        "Other Income Expense": -24187000.0,
        "Special Income Charges": NaN,
        "Gain On Sale Of Security": -24187000.0,
        "Net Non Operating Interest Income Expense": -7039000.0,
        "Interest Expense Non Operating": 7039000.0,
        "Operating Income": 23000.0,
        "Operating Expense": 24348000.0,
        "Other Operating Expenses": 17286000.0,
        "Other Taxes": 2991000.0,
        "Selling General And Administration": 4071000.0,
        "General And Administrative Expense": 4071000.0,
        "Other Gand A": 4071000.0,
        "Gross Profit": 24371000.0,
        "Cost Of Revenue": 25499000.0,
        "Total Revenue": 49870000.0,
        "Operating Revenue": 49532000.0
    },
    "2022-12-31": {
        "Tax Effect Of Unusual Items": NaN,
        "Tax Rate For Calcs": NaN,
        "Normalized EBITDA": NaN,
        "Total Unusual Items": NaN,
        "Total Unusual Items Excluding Goodwill": NaN,
        "Net Income From Continuing Operation Net Minority Interest": NaN,
        "Reconciled Depreciation": NaN,
        "Reconciled Cost Of Revenue": NaN,
        "EBITDA": NaN,
        "EBIT": NaN,
        "Net Interest Income": NaN,
        "Interest Expense": NaN,
        "Normalized Income": NaN,
        "Net Income From Continuing And Discontinued Operation": NaN,
        "Total Expenses": NaN,
        "Total Operating Income As Reported": NaN,
        "Diluted Average Shares": NaN,
        "Basic Average Shares": NaN,
        "Diluted EPS": NaN,
        "Basic EPS": NaN,
        "Diluted NI Availto Com Stockholders": NaN,
        "Average Dilution Earnings": NaN,
        "Net Income Common Stockholders": NaN,
        "Otherunder Preferred Stock Dividend": NaN,
        "Preferred Stock Dividends": NaN,
        "Net Income": NaN,
        "Net Income Including Noncontrolling Interests": NaN,
        "Net Income Continuous Operations": NaN,
        "Tax Provision": NaN,
        "Pretax Income": NaN,
        "Other Income Expense": NaN,
        "Special Income Charges": 0.0,
        "Gain On Sale Of Security": NaN,
        "Net Non Operating Interest Income Expense": NaN,
        "Interest Expense Non Operating": NaN,
        "Operating Income": NaN,
        "Operating Expense": NaN,
        "Other Operating Expenses": NaN,
        "Other Taxes": NaN,
        "Selling General And Administration": NaN,
        "General And Administrative Expense": NaN,
        "Other Gand A": NaN,
        "Gross Profit": NaN,
        "Cost Of Revenue": NaN,
        "Total Revenue": NaN,
        "Operating Revenue": NaN
    },
    "2022-09-30": {
        "Tax Effect Of Unusual Items": NaN,
        "Tax Rate For Calcs": NaN,
        "Normalized EBITDA": NaN,
        "Total Unusual Items": NaN,
        "Total Unusual Items Excluding Goodwill": NaN,
        "Net Income From Continuing Operation Net Minority Interest": NaN,
        "Reconciled Depreciation": NaN,
        "Reconciled Cost Of Revenue": NaN,
        "EBITDA": NaN,
        "EBIT": NaN,
        "Net Interest Income": NaN,
        "Interest Expense": NaN,
        "Normalized Income": NaN,
        "Net Income From Continuing And Discontinued Operation": NaN,
        "Total Expenses": NaN,
        "Total Operating Income As Reported": NaN,
        "Diluted Average Shares": NaN,
        "Basic Average Shares": NaN,
        "Diluted EPS": NaN,
        "Basic EPS": NaN,
        "Diluted NI Availto Com Stockholders": NaN,
        "Average Dilution Earnings": NaN,
        "Net Income Common Stockholders": NaN,
        "Otherunder Preferred Stock Dividend": NaN,
        "Preferred Stock Dividends": NaN,
        "Net Income": NaN,
        "Net Income Including Noncontrolling Interests": NaN,
        "Net Income Continuous Operations": NaN,
        "Tax Provision": NaN,
        "Pretax Income": NaN,
        "Other Income Expense": NaN,
        "Special Income Charges": 0.0,
        "Gain On Sale Of Security": NaN,
        "Net Non Operating Interest Income Expense": NaN,
        "Interest Expense Non Operating": NaN,
        "Operating Income": NaN,
        "Operating Expense": NaN,
        "Other Operating Expenses": NaN,
        "Other Taxes": 5613000.0,
        "Selling General And Administration": NaN,
        "General And Administrative Expense": NaN,
        "Other Gand A": NaN,
        "Gross Profit": NaN,
        "Cost Of Revenue": NaN,
        "Total Revenue": NaN,
        "Operating Revenue": NaN
    },
    "2024-06-30": {
        "Tax Effect Of Unusual Items": 0.0,
        "Tax Rate For Calcs": 0.0,
        "Normalized EBITDA": 18333000.0,
        "Total Unusual Items": 1223000.0,
        "Total Unusual Items Excluding Goodwill": 1223000.0,
        "Net Income From Continuing Operation Net Minority Interest": -105000.0,
        "Reconciled Depreciation": 13213000.0,
        "Reconciled Cost Of Revenue": 25169000.0,
        "EBITDA": 19556000.0,
        "EBIT": 6343000.0,
        "Net Interest Income": -6448000.0,
        "Interest Expense": 6448000.0,
        "Normalized Income": -1328000.0,
        "Net Income From Continuing And Discontinued Operation": -105000.0,
        "Total Expenses": 43984000.0,
        "Total Operating Income As Reported": 5120000.0,
        "Diluted Average Shares": 16457000.0,
        "Basic Average Shares": 16457000.0,
        "Diluted EPS": -0.53,
        "Basic EPS": -0.53,
        "Diluted NI Availto Com Stockholders": -8691000.0,
        "Average Dilution Earnings": 0.0,
        "Net Income Common Stockholders": -8691000.0,
        "Otherunder Preferred Stock Dividend": 0.0,
        "Preferred Stock Dividends": 8586000.0,
        "Net Income": -105000.0,
        "Net Income Including Noncontrolling Interests": -105000.0,
        "Net Income Continuous Operations": -105000.0,
        "Tax Provision": 0.0,
        "Pretax Income": -105000.0,
        "Other Income Expense": 1223000.0,
        "Special Income Charges": NaN,
        "Gain On Sale Of Security": 1223000.0,
        "Net Non Operating Interest Income Expense": -6448000.0,
        "Interest Expense Non Operating": 6448000.0,
        "Operating Income": 5120000.0,
        "Operating Expense": 18815000.0,
        "Other Operating Expenses": 12126000.0,
        "Other Taxes": 3349000.0,
        "Selling General And Administration": 3340000.0,
        "General And Administrative Expense": 3340000.0,
        "Other Gand A": 3340000.0,
        "Gross Profit": 23935000.0,
        "Cost Of Revenue": 25169000.0,
        "Total Revenue": 49104000.0,
        "Operating Revenue": 49083000.0
    }
}