{
    "2023-06-30": {
        "Tax Effect Of Unusual Items": -9240000.0,
        "Tax Rate For Calcs": 0.21,
        "Normalized EBITDA": 308000000.0,
        "Total Unusual Items": -44000000.0,
        "Total Unusual Items Excluding Goodwill": -44000000.0,
        "Net Income From Continuing Operation Net Minority Interest": -195000000.0,
        "Reconciled Depreciation": 315000000.0,
        "Reconciled Cost Of Revenue": 2596000000.0,
        "EBITDA": 264000000.0,
        "EBIT": -51000000.0,
        "Net Interest Income": -124000000.0,
        "Interest Expense": 132000000.0,
        "Interest Income": 8000000.0,
        "Normalized Income": -160240000.0,
        "Net Income From Continuing And Discontinued Operation": -141000000.0,
        "Total Expenses": 3725000000.0,
        "Total Operating Income As Reported": -17000000.0,
        "Diluted Average Shares": 506000000.0,
        "Basic Average Shares": 506000000.0,
        "Diluted EPS": -0.28,
        "Basic EPS": -0.28,
        "Diluted NI Availto Com Stockholders": -141000000.0,
        "Net Income Common Stockholders": -141000000.0,
        "Net Income": -141000000.0,
        "Minority Interests": -2000000.0,
        "Net Income Including Noncontrolling Interests": -139000000.0,
        "Net Income Discontinuous Operations": 54000000.0,
        "Net Income Continuous Operations": -193000000.0,
        "Tax Provision": 10000000.0,
        "Pretax Income": -183000000.0,
        "Other Income Expense": -41000000.0,
        "Other Non Operating Income Expenses": 3000000.0,
        "Special Income Charges": -11000000.0,
        "Gain On Sale Of Business": NaN,
        "Other Special Charges": -11000000.0,
        "Write Off": 23000000.0,
        "Impairment Of Capital Assets": NaN,
        "Restructuring And Mergern Acquisition": -1000000.0,
        "Gain On Sale Of Security": -33000000.0,
        "Net Non Operating Interest Income Expense": -124000000.0,
        "Interest Expense Non Operating": 132000000.0,
        "Interest Income Non Operating": 8000000.0,
        "Operating Income": -18000000.0,
        "Operating Expense": 1129000000.0,
        "Other Operating Expenses": NaN,
        "Research And Development": 165000000.0,
        "Selling General And Administration": 964000000.0,
        "General And Administrative Expense": NaN,
        "Other Gand A": NaN,
        "Salaries And Wages": NaN,
        "Gross Profit": 1111000000.0,
        "Cost Of Revenue": 2596000000.0,
        "Total Revenue": 3707000000.0,
        "Operating Revenue": 3707000000.0
    },
    "2023-03-31": {
        "Tax Effect Of Unusual Items": -16800000.0,
        "Tax Rate For Calcs": 0.21,
        "Normalized EBITDA": 534000000.0,
        "Total Unusual Items": -80000000.0,
        "Total Unusual Items Excluding Goodwill": -80000000.0,
        "Net Income From Continuing Operation Net Minority Interest": -1000000.0,
        "Reconciled Depreciation": 313000000.0,
        "Reconciled Cost Of Revenue": 2238000000.0,
        "EBITDA": 454000000.0,
        "EBIT": 141000000.0,
        "Net Interest Income": -117000000.0,
        "Interest Expense": 127000000.0,
        "Interest Income": 10000000.0,
        "Normalized Income": 62200000.0,
        "Net Income From Continuing And Discontinued Operation": 44000000.0,
        "Total Expenses": 3303000000.0,
        "Total Operating Income As Reported": 129000000.0,
        "Diluted Average Shares": 505000000.0,
        "Basic Average Shares": 505000000.0,
        "Diluted EPS": 0.09,
        "Basic EPS": 0.09,
        "Diluted NI Availto Com Stockholders": 44000000.0,
        "Net Income Common Stockholders": 44000000.0,
        "Net Income": 44000000.0,
        "Minority Interests": -1000000.0,
        "Net Income Including Noncontrolling Interests": 45000000.0,
        "Net Income Discontinuous Operations": 45000000.0,
        "Net Income Continuous Operations": 0.0,
        "Tax Provision": 14000000.0,
        "Pretax Income": 14000000.0,
        "Other Income Expense": -79000000.0,
        "Other Non Operating Income Expenses": 1000000.0,
        "Special Income Charges": -71000000.0,
        "Gain On Sale Of Business": NaN,
        "Other Special Charges": NaN,
        "Write Off": 8000000.0,
        "Impairment Of Capital Assets": NaN,
        "Restructuring And Mergern Acquisition": 63000000.0,
        "Gain On Sale Of Security": -9000000.0,
        "Net Non Operating Interest Income Expense": -117000000.0,
        "Interest Expense Non Operating": 127000000.0,
        "Interest Income Non Operating": 10000000.0,
        "Operating Income": 210000000.0,
        "Operating Expense": 1065000000.0,
        "Other Operating Expenses": -13000000.0,
        "Research And Development": 164000000.0,
        "Selling General And Administration": 914000000.0,
        "General And Administrative Expense": 914000000.0,
        "Other Gand A": 924000000.0,
        "Salaries And Wages": -10000000.0,
        "Gross Profit": 1275000000.0,
        "Cost Of Revenue": 2238000000.0,
        "Total Revenue": 3513000000.0,
        "Operating Revenue": 3513000000.0
    },
    "2022-12-31": {
        "Tax Effect Of Unusual Items": NaN,
        "Tax Rate For Calcs": NaN,
        "Normalized EBITDA": NaN,
        "Total Unusual Items": NaN,
        "Total Unusual Items Excluding Goodwill": NaN,
        "Net Income From Continuing Operation Net Minority Interest": NaN,
        "Reconciled Depreciation": NaN,
        "Reconciled Cost Of Revenue": NaN,
        "EBITDA": NaN,
        "EBIT": NaN,
        "Net Interest Income": NaN,
        "Interest Expense": NaN,
        "Interest Income": NaN,
        "Normalized Income": NaN,
        "Net Income From Continuing And Discontinued Operation": NaN,
        "Total Expenses": NaN,
        "Total Operating Income As Reported": NaN,
        "Diluted Average Shares": NaN,
        "Basic Average Shares": NaN,
        "Diluted EPS": NaN,
        "Basic EPS": NaN,
        "Diluted NI Availto Com Stockholders": NaN,
        "Net Income Common Stockholders": NaN,
        "Net Income": NaN,
        "Minority Interests": NaN,
        "Net Income Including Noncontrolling Interests": NaN,
        "Net Income Discontinuous Operations": NaN,
        "Net Income Continuous Operations": NaN,
        "Tax Provision": NaN,
        "Pretax Income": NaN,
        "Other Income Expense": NaN,
        "Other Non Operating Income Expenses": NaN,
        "Special Income Charges": NaN,
        "Gain On Sale Of Business": NaN,
        "Other Special Charges": 65000000.0,
        "Write Off": NaN,
        "Impairment Of Capital Assets": 27000000.0,
        "Restructuring And Mergern Acquisition": NaN,
        "Gain On Sale Of Security": NaN,
        "Net Non Operating Interest Income Expense": NaN,
        "Interest Expense Non Operating": NaN,
        "Interest Income Non Operating": NaN,
        "Operating Income": NaN,
        "Operating Expense": NaN,
        "Other Operating Expenses": NaN,
        "Research And Development": NaN,
        "Selling General And Administration": NaN,
        "General And Administrative Expense": 904000000.0,
        "Other Gand A": 912000000.0,
        "Salaries And Wages": -8000000.0,
        "Gross Profit": NaN,
        "Cost Of Revenue": NaN,
        "Total Revenue": NaN,
        "Operating Revenue": NaN
    },
    "2022-09-30": {
        "Tax Effect Of Unusual Items": NaN,
        "Tax Rate For Calcs": NaN,
        "Normalized EBITDA": NaN,
        "Total Unusual Items": NaN,
        "Total Unusual Items Excluding Goodwill": NaN,
        "Net Income From Continuing Operation Net Minority Interest": NaN,
        "Reconciled Depreciation": NaN,
        "Reconciled Cost Of Revenue": NaN,
        "EBITDA": NaN,
        "EBIT": NaN,
        "Net Interest Income": NaN,
        "Interest Expense": NaN,
        "Interest Income": NaN,
        "Normalized Income": NaN,
        "Net Income From Continuing And Discontinued Operation": NaN,
        "Total Expenses": NaN,
        "Total Operating Income As Reported": NaN,
        "Diluted Average Shares": NaN,
        "Basic Average Shares": NaN,
        "Diluted EPS": NaN,
        "Basic EPS": NaN,
        "Diluted NI Availto Com Stockholders": NaN,
        "Net Income Common Stockholders": NaN,
        "Net Income": NaN,
        "Minority Interests": NaN,
        "Net Income Including Noncontrolling Interests": NaN,
        "Net Income Discontinuous Operations": NaN,
        "Net Income Continuous Operations": NaN,
        "Tax Provision": NaN,
        "Pretax Income": NaN,
        "Other Income Expense": NaN,
        "Other Non Operating Income Expenses": NaN,
        "Special Income Charges": NaN,
        "Gain On Sale Of Business": -65000000.0,
        "Other Special Charges": 48000000.0,
        "Write Off": NaN,
        "Impairment Of Capital Assets": 2785000000.0,
        "Restructuring And Mergern Acquisition": NaN,
        "Gain On Sale Of Security": NaN,
        "Net Non Operating Interest Income Expense": NaN,
        "Interest Expense Non Operating": NaN,
        "Interest Income Non Operating": NaN,
        "Operating Income": NaN,
        "Operating Expense": NaN,
        "Other Operating Expenses": 48000000.0,
        "Research And Development": NaN,
        "Selling General And Administration": NaN,
        "General And Administrative Expense": 942000000.0,
        "Other Gand A": 947000000.0,
        "Salaries And Wages": -5000000.0,
        "Gross Profit": NaN,
        "Cost Of Revenue": NaN,
        "Total Revenue": NaN,
        "Operating Revenue": NaN
    },
    "2022-06-30": {
        "Tax Effect Of Unusual Items": 3128000.0,
        "Tax Rate For Calcs": 0.136,
        "Normalized EBITDA": 720000000.0,
        "Total Unusual Items": 23000000.0,
        "Total Unusual Items Excluding Goodwill": 23000000.0,
        "Net Income From Continuing Operation Net Minority Interest": 252000000.0,
        "Reconciled Depreciation": 355000000.0,
        "Reconciled Cost Of Revenue": 2293000000.0,
        "EBITDA": 743000000.0,
        "EBIT": 388000000.0,
        "Net Interest Income": -89000000.0,
        "Interest Expense": 93000000.0,
        "Interest Income": 4000000.0,
        "Normalized Income": 232128000.0,
        "Net Income From Continuing And Discontinued Operation": 252000000.0,
        "Total Expenses": 3406000000.0,
        "Total Operating Income As Reported": 340000000.0,
        "Diluted Average Shares": 508000000.0,
        "Basic Average Shares": 504000000.0,
        "Diluted EPS": 0.5,
        "Basic EPS": 0.5,
        "Diluted NI Availto Com Stockholders": 252000000.0,
        "Net Income Common Stockholders": 252000000.0,
        "Net Income": 252000000.0,
        "Minority Interests": -3000000.0,
        "Net Income Including Noncontrolling Interests": 255000000.0,
        "Net Income Discontinuous Operations": NaN,
        "Net Income Continuous Operations": 255000000.0,
        "Tax Provision": 40000000.0,
        "Pretax Income": 295000000.0,
        "Other Income Expense": 44000000.0,
        "Other Non Operating Income Expenses": 21000000.0,
        "Special Income Charges": NaN,
        "Other Special Charges": NaN,
        "Write Off": NaN,
        "Impairment Of Capital Assets": NaN,
        "Restructuring And Mergern Acquisition": NaN,
        "Gain On Sale Of Security": 23000000.0,
        "Net Non Operating Interest Income Expense": -89000000.0,
        "Interest Expense Non Operating": 93000000.0,
        "Interest Income Non Operating": 4000000.0,
        "Operating Income": 340000000.0,
        "Operating Expense": 1113000000.0,
        "Other Operating Expenses": -11000000.0,
        "Research And Development": 148000000.0,
        "Selling General And Administration": 976000000.0,
        "General And Administrative Expense": 976000000.0,
        "Other Gand A": 976000000.0,
        "Salaries And Wages": NaN,
        "Gross Profit": 1453000000.0,
        "Cost Of Revenue": 2293000000.0,
        "Total Revenue": 3746000000.0,
        "Operating Revenue": 3746000000.0
    },
    "2022-03-31": {
        "Diluted EPS": 0.14,
        "Total Revenue": NaN,
        "Gross Profit": NaN,
        "Operating Income": 163,
        "EBIT": 543,
        "Net Income": 71
    },
    "2021-12-31": {
        "Diluted EPS": 0.47,
        "Total Revenue": NaN,
        "Gross Profit": NaN,
        "Operating Income": 383,
        "EBIT": 628,
        "Net Income": 238
    },
    "2021-09-30": {
        "Diluted EPS": 0.89,
        "Total Revenue": NaN,
        "Gross Profit": NaN,
        "Operating Income": 513,
        "EBIT": 719,
        "Net Income": 450
    },
    "2021-06-30": {
        "Diluted EPS": 0.59,
        "Total Revenue": NaN,
        "Gross Profit": NaN,
        "Operating Income": 424,
        "EBIT": 646,
        "Net Income": 298
    },
    "2021-03-31": {
        "Diluted EPS": 0.58,
        "Total Revenue": NaN,
        "Gross Profit": NaN,
        "Operating Income": 390,
        "EBIT": 607,
        "Net Income": 298
    },
    "2020-12-31": {
        "Diluted EPS": 0.32,
        "Total Revenue": NaN,
        "Gross Profit": NaN,
        "Operating Income": 406,
        "EBIT": 619,
        "Net Income": 168
    },
    "2020-09-30": {
        "Diluted EPS": 0.69,
        "Total Revenue": NaN,
        "Gross Profit": NaN,
        "Operating Income": 470,
        "EBIT": 679,
        "Net Income": 356
    },
    "2020-06-30": {
        "Diluted EPS": 0.48,
        "Total Revenue": NaN,
        "Gross Profit": NaN,
        "Operating Income": 331,
        "EBIT": 550,
        "Net Income": 246
    },
    "2020-03-31": {
        "Diluted EPS": 0.64,
        "Total Revenue": NaN,
        "Gross Profit": NaN,
        "Operating Income": 409,
        "EBIT": 608,
        "Net Income": 332
    },
    "2019-12-31": {
        "Diluted EPS": -0.04,
        "Total Revenue": NaN,
        "Gross Profit": NaN,
        "Operating Income": 536,
        "EBIT": 745,
        "Net Income": -23
    },
    "2019-09-30": {
        "Diluted EPS": 0.71,
        "Total Revenue": NaN,
        "Gross Profit": NaN,
        "Operating Income": 503,
        "EBIT": 698,
        "Net Income": 369
    },
    "2019-06-30": {
        "Diluted EPS": 0.6,
        "Total Revenue": NaN,
        "Gross Profit": NaN,
        "Operating Income": 350,
        "EBIT": 574,
        "Net Income": 313
    },
    "2019-03-31": {
        "Diluted EPS": 0.66,
        "Total Revenue": NaN,
        "Gross Profit": NaN,
        "Operating Income": 383,
        "EBIT": 575,
        "Net Income": 342
    },
    "2018-12-31": {
        "Diluted EPS": 0.54,
        "Total Revenue": NaN,
        "Gross Profit": NaN,
        "Operating Income": 386,
        "EBIT": 571,
        "Net Income": 296
    },
    "2018-09-30": {
        "Diluted EPS": 0.95,
        "Total Revenue": NaN,
        "Gross Profit": NaN,
        "Operating Income": 382,
        "EBIT": 581,
        "Net Income": 518
    },
    "2018-06-30": {
        "Diluted EPS": 0.63,
        "Total Revenue": NaN,
        "Gross Profit": NaN,
        "Operating Income": 384,
        "EBIT": 579,
        "Net Income": 343
    },
    "2018-03-31": {
        "Diluted EPS": 0.71,
        "Total Revenue": NaN,
        "Gross Profit": NaN,
        "Operating Income": 432,
        "EBIT": 624,
        "Net Income": 389
    },
    "2017-12-31": {
        "Diluted EPS": -0.34,
        "Total Revenue": NaN,
        "Gross Profit": NaN,
        "Operating Income": 288,
        "EBIT": 476,
        "Net Income": -186
    },
    "2017-09-30": {
        "Diluted EPS": 0.45,
        "Total Revenue": NaN,
        "Gross Profit": NaN,
        "Operating Income": 300,
        "EBIT": 484,
        "Net Income": 251
    },
    "2017-06-30": {
        "Diluted EPS": 0.48,
        "Total Revenue": NaN,
        "Gross Profit": NaN,
        "Operating Income": 347,
        "EBIT": 531,
        "Net Income": 265
    },
    "2017-03-31": {
        "Diluted EPS": 0.49,
        "Total Revenue": NaN,
        "Gross Profit": NaN,
        "Operating Income": 353,
        "EBIT": 547,
        "Net Income": 272
    },
    "2016-12-31": {
        "Diluted EPS": 0.46,
        "Total Revenue": NaN,
        "Gross Profit": NaN,
        "Operating Income": 303,
        "EBIT": 504,
        "Net Income": 243
    },
    "2016-09-30": {
        "Diluted EPS": 0.24,
        "Total Revenue": NaN,
        "Gross Profit": NaN,
        "Operating Income": 186,
        "EBIT": 390,
        "Net Income": 130
    },
    "2016-06-30": {
        "Diluted EPS": 2.19,
        "Total Revenue": NaN,
        "Gross Profit": 972,
        "Operating Income": 68,
        "EBIT": 274,
        "Net Income": NaN
    },
    "2016-03-31": {
        "Diluted EPS": 6.12,
        "Total Revenue": NaN,
        "Gross Profit": 965,
        "Operating Income": 188,
        "EBIT": 377,
        "Net Income": NaN
    },
    "2015-12-31": {
        "Diluted EPS": 0.37,
        "Total Revenue": NaN,
        "Gross Profit": NaN,
        "Operating Income": 178,
        "EBIT": 344,
        "Net Income": 205
    },
    "2015-09-30": {
        "Diluted EPS": 0.0,
        "Total Revenue": NaN,
        "Gross Profit": NaN,
        "Operating Income": 92,
        "EBIT": 308,
        "Net Income": 1
    },
    "2015-06-30": {
        "Diluted EPS": 0.6,
        "Total Revenue": NaN,
        "Gross Profit": NaN,
        "Operating Income": 87,
        "EBIT": 277,
        "Net Income": 332
    },
    "2015-03-31": {
        "Diluted EPS": 0.78,
        "Total Revenue": NaN,
        "Gross Profit": NaN,
        "Operating Income": 92,
        "EBIT": 279,
        "Net Income": 430
    },
    "2014-12-31": {
        "Diluted EPS": 1.74,
        "Total Revenue": NaN,
        "Gross Profit": NaN,
        "Operating Income": 191,
        "EBIT": 391,
        "Net Income": 953
    },
    "2014-09-30": {
        "Diluted EPS": 0.86,
        "Total Revenue": NaN,
        "Gross Profit": NaN,
        "Operating Income": 217,
        "EBIT": 320,
        "Net Income": 468
    },
    "2014-06-30": {
        "Diluted EPS": 0.95,
        "Total Revenue": NaN,
        "Gross Profit": NaN,
        "Operating Income": 659,
        "EBIT": 912,
        "Net Income": 520
    },
    "2014-03-31": {
        "Diluted EPS": 1.01,
        "Total Revenue": NaN,
        "Gross Profit": NaN,
        "Operating Income": 672,
        "EBIT": 908,
        "Net Income": 556
    },
    "2013-12-31": {
        "Diluted EPS": 0.59,
        "Total Revenue": NaN,
        "Gross Profit": NaN,
        "Operating Income": 546,
        "EBIT": 608,
        "Net Income": 326
    },
    "2013-09-30": {
        "Diluted EPS": 0.99,
        "Total Revenue": NaN,
        "Gross Profit": NaN,
        "Operating Income": 654,
        "EBIT": 861,
        "Net Income": 544
    },
    "2013-06-30": {
        "Diluted EPS": 1.07,
        "Total Revenue": NaN,
        "Gross Profit": NaN,
        "Operating Income": 828,
        "EBIT": NaN,
        "Net Income": 590
    },
    "2013-03-31": {
        "Diluted EPS": 1.0,
        "Total Revenue": NaN,
        "Gross Profit": NaN,
        "Operating Income": 715,
        "EBIT": 898,
        "Net Income": 552
    },
    "2012-12-31": {
        "Diluted EPS": 0.89,
        "Total Revenue": NaN,
        "Gross Profit": NaN,
        "Operating Income": 523,
        "EBIT": 701,
        "Net Income": 494
    },
    "2012-09-30": {
        "Diluted EPS": 1.06,
        "Total Revenue": NaN,
        "Gross Profit": NaN,
        "Operating Income": 777,
        "EBIT": 956,
        "Net Income": 583
    },
    "2012-06-30": {
        "Diluted EPS": 1.19,
        "Total Revenue": NaN,
        "Gross Profit": NaN,
        "Operating Income": 777,
        "EBIT": 957,
        "Net Income": 661
    },
    "2012-03-31": {
        "Diluted EPS": 1.04,
        "Total Revenue": NaN,
        "Gross Profit": NaN,
        "Operating Income": 693,
        "EBIT": 868,
        "Net Income": 588
    },
    "2011-12-31": {
        "Diluted EPS": 0.82,
        "Total Revenue": NaN,
        "Gross Profit": NaN,
        "Operating Income": 625,
        "EBIT": 792,
        "Net Income": 463
    },
    "2011-09-30": {
        "Diluted EPS": 1.01,
        "Total Revenue": NaN,
        "Gross Profit": NaN,
        "Operating Income": 745,
        "EBIT": 921,
        "Net Income": 576
    },
    "2011-06-30": {
        "Diluted EPS": 1.07,
        "Total Revenue": NaN,
        "Gross Profit": NaN,
        "Operating Income": 831,
        "EBIT": NaN,
        "Net Income": 615
    },
    "2011-03-31": {
        "Diluted EPS": 0.98,
        "Total Revenue": NaN,
        "Gross Profit": NaN,
        "Operating Income": 745,
        "EBIT": 903,
        "Net Income": 570
    },
    "2010-12-31": {
        "Diluted EPS": 0.71,
        "Total Revenue": NaN,
        "Gross Profit": NaN,
        "Operating Income": 523,
        "EBIT": 702,
        "Net Income": 423
    },
    "2010-09-30": {
        "Diluted EPS": 0.89,
        "Total Revenue": NaN,
        "Gross Profit": NaN,
        "Operating Income": 782,
        "EBIT": 953,
        "Net Income": 525
    },
    "2010-06-30": {
        "Diluted EPS": 0.9,
        "Total Revenue": NaN,
        "Gross Profit": NaN,
        "Operating Income": 698,
        "EBIT": 867,
        "Net Income": 535
    },
    "2010-03-31": {
        "Diluted EPS": -0.11,
        "Total Revenue": NaN,
        "Gross Profit": NaN,
        "Operating Income": 133,
        "EBIT": 299,
        "Net Income": -63
    },
    "2009-12-31": {
        "Diluted EPS": 0.93,
        "Total Revenue": NaN,
        "Gross Profit": NaN,
        "Operating Income": 733,
        "EBIT": 905,
        "Net Income": 572
    },
    "2009-09-30": {
        "Diluted EPS": 0.87,
        "Total Revenue": NaN,
        "Gross Profit": NaN,
        "Operating Income": 732,
        "EBIT": 896,
        "Net Income": 530
    },
    "2009-06-30": {
        "Diluted EPS": 0.96,
        "Total Revenue": NaN,
        "Gross Profit": NaN,
        "Operating Income": 747,
        "EBIT": 901,
        "Net Income": 587
    },
    "2009-03-31": {
        "Diluted EPS": 0.83,
        "Total Revenue": NaN,
        "Gross Profit": NaN,
        "Operating Income": 665,
        "EBIT": 813,
        "Net Income": 516
    },
    "2023-09-30": {
        "Tax Effect Of Unusual Items": 210000.0,
        "Tax Rate For Calcs": 0.21,
        "Normalized EBITDA": 274000000.0,
        "Total Unusual Items": 1000000.0,
        "Total Unusual Items Excluding Goodwill": 1000000.0,
        "Net Income From Continuing Operation Net Minority Interest": 48000000.0,
        "Reconciled Depreciation": 311000000.0,
        "Reconciled Cost Of Revenue": 2591000000.0,
        "EBITDA": 275000000.0,
        "EBIT": -36000000.0,
        "Net Interest Income": -128000000.0,
        "Interest Expense": 136000000.0,
        "Interest Income": 8000000.0,
        "Normalized Income": 47210000.0,
        "Net Income From Continuing And Discontinued Operation": 2508000000.0,
        "Total Expenses": 3759000000.0,
        "Total Operating Income As Reported": -51000000.0,
        "Diluted Average Shares": 509000000.0,
        "Basic Average Shares": 507000000.0,
        "Diluted EPS": 4.93,
        "Basic EPS": 4.95,
        "Diluted NI Availto Com Stockholders": 2508000000.0,
        "Net Income Common Stockholders": 2508000000.0,
        "Net Income": 2508000000.0,
        "Minority Interests": -3000000.0,
        "Net Income Including Noncontrolling Interests": 2511000000.0,
        "Net Income Discontinuous Operations": 2460000000.0,
        "Net Income Continuous Operations": 51000000.0,
        "Tax Provision": -223000000.0,
        "Pretax Income": -172000000.0,
        "Other Income Expense": 7000000.0,
        "Other Non Operating Income Expenses": 6000000.0,
        "Special Income Charges": 11000000.0,
        "Gain On Sale Of Business": 0.0,
        "Other Special Charges": -11000000.0,
        "Write Off": 0.0,
        "Impairment Of Capital Assets": 0.0,
        "Restructuring And Mergern Acquisition": 0.0,
        "Gain On Sale Of Security": -10000000.0,
        "Net Non Operating Interest Income Expense": -128000000.0,
        "Interest Expense Non Operating": 136000000.0,
        "Interest Income Non Operating": 8000000.0,
        "Operating Income": -51000000.0,
        "Operating Expense": 1168000000.0,
        "Other Operating Expenses": NaN,
        "Research And Development": 166000000.0,
        "Selling General And Administration": 1002000000.0,
        "General And Administrative Expense": NaN,
        "Other Gand A": NaN,
        "Salaries And Wages": NaN,
        "Gross Profit": 1117000000.0,
        "Cost Of Revenue": 2591000000.0,
        "Total Revenue": 3708000000.0,
        "Operating Revenue": 3708000000.0
    },
    "2023-12-31": {
        "Tax Effect Of Unusual Items": -10500000.0,
        "Tax Rate For Calcs": 0.21,
        "Normalized EBITDA": 729000000.0,
        "Total Unusual Items": -50000000.0,
        "Total Unusual Items Excluding Goodwill": -50000000.0,
        "Net Income From Continuing Operation Net Minority Interest": 72000000.0,
        "Reconciled Depreciation": 324000000.0,
        "Reconciled Cost Of Revenue": 2413000000.0,
        "EBITDA": 679000000.0,
        "EBIT": 355000000.0,
        "Net Interest Income": -73000000.0,
        "Interest Expense": 117000000.0,
        "Interest Income": 44000000.0,
        "Normalized Income": 111500000.0,
        "Net Income From Continuing And Discontinued Operation": 245000000.0,
        "Total Expenses": 3520000000.0,
        "Total Operating Income As Reported": 329000000.0,
        "Diluted Average Shares": 509000000.0,
        "Basic Average Shares": 507000000.0,
        "Diluted EPS": 0.48,
        "Basic EPS": 0.48,
        "Diluted NI Availto Com Stockholders": 245000000.0,
        "Net Income Common Stockholders": 245000000.0,
        "Net Income": 245000000.0,
        "Minority Interests": -1000000.0,
        "Net Income Including Noncontrolling Interests": 246000000.0,
        "Net Income Discontinuous Operations": 173000000.0,
        "Net Income Continuous Operations": 73000000.0,
        "Tax Provision": 165000000.0,
        "Pretax Income": 238000000.0,
        "Other Income Expense": -55000000.0,
        "Other Non Operating Income Expenses": -5000000.0,
        "Special Income Charges": -57000000.0,
        "Gain On Sale Of Business": 0.0,
        "Other Special Charges": 33000000.0,
        "Write Off": 29000000.0,
        "Impairment Of Capital Assets": 0.0,
        "Restructuring And Mergern Acquisition": -5000000.0,
        "Gain On Sale Of Security": 7000000.0,
        "Net Non Operating Interest Income Expense": -73000000.0,
        "Interest Expense Non Operating": 117000000.0,
        "Interest Income Non Operating": 44000000.0,
        "Operating Income": 365000000.0,
        "Operating Expense": 1107000000.0,
        "Other Operating Expenses": NaN,
        "Research And Development": 172000000.0,
        "Selling General And Administration": 935000000.0,
        "General And Administrative Expense": NaN,
        "Other Gand A": NaN,
        "Salaries And Wages": NaN,
        "Gross Profit": 1472000000.0,
        "Cost Of Revenue": 2413000000.0,
        "Total Revenue": 3885000000.0,
        "Operating Revenue": 3885000000.0
    },
    "2024-03-31": {
        "Tax Effect Of Unusual Items": -12000000.0,
        "Tax Rate For Calcs": 0.4,
        "Normalized EBITDA": 584000000.0,
        "Total Unusual Items": -30000000.0,
        "Total Unusual Items Excluding Goodwill": -30000000.0,
        "Net Income From Continuing Operation Net Minority Interest": 37000000.0,
        "Reconciled Depreciation": 335000000.0,
        "Reconciled Cost Of Revenue": 2205000000.0,
        "EBITDA": 554000000.0,
        "EBIT": 219000000.0,
        "Net Interest Income": -78000000.0,
        "Interest Expense": 103000000.0,
        "Interest Income": 25000000.0,
        "Normalized Income": 55000000.0,
        "Net Income From Continuing And Discontinued Operation": 37000000.0,
        "Total Expenses": 3373000000.0,
        "Total Operating Income As Reported": 187000000.0,
        "Diluted Average Shares": 510000000.0,
        "Basic Average Shares": 508000000.0,
        "Diluted EPS": 0.07,
        "Basic EPS": 0.07,
        "Diluted NI Availto Com Stockholders": 37000000.0,
        "Net Income Common Stockholders": 37000000.0,
        "Net Income": 37000000.0,
        "Minority Interests": -2000000.0,
        "Net Income Including Noncontrolling Interests": 39000000.0,
        "Net Income Discontinuous Operations": 0.0,
        "Net Income Continuous Operations": 39000000.0,
        "Tax Provision": 77000000.0,
        "Pretax Income": 116000000.0,
        "Other Income Expense": -25000000.0,
        "Other Non Operating Income Expenses": 5000000.0,
        "Special Income Charges": -20000000.0,
        "Gain On Sale Of Business": NaN,
        "Other Special Charges": NaN,
        "Write Off": 0.0,
        "Impairment Of Capital Assets": NaN,
        "Restructuring And Mergern Acquisition": 20000000.0,
        "Gain On Sale Of Security": -10000000.0,
        "Net Non Operating Interest Income Expense": -78000000.0,
        "Interest Expense Non Operating": 103000000.0,
        "Interest Income Non Operating": 25000000.0,
        "Operating Income": 219000000.0,
        "Operating Expense": 1168000000.0,
        "Other Operating Expenses": -3000000.0,
        "Research And Development": 176000000.0,
        "Selling General And Administration": 995000000.0,
        "General And Administrative Expense": 995000000.0,
        "Other Gand A": 1007000000.0,
        "Salaries And Wages": -12000000.0,
        "Gross Profit": 1387000000.0,
        "Cost Of Revenue": 2205000000.0,
        "Total Revenue": 3592000000.0,
        "Operating Revenue": 3592000000.0
    }
}