{
    "2023-05-31": {
        "Tax Effect Of Unusual Items": NaN,
        "Tax Rate For Calcs": NaN,
        "Normalized EBITDA": NaN,
        "Total Unusual Items": NaN,
        "Total Unusual Items Excluding Goodwill": NaN,
        "Net Income From Continuing Operation Net Minority Interest": NaN,
        "Reconciled Depreciation": NaN,
        "Reconciled Cost Of Revenue": NaN,
        "EBITDA": NaN,
        "EBIT": NaN,
        "Net Interest Income": -2000000.0,
        "Interest Expense": 2000000.0,
        "Normalized Income": NaN,
        "Net Income From Continuing And Discontinued Operation": NaN,
        "Total Expenses": NaN,
        "Total Operating Income As Reported": NaN,
        "Diluted Average Shares": NaN,
        "Basic Average Shares": NaN,
        "Diluted EPS": NaN,
        "Basic EPS": NaN,
        "Diluted NI Availto Com Stockholders": NaN,
        "Average Dilution Earnings": 0.0,
        "Net Income Common Stockholders": NaN,
        "Net Income": NaN,
        "Net Income Including Noncontrolling Interests": NaN,
        "Net Income Discontinuous Operations": NaN,
        "Net Income Continuous Operations": NaN,
        "Tax Provision": NaN,
        "Pretax Income": NaN,
        "Other Income Expense": NaN,
        "Other Non Operating Income Expenses": -22000000.0,
        "Special Income Charges": NaN,
        "Gain On Sale Of Ppe": NaN,
        "Impairment Of Capital Assets": NaN,
        "Gain On Sale Of Security": NaN,
        "Net Non Operating Interest Income Expense": -2000000.0,
        "Interest Expense Non Operating": 2000000.0,
        "Operating Income": NaN,
        "Operating Expense": NaN,
        "Depreciation Amortization Depletion Income Statement": NaN,
        "Depreciation And Amortization In Income Statement": NaN,
        "Amortization": NaN,
        "Amortization Of Intangibles Income Statement": NaN,
        "Depreciation Income Statement": 3000000.0,
        "Research And Development": NaN,
        "Selling General And Administration": NaN,
        "Selling And Marketing Expense": NaN,
        "General And Administrative Expense": NaN,
        "Other Gand A": NaN,
        "Gross Profit": NaN,
        "Cost Of Revenue": NaN,
        "Total Revenue": NaN,
        "Operating Revenue": NaN
    },
    "2023-02-28": {
        "Tax Effect Of Unusual Items": NaN,
        "Tax Rate For Calcs": NaN,
        "Normalized EBITDA": NaN,
        "Total Unusual Items": NaN,
        "Total Unusual Items Excluding Goodwill": NaN,
        "Net Income From Continuing Operation Net Minority Interest": NaN,
        "Reconciled Depreciation": NaN,
        "Reconciled Cost Of Revenue": NaN,
        "EBITDA": NaN,
        "EBIT": NaN,
        "Net Interest Income": NaN,
        "Interest Expense": NaN,
        "Normalized Income": NaN,
        "Net Income From Continuing And Discontinued Operation": NaN,
        "Total Expenses": NaN,
        "Total Operating Income As Reported": NaN,
        "Diluted Average Shares": NaN,
        "Basic Average Shares": NaN,
        "Diluted EPS": NaN,
        "Basic EPS": NaN,
        "Diluted NI Availto Com Stockholders": NaN,
        "Average Dilution Earnings": -25000000.0,
        "Net Income Common Stockholders": NaN,
        "Net Income": NaN,
        "Net Income Including Noncontrolling Interests": NaN,
        "Net Income Continuous Operations": NaN,
        "Tax Provision": NaN,
        "Pretax Income": NaN,
        "Other Income Expense": NaN,
        "Other Non Operating Income Expenses": 26000000.0,
        "Special Income Charges": NaN,
        "Gain On Sale Of Ppe": 0.0,
        "Other Special Charges": 0.0,
        "Impairment Of Capital Assets": NaN,
        "Gain On Sale Of Security": NaN,
        "Net Non Operating Interest Income Expense": NaN,
        "Interest Expense Non Operating": NaN,
        "Operating Income": NaN,
        "Operating Expense": NaN,
        "Depreciation Amortization Depletion Income Statement": NaN,
        "Depreciation And Amortization In Income Statement": NaN,
        "Amortization": NaN,
        "Amortization Of Intangibles Income Statement": NaN,
        "Depreciation Income Statement": 2000000.0,
        "Research And Development": NaN,
        "Selling General And Administration": NaN,
        "Selling And Marketing Expense": NaN,
        "General And Administrative Expense": NaN,
        "Other Gand A": NaN,
        "Gross Profit": NaN,
        "Cost Of Revenue": NaN,
        "Total Revenue": NaN,
        "Operating Revenue": NaN
    },
    "2022-11-30": {
        "Tax Effect Of Unusual Items": NaN,
        "Tax Rate For Calcs": NaN,
        "Normalized EBITDA": NaN,
        "Total Unusual Items": NaN,
        "Total Unusual Items Excluding Goodwill": NaN,
        "Net Income From Continuing Operation Net Minority Interest": NaN,
        "Reconciled Depreciation": NaN,
        "Reconciled Cost Of Revenue": NaN,
        "EBITDA": NaN,
        "EBIT": NaN,
        "Net Interest Income": NaN,
        "Interest Expense": NaN,
        "Normalized Income": NaN,
        "Net Income From Continuing And Discontinued Operation": NaN,
        "Total Expenses": NaN,
        "Total Operating Income As Reported": NaN,
        "Diluted Average Shares": NaN,
        "Basic Average Shares": NaN,
        "Diluted EPS": NaN,
        "Basic EPS": NaN,
        "Diluted NI Availto Com Stockholders": NaN,
        "Average Dilution Earnings": NaN,
        "Net Income Common Stockholders": NaN,
        "Net Income": NaN,
        "Net Income Including Noncontrolling Interests": NaN,
        "Net Income Continuous Operations": NaN,
        "Tax Provision": NaN,
        "Pretax Income": NaN,
        "Other Income Expense": NaN,
        "Other Non Operating Income Expenses": NaN,
        "Special Income Charges": NaN,
        "Gain On Sale Of Ppe": 0.0,
        "Other Special Charges": NaN,
        "Impairment Of Capital Assets": NaN,
        "Gain On Sale Of Security": NaN,
        "Net Non Operating Interest Income Expense": NaN,
        "Interest Expense Non Operating": NaN,
        "Operating Income": NaN,
        "Operating Expense": NaN,
        "Depreciation Amortization Depletion Income Statement": NaN,
        "Depreciation And Amortization In Income Statement": NaN,
        "Amortization": NaN,
        "Amortization Of Intangibles Income Statement": NaN,
        "Depreciation Income Statement": 2000000.0,
        "Research And Development": NaN,
        "Selling General And Administration": NaN,
        "Selling And Marketing Expense": NaN,
        "General And Administrative Expense": NaN,
        "Other Gand A": NaN,
        "Gross Profit": NaN,
        "Cost Of Revenue": NaN,
        "Total Revenue": NaN,
        "Operating Revenue": NaN
    },
    "2022-08-31": {
        "Tax Effect Of Unusual Items": 0.0,
        "Tax Rate For Calcs": 0.2621,
        "Normalized EBITDA": -31000000.0,
        "Total Unusual Items": 0.0,
        "Total Unusual Items Excluding Goodwill": 0.0,
        "Net Income From Continuing Operation Net Minority Interest": -54000000.0,
        "Reconciled Depreciation": 28000000.0,
        "Reconciled Cost Of Revenue": 59000000.0,
        "EBITDA": -31000000.0,
        "EBIT": -59000000.0,
        "Net Interest Income": NaN,
        "Interest Expense": NaN,
        "Normalized Income": -54000000.0,
        "Net Income From Continuing And Discontinued Operation": -54000000.0,
        "Total Expenses": 227000000.0,
        "Total Operating Income As Reported": -47000000.0,
        "Diluted Average Shares": 638147000.0,
        "Basic Average Shares": 577314000.0,
        "Diluted EPS": -0.1,
        "Basic EPS": -0.09,
        "Diluted NI Availto Com Stockholders": -54000000.0,
        "Average Dilution Earnings": -8000000.0,
        "Net Income Common Stockholders": -54000000.0,
        "Net Income": -54000000.0,
        "Net Income Including Noncontrolling Interests": -54000000.0,
        "Net Income Continuous Operations": -54000000.0,
        "Tax Provision": 5000000.0,
        "Pretax Income": -49000000.0,
        "Other Income Expense": 10000000.0,
        "Other Non Operating Income Expenses": 10000000.0,
        "Special Income Charges": 2000000.0,
        "Gain On Sale Of Ppe": 6000000.0,
        "Other Special Charges": NaN,
        "Impairment Of Capital Assets": 4000000.0,
        "Gain On Sale Of Security": -2000000.0,
        "Net Non Operating Interest Income Expense": NaN,
        "Interest Expense Non Operating": NaN,
        "Operating Income": -59000000.0,
        "Operating Expense": 165000000.0,
        "Depreciation Amortization Depletion Income Statement": 25000000.0,
        "Depreciation And Amortization In Income Statement": 25000000.0,
        "Amortization": 25000000.0,
        "Amortization Of Intangibles Income Statement": 25000000.0,
        "Depreciation Income Statement": NaN,
        "Research And Development": 54000000.0,
        "Selling General And Administration": 86000000.0,
        "General And Administrative Expense": 86000000.0,
        "Other Gand A": 86000000.0,
        "Gross Profit": 106000000.0,
        "Cost Of Revenue": 62000000.0,
        "Total Revenue": 168000000.0,
        "Operating Revenue": 168000000.0
    },
    "2022-05-31": {
        "Tax Effect Of Unusual Items": -66400000.0,
        "Tax Rate For Calcs": 0.4,
        "Normalized EBITDA": 137000000.0,
        "Total Unusual Items": -166000000.0,
        "Total Unusual Items Excluding Goodwill": -166000000.0,
        "Net Income From Continuing Operation Net Minority Interest": -181000000.0,
        "Reconciled Depreciation": 29000000.0,
        "Reconciled Cost Of Revenue": 62000000.0,
        "EBIT": -58000000.0,
        "Normalized Income": -81400000.0,
        "Net Income From Continuing And Discontinued Operation": -181000000.0,
        "Total Expenses": 226000000.0,
        "Total Operating Income As Reported": -177000000.0,
        "Diluted Average Shares": 637710000.0,
        "Basic Average Shares": 576877000.0,
        "Diluted EPS": -0.35,
        "Basic EPS": -0.31,
        "Diluted NI Availto Com Stockholders": -181000000.0,
        "Average Dilution Earnings": -44000000.0,
        "Net Income Common Stockholders": -181000000.0,
        "Net Income": -181000000.0,
        "Net Income Including Noncontrolling Interests": -181000000.0,
        "Net Income Continuous Operations": -181000000.0,
        "Tax Provision": 3000000.0,
        "Pretax Income": -178000000.0,
        "Other Income Expense": -120000000.0,
        "Other Non Operating Income Expenses": 46000000.0,
        "Special Income Charges": -165000000.0,
        "Gain On Sale Of Ppe": NaN,
        "Other Special Charges": 165000000.0,
        "Impairment Of Capital Assets": NaN,
        "Gain On Sale Of Security": -1000000.0,
        "Operating Income": -58000000.0,
        "Operating Expense": 162000000.0,
        "Depreciation Amortization Depletion Income Statement": 27000000.0,
        "Depreciation And Amortization In Income Statement": 27000000.0,
        "Amortization": 27000000.0,
        "Amortization Of Intangibles Income Statement": 27000000.0,
        "Depreciation Income Statement": 4000000.0,
        "Research And Development": 53000000.0,
        "Selling General And Administration": 82000000.0,
        "General And Administrative Expense": 82000000.0,
        "Other Gand A": 82000000.0,
        "Gross Profit": 104000000.0,
        "Cost Of Revenue": 64000000.0,
        "Total Revenue": 168000000.0,
        "Operating Revenue": 168000000.0
    },
    "2023-08-31": {
        "Tax Effect Of Unusual Items": NaN,
        "Tax Rate For Calcs": NaN,
        "Normalized EBITDA": NaN,
        "Total Unusual Items": NaN,
        "Total Unusual Items Excluding Goodwill": NaN,
        "Net Income From Continuing Operation Net Minority Interest": NaN,
        "Reconciled Depreciation": NaN,
        "Reconciled Cost Of Revenue": NaN,
        "EBITDA": NaN,
        "EBIT": NaN,
        "Net Interest Income": NaN,
        "Interest Expense": NaN,
        "Normalized Income": NaN,
        "Net Income From Continuing And Discontinued Operation": NaN,
        "Total Expenses": NaN,
        "Total Operating Income As Reported": NaN,
        "Diluted Average Shares": NaN,
        "Basic Average Shares": NaN,
        "Diluted EPS": NaN,
        "Basic EPS": NaN,
        "Diluted NI Availto Com Stockholders": NaN,
        "Average Dilution Earnings": 0.0,
        "Net Income Common Stockholders": NaN,
        "Net Income": NaN,
        "Net Income Including Noncontrolling Interests": NaN,
        "Net Income Discontinuous Operations": NaN,
        "Net Income Continuous Operations": NaN,
        "Tax Provision": NaN,
        "Pretax Income": NaN,
        "Other Income Expense": NaN,
        "Other Non Operating Income Expenses": 6000000.0,
        "Special Income Charges": NaN,
        "Gain On Sale Of Ppe": 0.0,
        "Impairment Of Capital Assets": NaN,
        "Gain On Sale Of Security": 7000000.0,
        "Net Non Operating Interest Income Expense": NaN,
        "Interest Expense Non Operating": NaN,
        "Operating Income": NaN,
        "Operating Expense": NaN,
        "Depreciation Amortization Depletion Income Statement": NaN,
        "Depreciation And Amortization In Income Statement": NaN,
        "Amortization": NaN,
        "Amortization Of Intangibles Income Statement": NaN,
        "Depreciation Income Statement": NaN,
        "Research And Development": NaN,
        "Selling General And Administration": NaN,
        "Selling And Marketing Expense": 43000000.0,
        "General And Administrative Expense": NaN,
        "Other Gand A": NaN,
        "Gross Profit": NaN,
        "Cost Of Revenue": NaN,
        "Total Revenue": NaN,
        "Operating Revenue": NaN
    },
    "2023-11-30": {
        "Tax Effect Of Unusual Items": -1600000.0,
        "Tax Rate For Calcs": 0.4,
        "Normalized EBITDA": 32000000.0,
        "Total Unusual Items": -4000000.0,
        "Total Unusual Items Excluding Goodwill": -4000000.0,
        "Net Income From Continuing Operation Net Minority Interest": 8000000.0,
        "Reconciled Depreciation": 14000000.0,
        "Reconciled Cost Of Revenue": 25000000.0,
        "EBITDA": 28000000.0,
        "EBIT": 14000000.0,
        "Net Interest Income": NaN,
        "Interest Expense": NaN,
        "Normalized Income": 10400000.0,
        "Net Income From Continuing And Discontinued Operation": -21000000.0,
        "Total Expenses": 138000000.0,
        "Total Operating Income As Reported": 18000000.0,
        "Diluted Average Shares": 638470000.0,
        "Basic Average Shares": 584331000.0,
        "Diluted EPS": -0.05,
        "Basic EPS": -0.04,
        "Diluted NI Availto Com Stockholders": -21000000.0,
        "Average Dilution Earnings": -12000000.0,
        "Net Income Common Stockholders": -21000000.0,
        "Net Income": -21000000.0,
        "Net Income Including Noncontrolling Interests": -21000000.0,
        "Net Income Discontinuous Operations": -29000000.0,
        "Net Income Continuous Operations": 8000000.0,
        "Tax Provision": 15000000.0,
        "Pretax Income": 23000000.0,
        "Other Income Expense": 9000000.0,
        "Other Non Operating Income Expenses": 13000000.0,
        "Special Income Charges": -9000000.0,
        "Gain On Sale Of Ppe": 0.0,
        "Impairment Of Capital Assets": 9000000.0,
        "Gain On Sale Of Security": 5000000.0,
        "Net Non Operating Interest Income Expense": NaN,
        "Interest Expense Non Operating": NaN,
        "Operating Income": 14000000.0,
        "Operating Expense": 105000000.0,
        "Depreciation Amortization Depletion Income Statement": 6000000.0,
        "Depreciation And Amortization In Income Statement": 6000000.0,
        "Amortization": 6000000.0,
        "Amortization Of Intangibles Income Statement": 6000000.0,
        "Depreciation Income Statement": NaN,
        "Research And Development": 29000000.0,
        "Selling General And Administration": 70000000.0,
        "Selling And Marketing Expense": 25000000.0,
        "General And Administrative Expense": 45000000.0,
        "Other Gand A": 45000000.0,
        "Gross Profit": 119000000.0,
        "Cost Of Revenue": 33000000.0,
        "Total Revenue": 152000000.0,
        "Operating Revenue": 152000000.0
    },
    "2024-02-29": {
        "Tax Effect Of Unusual Items": -5250000.0,
        "Tax Rate For Calcs": 0.15,
        "Normalized EBITDA": 31000000.0,
        "Total Unusual Items": -35000000.0,
        "Total Unusual Items Excluding Goodwill": -35000000.0,
        "Net Income From Continuing Operation Net Minority Interest": -56000000.0,
        "Reconciled Depreciation": 13000000.0,
        "Reconciled Cost Of Revenue": 43000000.0,
        "EBITDA": -4000000.0,
        "EBIT": -17000000.0,
        "Net Interest Income": NaN,
        "Interest Expense": NaN,
        "Normalized Income": -26250000.0,
        "Net Income From Continuing And Discontinued Operation": -56000000.0,
        "Total Expenses": 190000000.0,
        "Total Operating Income As Reported": -56000000.0,
        "Diluted Average Shares": 587523000.0,
        "Basic Average Shares": 587523000.0,
        "Diluted EPS": -0.1,
        "Basic EPS": -0.1,
        "Diluted NI Availto Com Stockholders": -56000000.0,
        "Average Dilution Earnings": 0.0,
        "Net Income Common Stockholders": -56000000.0,
        "Net Income": -56000000.0,
        "Net Income Including Noncontrolling Interests": -56000000.0,
        "Net Income Discontinuous Operations": NaN,
        "Net Income Continuous Operations": -56000000.0,
        "Tax Provision": 4000000.0,
        "Pretax Income": -52000000.0,
        "Other Income Expense": -35000000.0,
        "Other Non Operating Income Expenses": 0.0,
        "Special Income Charges": -39000000.0,
        "Gain On Sale Of Ppe": 0.0,
        "Impairment Of Capital Assets": 39000000.0,
        "Gain On Sale Of Security": 4000000.0,
        "Net Non Operating Interest Income Expense": NaN,
        "Interest Expense Non Operating": NaN,
        "Operating Income": -17000000.0,
        "Operating Expense": 146000000.0,
        "Depreciation Amortization Depletion Income Statement": 12000000.0,
        "Depreciation And Amortization In Income Statement": 12000000.0,
        "Amortization": 4000000.0,
        "Amortization Of Intangibles Income Statement": 4000000.0,
        "Depreciation Income Statement": NaN,
        "Research And Development": 40000000.0,
        "Selling General And Administration": 94000000.0,
        "Selling And Marketing Expense": NaN,
        "General And Administrative Expense": -77000000.0,
        "Other Gand A": -77000000.0,
        "Gross Profit": 129000000.0,
        "Cost Of Revenue": 44000000.0,
        "Total Revenue": 173000000.0,
        "Operating Revenue": 173000000.0
    },
    "2024-05-31": {
        "Tax Effect Of Unusual Items": 600000.0,
        "Tax Rate For Calcs": 0.15,
        "Normalized EBITDA": -23000000.0,
        "Total Unusual Items": 4000000.0,
        "Total Unusual Items Excluding Goodwill": 4000000.0,
        "Net Income From Continuing Operation Net Minority Interest": -42000000.0,
        "Reconciled Depreciation": 13000000.0,
        "Reconciled Cost Of Revenue": 47000000.0,
        "EBITDA": -19000000.0,
        "EBIT": -32000000.0,
        "Net Interest Income": -2000000.0,
        "Interest Expense": 2000000.0,
        "Normalized Income": -45400000.0,
        "Net Income From Continuing And Discontinued Operation": -42000000.0,
        "Total Expenses": 180000000.0,
        "Total Operating Income As Reported": -39000000.0,
        "Diluted Average Shares": 589821000.0,
        "Basic Average Shares": 589821000.0,
        "Diluted EPS": -0.07,
        "Basic EPS": -0.07,
        "Diluted NI Availto Com Stockholders": -42000000.0,
        "Average Dilution Earnings": NaN,
        "Net Income Common Stockholders": -42000000.0,
        "Net Income": -42000000.0,
        "Net Income Including Noncontrolling Interests": -42000000.0,
        "Net Income Discontinuous Operations": NaN,
        "Net Income Continuous Operations": -42000000.0,
        "Tax Provision": 8000000.0,
        "Pretax Income": -34000000.0,
        "Other Income Expense": 4000000.0,
        "Other Non Operating Income Expenses": NaN,
        "Special Income Charges": -3000000.0,
        "Gain On Sale Of Ppe": NaN,
        "Impairment Of Capital Assets": 3000000.0,
        "Gain On Sale Of Security": 7000000.0,
        "Net Non Operating Interest Income Expense": -2000000.0,
        "Interest Expense Non Operating": 2000000.0,
        "Operating Income": -36000000.0,
        "Operating Expense": 132000000.0,
        "Depreciation Amortization Depletion Income Statement": 12000000.0,
        "Depreciation And Amortization In Income Statement": 12000000.0,
        "Amortization": 10000000.0,
        "Amortization Of Intangibles Income Statement": 10000000.0,
        "Depreciation Income Statement": 2000000.0,
        "Research And Development": 42000000.0,
        "Selling General And Administration": 78000000.0,
        "Selling And Marketing Expense": 38000000.0,
        "General And Administrative Expense": 40000000.0,
        "Other Gand A": 40000000.0,
        "Gross Profit": 96000000.0,
        "Cost Of Revenue": 48000000.0,
        "Total Revenue": 144000000.0,
        "Operating Revenue": 144000000.0
    },
    "2024-08-31": {
        "Tax Effect Of Unusual Items": 450000.0,
        "Tax Rate For Calcs": 0.15,
        "Normalized EBITDA": -11000000.0,
        "Total Unusual Items": 3000000.0,
        "Total Unusual Items Excluding Goodwill": 3000000.0,
        "Net Income From Continuing Operation Net Minority Interest": -19000000.0,
        "Reconciled Depreciation": 13000000.0,
        "Reconciled Cost Of Revenue": 49000000.0,
        "EBITDA": -8000000.0,
        "EBIT": -21000000.0,
        "Net Interest Income": NaN,
        "Interest Expense": NaN,
        "Normalized Income": -21550000.0,
        "Net Income From Continuing And Discontinued Operation": -19000000.0,
        "Total Expenses": 166000000.0,
        "Total Operating Income As Reported": -21000000.0,
        "Diluted Average Shares": 590549000.0,
        "Basic Average Shares": 590549000.0,
        "Diluted EPS": -0.03,
        "Basic EPS": -0.03,
        "Diluted NI Availto Com Stockholders": -19000000.0,
        "Average Dilution Earnings": NaN,
        "Net Income Common Stockholders": -19000000.0,
        "Net Income": -19000000.0,
        "Net Income Including Noncontrolling Interests": -19000000.0,
        "Net Income Discontinuous Operations": NaN,
        "Net Income Continuous Operations": -19000000.0,
        "Tax Provision": 1000000.0,
        "Pretax Income": -18000000.0,
        "Other Income Expense": 3000000.0,
        "Other Non Operating Income Expenses": NaN,
        "Special Income Charges": 0.0,
        "Gain On Sale Of Ppe": NaN,
        "Impairment Of Capital Assets": 0.0,
        "Gain On Sale Of Security": 3000000.0,
        "Net Non Operating Interest Income Expense": NaN,
        "Interest Expense Non Operating": NaN,
        "Operating Income": -21000000.0,
        "Operating Expense": 115000000.0,
        "Depreciation Amortization Depletion Income Statement": 11000000.0,
        "Depreciation And Amortization In Income Statement": 11000000.0,
        "Amortization": 11000000.0,
        "Amortization Of Intangibles Income Statement": 11000000.0,
        "Depreciation Income Statement": NaN,
        "Research And Development": 37000000.0,
        "Selling General And Administration": 67000000.0,
        "Selling And Marketing Expense": 34000000.0,
        "General And Administrative Expense": 33000000.0,
        "Other Gand A": 33000000.0,
        "Gross Profit": 94000000.0,
        "Cost Of Revenue": 51000000.0,
        "Total Revenue": 145000000.0,
        "Operating Revenue": 145000000.0
    },
    "2024-11-30": {
        "Tax Effect Of Unusual Items": -368421.052632,
        "Tax Rate For Calcs": 0.368421,
        "Normalized EBITDA": 34000000.0,
        "Total Unusual Items": -1000000.0,
        "Total Unusual Items Excluding Goodwill": -1000000.0,
        "Net Income From Continuing Operation Net Minority Interest": 12000000.0,
        "Reconciled Depreciation": 13000000.0,
        "Reconciled Cost Of Revenue": 22000000.0,
        "EBITDA": 33000000.0,
        "EBIT": 20000000.0,
        "Net Interest Income": NaN,
        "Interest Expense": NaN,
        "Normalized Income": 12631578.947368,
        "Net Income From Continuing And Discontinued Operation": -11000000.0,
        "Total Expenses": 123000000.0,
        "Total Operating Income As Reported": 19000000.0,
        "Diluted Average Shares": 593530000.0,
        "Basic Average Shares": 591240000.0,
        "Diluted EPS": -0.02,
        "Basic EPS": -0.02,
        "Diluted NI Availto Com Stockholders": -11000000.0,
        "Average Dilution Earnings": NaN,
        "Net Income Common Stockholders": -11000000.0,
        "Net Income": -11000000.0,
        "Net Income Including Noncontrolling Interests": -11000000.0,
        "Net Income Discontinuous Operations": -23000000.0,
        "Net Income Continuous Operations": 12000000.0,
        "Tax Provision": 7000000.0,
        "Pretax Income": 19000000.0,
        "Other Income Expense": -1000000.0,
        "Other Non Operating Income Expenses": NaN,
        "Special Income Charges": -1000000.0,
        "Gain On Sale Of Ppe": NaN,
        "Impairment Of Capital Assets": 1000000.0,
        "Gain On Sale Of Security": NaN,
        "Net Non Operating Interest Income Expense": NaN,
        "Interest Expense Non Operating": NaN,
        "Operating Income": 20000000.0,
        "Operating Expense": 92000000.0,
        "Depreciation Amortization Depletion Income Statement": 4000000.0,
        "Depreciation And Amortization In Income Statement": 4000000.0,
        "Amortization": 4000000.0,
        "Amortization Of Intangibles Income Statement": 4000000.0,
        "Depreciation Income Statement": NaN,
        "Research And Development": 27000000.0,
        "Selling General And Administration": 61000000.0,
        "Selling And Marketing Expense": 23000000.0,
        "General And Administrative Expense": 38000000.0,
        "Other Gand A": 38000000.0,
        "Gross Profit": 112000000.0,
        "Cost Of Revenue": 31000000.0,
        "Total Revenue": 143000000.0,
        "Operating Revenue": 143000000.0
    }
}