{
    "2023-03-31": {
        "Tax Effect Of Unusual Items": 5753479.781337,
        "Tax Rate For Calcs": 0.127761,
        "Total Unusual Items": 45033000.0,
        "Total Unusual Items Excluding Goodwill": 45033000.0,
        "Net Income From Continuing Operation Net Minority Interest": 5399792000.0,
        "Reconciled Depreciation": 1685524000.0,
        "Net Interest Income": 18370668000.0,
        "Interest Expense": 39450559000.0,
        "Interest Income": 57821227000.0,
        "Normalized Income": 5360512479.781337,
        "Net Income From Continuing And Discontinued Operation": 5399792000.0,
        "Rent Expense Supplemental": 19704000.0,
        "Diluted Average Shares": 10658488000.0,
        "Basic Average Shares": 10658488000.0,
        "Diluted EPS": 0.48,
        "Basic EPS": 0.48,
        "Diluted NI Availto Com Stockholders": 5399792000.0,
        "Net Income Common Stockholders": 5399792000.0,
        "Net Income": 5399792000.0,
        "Minority Interests": -74018000.0,
        "Net Income Including Noncontrolling Interests": 5473810000.0,
        "Net Income Continuous Operations": 5473810000.0,
        "Tax Provision": 801778000.0,
        "Pretax Income": 6275588000.0,
        "Other Non Operating Income Expenses": 795391000.0,
        "Special Income Charges": 45033000.0,
        "Other Special Charges": -45033000.0,
        "Gain On Sale Of Security": -15928000.0,
        "Depreciation Amortization Depletion Income Statement": 1569404000.0,
        "Depreciation And Amortization In Income Statement": 1569404000.0,
        "Amortization": 896315000.0,
        "Amortization Of Intangibles Income Statement": 896315000.0,
        "Depreciation Income Statement": 673089000.0,
        "Selling General And Administration": 9759338000.0,
        "Selling And Marketing Expense": 1091777000.0,
        "General And Administrative Expense": 8667561000.0,
        "Other Gand A": 3506113000.0,
        "Rent And Landing Fees": 19704000.0,
        "Salaries And Wages": 5141744000.0,
        "Total Revenue": 25827301000.0,
        "Operating Revenue": 25827301000.0
    },
    "2022-12-31": {
        "Tax Effect Of Unusual Items": 8357600.0,
        "Tax Rate For Calcs": 0.4,
        "Total Unusual Items": 20894000.0,
        "Total Unusual Items Excluding Goodwill": 20894000.0,
        "Net Income From Continuing Operation Net Minority Interest": 785849000.0,
        "Reconciled Depreciation": 1445805000.0,
        "Net Interest Income": 17753899000.0,
        "Interest Expense": 35372979000.0,
        "Interest Income": 53126878000.0,
        "Normalized Income": 773312600.0,
        "Net Income From Continuing And Discontinued Operation": 785849000.0,
        "Rent Expense Supplemental": 39143000.0,
        "Diluted Average Shares": 10667696000.0,
        "Basic Average Shares": 10667696000.0,
        "Diluted EPS": 0.07,
        "Basic EPS": 0.07,
        "Diluted NI Availto Com Stockholders": 785849000.0,
        "Net Income Common Stockholders": 785849000.0,
        "Net Income": 785849000.0,
        "Minority Interests": -43564000.0,
        "Net Income Including Noncontrolling Interests": 829413000.0,
        "Net Income Continuous Operations": 829413000.0,
        "Tax Provision": -3372344000.0,
        "Pretax Income": -2542931000.0,
        "Other Non Operating Income Expenses": -1995734000.0,
        "Special Income Charges": 20894000.0,
        "Other Special Charges": -20894000.0,
        "Gain On Sale Of Security": 1102636000.0,
        "Depreciation Amortization Depletion Income Statement": 1445805000.0,
        "Depreciation And Amortization In Income Statement": 1445805000.0,
        "Amortization": 794180000.0,
        "Amortization Of Intangibles Income Statement": 794180000.0,
        "Depreciation Income Statement": 651625000.0,
        "Selling General And Administration": 11242052000.0,
        "Selling And Marketing Expense": 1536013000.0,
        "General And Administrative Expense": 9706039000.0,
        "Other Gand A": 4174604000.0,
        "Rent And Landing Fees": 39143000.0,
        "Salaries And Wages": 5492292000.0,
        "Total Revenue": 27361974000.0,
        "Operating Revenue": 27361974000.0
    },
    "2022-09-30": {
        "Tax Effect Of Unusual Items": 17160846.01271,
        "Tax Rate For Calcs": 0.144269,
        "Total Unusual Items": 118950000.0,
        "Total Unusual Items Excluding Goodwill": 118950000.0,
        "Net Income From Continuing Operation Net Minority Interest": 5837298000.0,
        "Reconciled Depreciation": 1427460000.0,
        "Net Interest Income": 17308216000.0,
        "Interest Expense": 36036918000.0,
        "Interest Income": 53345134000.0,
        "Normalized Income": 5735508846.01271,
        "Net Income From Continuing And Discontinued Operation": 5837298000.0,
        "Rent Expense Supplemental": 32596000.0,
        "Diluted Average Shares": 11225573077.0,
        "Basic Average Shares": 11225573077.0,
        "Diluted EPS": 0.52,
        "Basic EPS": 0.52,
        "Diluted NI Availto Com Stockholders": 5837298000.0,
        "Net Income Common Stockholders": 5837298000.0,
        "Net Income": 5837298000.0,
        "Minority Interests": -72404000.0,
        "Net Income Including Noncontrolling Interests": 5909702000.0,
        "Net Income Continuous Operations": 5909702000.0,
        "Tax Provision": 996329000.0,
        "Pretax Income": 6906031000.0,
        "Other Non Operating Income Expenses": -1623829000.0,
        "Special Income Charges": 118950000.0,
        "Other Special Charges": -118950000.0,
        "Gain On Sale Of Security": -88160000.0,
        "Depreciation Amortization Depletion Income Statement": 1427460000.0,
        "Depreciation And Amortization In Income Statement": 1427460000.0,
        "Amortization": 803832000.0,
        "Amortization Of Intangibles Income Statement": 803832000.0,
        "Depreciation Income Statement": 623628000.0,
        "Selling General And Administration": 11205983000.0,
        "Selling And Marketing Expense": 1349942000.0,
        "General And Administrative Expense": 9856041000.0,
        "Other Gand A": 4059998000.0,
        "Rent And Landing Fees": 32596000.0,
        "Salaries And Wages": 5763447000.0,
        "Total Revenue": 25603300000.0,
        "Operating Revenue": 25603300000.0
    },
    "2022-06-30": {
        "Tax Effect Of Unusual Items": 24170404.200919,
        "Tax Rate For Calcs": 0.238254,
        "Total Unusual Items": 101448000.0,
        "Total Unusual Items Excluding Goodwill": 101448000.0,
        "Net Income From Continuing Operation Net Minority Interest": 7138335000.0,
        "Reconciled Depreciation": 1415954000.0,
        "Net Interest Income": 19162753000.0,
        "Interest Expense": 30687911000.0,
        "Interest Income": 49850664000.0,
        "Normalized Income": 7061057404.200919,
        "Net Income From Continuing And Discontinued Operation": 7138335000.0,
        "Rent Expense Supplemental": 24317000.0,
        "Diluted Average Shares": 11170415385.0,
        "Basic Average Shares": 11170415385.0,
        "Diluted EPS": 0.65,
        "Basic EPS": 0.65,
        "Diluted NI Availto Com Stockholders": 7138335000.0,
        "Net Income Common Stockholders": 7138335000.0,
        "Net Income": 7138335000.0,
        "Minority Interests": -70991000.0,
        "Net Income Including Noncontrolling Interests": 7209326000.0,
        "Net Income Continuous Operations": 7209326000.0,
        "Tax Provision": 2254888000.0,
        "Pretax Income": 9464214000.0,
        "Other Non Operating Income Expenses": -921717000.0,
        "Special Income Charges": 101448000.0,
        "Other Special Charges": -101448000.0,
        "Gain On Sale Of Security": 24672000.0,
        "Depreciation Amortization Depletion Income Statement": 1415954000.0,
        "Depreciation And Amortization In Income Statement": 1415954000.0,
        "Amortization": 775942000.0,
        "Amortization Of Intangibles Income Statement": 775942000.0,
        "Depreciation Income Statement": 640012000.0,
        "Selling General And Administration": 10492736000.0,
        "Selling And Marketing Expense": 1371482000.0,
        "General And Administrative Expense": 9121254000.0,
        "Other Gand A": 3776831000.0,
        "Rent And Landing Fees": 24317000.0,
        "Salaries And Wages": 5320106000.0,
        "Total Revenue": 27385113000.0,
        "Operating Revenue": 27385113000.0
    },
    "2022-03-31": {
        "Diluted EPS": 0.13,
        "Total Revenue": NaN,
        "Gross Profit": NaN,
        "Operating Income": NaN,
        "EBIT": NaN,
        "Net Income": NaN
    },
    "2021-09-30": {
        "Diluted EPS": 0.11,
        "Total Revenue": NaN,
        "Gross Profit": NaN,
        "Operating Income": NaN,
        "EBIT": NaN,
        "Net Income": NaN
    },
    "2021-03-31": {
        "Diluted EPS": 0.1,
        "Total Revenue": NaN,
        "Gross Profit": NaN,
        "Operating Income": NaN,
        "EBIT": NaN,
        "Net Income": NaN
    },
    "2020-09-30": {
        "Diluted EPS": 0.07,
        "Total Revenue": NaN,
        "Gross Profit": NaN,
        "Operating Income": 967,
        "EBIT": NaN,
        "Net Income": 781
    },
    "2020-03-31": {
        "Diluted EPS": 0.08,
        "Total Revenue": NaN,
        "Gross Profit": NaN,
        "Operating Income": NaN,
        "EBIT": NaN,
        "Net Income": 764
    },
    "2019-03-31": {
        "Diluted EPS": 0.14,
        "Total Revenue": NaN,
        "Gross Profit": NaN,
        "Operating Income": NaN,
        "EBIT": NaN,
        "Net Income": NaN
    },
    "2018-09-30": {
        "Diluted EPS": 0.0,
        "Total Revenue": NaN,
        "Gross Profit": NaN,
        "Operating Income": NaN,
        "Net Income": NaN
    },
    "2018-03-31": {
        "Diluted EPS": 0.13,
        "Total Revenue": NaN,
        "Gross Profit": NaN,
        "Operating Income": NaN,
        "EBIT": NaN,
        "Net Income": NaN
    },
    "2017-03-31": {
        "Diluted EPS": 0.13,
        "Total Revenue": NaN,
        "Gross Profit": NaN,
        "Operating Income": NaN,
        "EBIT": NaN,
        "Net Income": NaN
    },
    "2016-03-31": {
        "Diluted EPS": 0.11,
        "Total Revenue": NaN,
        "Gross Profit": NaN,
        "Operating Income": NaN,
        "EBIT": NaN,
        "Net Income": NaN
    },
    "2015-06-30": {
        "Diluted EPS": 0.14,
        "Total Revenue": NaN,
        "Gross Profit": NaN,
        "Operating Income": NaN,
        "EBIT": NaN,
        "Net Income": NaN
    },
    "2015-03-31": {
        "Diluted EPS": 0.14,
        "Total Revenue": NaN,
        "Gross Profit": NaN,
        "Operating Income": 496,
        "EBIT": NaN,
        "Net Income": NaN
    },
    "2014-12-31": {
        "Diluted EPS": 0.27,
        "Total Revenue": NaN,
        "Gross Profit": NaN,
        "Operating Income": NaN,
        "EBIT": NaN,
        "Net Income": NaN
    },
    "2014-09-30": {
        "Diluted EPS": 0.17,
        "Total Revenue": NaN,
        "Gross Profit": NaN,
        "Operating Income": NaN,
        "EBIT": NaN,
        "Net Income": NaN
    },
    "2014-06-30": {
        "Diluted EPS": 0.16,
        "Total Revenue": NaN,
        "Gross Profit": NaN,
        "Operating Income": NaN,
        "EBIT": NaN,
        "Net Income": NaN
    },
    "2014-03-31": {
        "Diluted EPS": 0.14,
        "Total Revenue": NaN,
        "Gross Profit": NaN,
        "Operating Income": NaN,
        "EBIT": NaN,
        "Net Income": NaN
    },
    "2013-12-31": {
        "Diluted EPS": 0.13,
        "Total Revenue": NaN,
        "Gross Profit": NaN,
        "Operating Income": 755,
        "EBIT": NaN,
        "Net Income": NaN
    },
    "2013-09-30": {
        "Diluted EPS": 0.13,
        "Total Revenue": NaN,
        "Gross Profit": NaN,
        "Operating Income": NaN,
        "EBIT": NaN,
        "Net Income": NaN
    },
    "2013-06-30": {
        "Diluted EPS": 0.14,
        "Total Revenue": NaN,
        "Gross Profit": NaN,
        "Operating Income": NaN,
        "EBIT": NaN,
        "Net Income": NaN
    },
    "2013-03-31": {
        "Diluted EPS": 0.14,
        "Total Revenue": NaN,
        "Gross Profit": NaN,
        "Operating Income": NaN,
        "EBIT": NaN,
        "Net Income": NaN
    },
    "2012-12-31": {
        "Diluted EPS": 0.13,
        "Total Revenue": NaN,
        "Gross Profit": NaN,
        "Operating Income": NaN,
        "EBIT": NaN,
        "Net Income": NaN
    },
    "2012-09-30": {
        "Diluted EPS": 0.13,
        "Total Revenue": NaN,
        "Gross Profit": -207,
        "Operating Income": NaN,
        "EBIT": NaN,
        "Net Income": NaN
    },
    "2012-06-30": {
        "Diluted EPS": 0.13,
        "Total Revenue": NaN,
        "Gross Profit": NaN,
        "Operating Income": NaN,
        "EBIT": NaN,
        "Net Income": NaN
    },
    "2012-03-31": {
        "Diluted EPS": 0.14,
        "Total Revenue": NaN,
        "Gross Profit": -546,
        "Operating Income": NaN,
        "EBIT": NaN,
        "Net Income": NaN
    },
    "2011-12-31": {
        "Diluted EPS": 0.14,
        "Total Revenue": NaN,
        "Gross Profit": -515,
        "Operating Income": NaN,
        "EBIT": NaN,
        "Net Income": NaN
    },
    "2011-09-30": {
        "Diluted EPS": 0.15,
        "Total Revenue": NaN,
        "Gross Profit": NaN,
        "Operating Income": NaN,
        "EBIT": NaN,
        "Net Income": NaN
    },
    "2011-06-30": {
        "Diluted EPS": 0.17,
        "Total Revenue": NaN,
        "Gross Profit": 208,
        "Operating Income": NaN,
        "EBIT": NaN,
        "Net Income": NaN
    },
    "2011-03-31": {
        "Diluted EPS": 0.16,
        "Total Revenue": NaN,
        "Gross Profit": NaN,
        "Operating Income": NaN,
        "EBIT": NaN,
        "Net Income": NaN
    },
    "2010-12-31": {
        "Diluted EPS": 0.15,
        "Total Revenue": NaN,
        "Gross Profit": NaN,
        "Operating Income": NaN,
        "EBIT": NaN,
        "Net Income": NaN
    },
    "2010-09-30": {
        "Diluted EPS": 0.14,
        "Total Revenue": NaN,
        "Gross Profit": NaN,
        "Operating Income": NaN,
        "EBIT": NaN,
        "Net Income": NaN
    },
    "2010-06-30": {
        "Diluted EPS": 0.13,
        "Total Revenue": NaN,
        "Gross Profit": NaN,
        "Operating Income": NaN,
        "EBIT": NaN,
        "Net Income": NaN
    },
    "2010-03-31": {
        "Diluted EPS": 0.11,
        "Total Revenue": NaN,
        "Gross Profit": -86,
        "Operating Income": NaN,
        "EBIT": NaN,
        "Net Income": NaN
    },
    "2009-12-31": {
        "Diluted EPS": 0.11,
        "Total Revenue": NaN,
        "Gross Profit": NaN,
        "Operating Income": NaN,
        "EBIT": NaN,
        "Net Income": NaN
    },
    "2009-09-30": {
        "Diluted EPS": 0.1,
        "Total Revenue": NaN,
        "Gross Profit": 530,
        "Operating Income": NaN,
        "EBIT": NaN,
        "Net Income": NaN
    },
    "2009-06-30": {
        "Diluted EPS": 0.12,
        "Total Revenue": NaN,
        "Gross Profit": NaN,
        "Operating Income": NaN,
        "EBIT": NaN,
        "Net Income": NaN
    },
    "2009-03-31": {
        "Diluted EPS": 0.07,
        "Total Revenue": NaN,
        "Gross Profit": NaN,
        "Operating Income": NaN,
        "EBIT": NaN,
        "Net Income": 748
    },
    "2023-06-30": {
        "Tax Effect Of Unusual Items": 12928400.0,
        "Tax Rate For Calcs": 0.4,
        "Total Unusual Items": 32321000.0,
        "Total Unusual Items Excluding Goodwill": 32321000.0,
        "Net Income From Continuing Operation Net Minority Interest": 4016423000.0,
        "Reconciled Depreciation": 1623650000.0,
        "Net Interest Income": 13031699000.0,
        "Interest Expense": 39715011000.0,
        "Interest Income": 52746710000.0,
        "Normalized Income": 3997030400.0,
        "Net Income From Continuing And Discontinued Operation": 4016423000.0,
        "Rent Expense Supplemental": 2214000.0,
        "Diluted Average Shares": 11156730556.0,
        "Basic Average Shares": 11156730556.0,
        "Diluted EPS": 0.36,
        "Basic EPS": 0.36,
        "Diluted NI Availto Com Stockholders": 4016423000.0,
        "Net Income Common Stockholders": 4016423000.0,
        "Net Income": 4016423000.0,
        "Minority Interests": -54842000.0,
        "Net Income Including Noncontrolling Interests": 4071265000.0,
        "Net Income Continuous Operations": 4071265000.0,
        "Tax Provision": -1020324000.0,
        "Pretax Income": 3050941000.0,
        "Other Non Operating Income Expenses": 338677000.0,
        "Special Income Charges": 32321000.0,
        "Other Special Charges": -32321000.0,
        "Gain On Sale Of Security": 3967112000.0,
        "Depreciation Amortization Depletion Income Statement": 1503922000.0,
        "Depreciation And Amortization In Income Statement": 1503922000.0,
        "Amortization": 863429000.0,
        "Amortization Of Intangibles Income Statement": 863429000.0,
        "Depreciation Income Statement": 640493000.0,
        "Selling General And Administration": 10011202000.0,
        "Selling And Marketing Expense": 1062679000.0,
        "General And Administrative Expense": 8948523000.0,
        "Other Gand A": 3855927000.0,
        "Rent And Landing Fees": 2214000.0,
        "Salaries And Wages": 5090382000.0,
        "Total Revenue": 24516954000.0,
        "Operating Revenue": 24516954000.0
    }
}