{
    "2023-03-31": {
        "Tax Effect Of Unusual Items": NaN,
        "Tax Rate For Calcs": NaN,
        "Normalized EBITDA": NaN,
        "Total Unusual Items": NaN,
        "Total Unusual Items Excluding Goodwill": NaN,
        "Net Income From Continuing Operation Net Minority Interest": NaN,
        "Reconciled Depreciation": NaN,
        "Reconciled Cost Of Revenue": NaN,
        "EBITDA": NaN,
        "EBIT": NaN,
        "Net Interest Income": NaN,
        "Interest Expense": NaN,
        "Interest Income": NaN,
        "Normalized Income": NaN,
        "Net Income From Continuing And Discontinued Operation": NaN,
        "Total Expenses": NaN,
        "Total Operating Income As Reported": NaN,
        "Diluted Average Shares": NaN,
        "Basic Average Shares": NaN,
        "Diluted EPS": NaN,
        "Basic EPS": NaN,
        "Diluted NI Availto Com Stockholders": NaN,
        "Net Income Common Stockholders": NaN,
        "Net Income": NaN,
        "Minority Interests": NaN,
        "Net Income Including Noncontrolling Interests": NaN,
        "Net Income Continuous Operations": NaN,
        "Pretax Income": NaN,
        "Other Income Expense": NaN,
        "Other Non Operating Income Expenses": -601000.0,
        "Special Income Charges": NaN,
        "Gain On Sale Of Ppe": -601000.0,
        "Gain On Sale Of Business": NaN,
        "Other Special Charges": NaN,
        "Write Off": 3226000.0,
        "Impairment Of Capital Assets": NaN,
        "Restructuring And Mergern Acquisition": NaN,
        "Earnings From Equity Interest": NaN,
        "Gain On Sale Of Security": NaN,
        "Net Non Operating Interest Income Expense": NaN,
        "Interest Expense Non Operating": NaN,
        "Interest Income Non Operating": NaN,
        "Operating Income": NaN,
        "Operating Expense": NaN,
        "Research And Development": NaN,
        "Selling General And Administration": NaN,
        "Gross Profit": NaN,
        "Cost Of Revenue": NaN,
        "Total Revenue": NaN,
        "Operating Revenue": NaN
    },
    "2022-12-31": {
        "Tax Effect Of Unusual Items": NaN,
        "Tax Rate For Calcs": NaN,
        "Normalized EBITDA": NaN,
        "Total Unusual Items": NaN,
        "Total Unusual Items Excluding Goodwill": NaN,
        "Net Income From Continuing Operation Net Minority Interest": NaN,
        "Reconciled Depreciation": NaN,
        "Reconciled Cost Of Revenue": NaN,
        "EBITDA": NaN,
        "EBIT": NaN,
        "Net Interest Income": NaN,
        "Interest Expense": NaN,
        "Interest Income": NaN,
        "Normalized Income": NaN,
        "Net Income From Continuing And Discontinued Operation": NaN,
        "Total Expenses": NaN,
        "Total Operating Income As Reported": NaN,
        "Diluted Average Shares": NaN,
        "Basic Average Shares": NaN,
        "Diluted EPS": NaN,
        "Basic EPS": NaN,
        "Diluted NI Availto Com Stockholders": NaN,
        "Net Income Common Stockholders": NaN,
        "Net Income": NaN,
        "Minority Interests": NaN,
        "Net Income Including Noncontrolling Interests": NaN,
        "Net Income Continuous Operations": NaN,
        "Pretax Income": NaN,
        "Other Income Expense": NaN,
        "Other Non Operating Income Expenses": NaN,
        "Special Income Charges": NaN,
        "Gain On Sale Of Ppe": 4560000.0,
        "Gain On Sale Of Business": NaN,
        "Other Special Charges": NaN,
        "Write Off": NaN,
        "Impairment Of Capital Assets": NaN,
        "Restructuring And Mergern Acquisition": NaN,
        "Earnings From Equity Interest": NaN,
        "Gain On Sale Of Security": NaN,
        "Net Non Operating Interest Income Expense": NaN,
        "Interest Expense Non Operating": NaN,
        "Interest Income Non Operating": NaN,
        "Operating Income": NaN,
        "Operating Expense": NaN,
        "Research And Development": NaN,
        "Selling General And Administration": NaN,
        "Gross Profit": NaN,
        "Cost Of Revenue": NaN,
        "Total Revenue": NaN,
        "Operating Revenue": NaN
    },
    "2022-09-30": {
        "Tax Effect Of Unusual Items": NaN,
        "Tax Rate For Calcs": NaN,
        "Normalized EBITDA": NaN,
        "Total Unusual Items": NaN,
        "Total Unusual Items Excluding Goodwill": NaN,
        "Net Income From Continuing Operation Net Minority Interest": NaN,
        "Reconciled Depreciation": NaN,
        "Reconciled Cost Of Revenue": NaN,
        "EBITDA": NaN,
        "EBIT": NaN,
        "Net Interest Income": NaN,
        "Interest Expense": NaN,
        "Interest Income": NaN,
        "Normalized Income": NaN,
        "Net Income From Continuing And Discontinued Operation": NaN,
        "Total Expenses": NaN,
        "Total Operating Income As Reported": NaN,
        "Diluted Average Shares": NaN,
        "Basic Average Shares": NaN,
        "Diluted EPS": NaN,
        "Basic EPS": NaN,
        "Diluted NI Availto Com Stockholders": NaN,
        "Net Income Common Stockholders": NaN,
        "Net Income": NaN,
        "Minority Interests": NaN,
        "Net Income Including Noncontrolling Interests": NaN,
        "Net Income Continuous Operations": NaN,
        "Pretax Income": NaN,
        "Other Income Expense": NaN,
        "Other Non Operating Income Expenses": NaN,
        "Special Income Charges": NaN,
        "Gain On Sale Of Ppe": 6331000.0,
        "Other Special Charges": NaN,
        "Write Off": NaN,
        "Impairment Of Capital Assets": NaN,
        "Restructuring And Mergern Acquisition": NaN,
        "Gain On Sale Of Security": NaN,
        "Net Non Operating Interest Income Expense": NaN,
        "Interest Expense Non Operating": NaN,
        "Interest Income Non Operating": NaN,
        "Operating Income": NaN,
        "Operating Expense": NaN,
        "Research And Development": NaN,
        "Selling General And Administration": NaN,
        "Gross Profit": NaN,
        "Cost Of Revenue": NaN,
        "Total Revenue": NaN,
        "Operating Revenue": NaN
    },
    "2022-06-30": {
        "Tax Effect Of Unusual Items": 0.0,
        "Tax Rate For Calcs": 0.0,
        "Normalized EBITDA": 27698000.0,
        "Total Unusual Items": -8396000.0,
        "Total Unusual Items Excluding Goodwill": -8396000.0,
        "Net Income From Continuing Operation Net Minority Interest": -9856000.0,
        "Reconciled Depreciation": 1582000.0,
        "Reconciled Cost Of Revenue": 700000.0,
        "EBITDA": 19302000.0,
        "EBIT": 17720000.0,
        "Net Interest Income": -19513000.0,
        "Interest Expense": 20279000.0,
        "Interest Income": 766000.0,
        "Normalized Income": -1460000.0,
        "Net Income From Continuing And Discontinued Operation": -9856000.0,
        "Total Expenses": 145526000.0,
        "Total Operating Income As Reported": -80176000.0,
        "Diluted Average Shares": 146684804.0,
        "Basic Average Shares": 146684804.0,
        "Diluted EPS": -0.07,
        "Basic EPS": -0.07,
        "Diluted NI Availto Com Stockholders": -9856000.0,
        "Net Income Common Stockholders": -9856000.0,
        "Net Income": -9856000.0,
        "Minority Interests": -7297000.0,
        "Net Income Including Noncontrolling Interests": -2559000.0,
        "Net Income Continuous Operations": -2559000.0,
        "Pretax Income": -2559000.0,
        "Other Income Expense": 88734000.0,
        "Other Non Operating Income Expenses": 97130000.0,
        "Special Income Charges": -8396000.0,
        "Gain On Sale Of Ppe": 107946000.0,
        "Impairment Of Capital Assets": 0.0,
        "Restructuring And Mergern Acquisition": 8396000.0,
        "Gain On Sale Of Security": NaN,
        "Net Non Operating Interest Income Expense": -19513000.0,
        "Interest Expense Non Operating": 20279000.0,
        "Interest Income Non Operating": 766000.0,
        "Operating Income": -71780000.0,
        "Operating Expense": 144826000.0,
        "Research And Development": 108400000.0,
        "Selling General And Administration": 36426000.0,
        "Gross Profit": 73046000.0,
        "Cost Of Revenue": 700000.0,
        "Total Revenue": 73746000.0,
        "Operating Revenue": 73746000.0
    },
    "2023-06-30": {
        "Tax Effect Of Unusual Items": NaN,
        "Tax Rate For Calcs": NaN,
        "Normalized EBITDA": NaN,
        "Total Unusual Items": NaN,
        "Total Unusual Items Excluding Goodwill": NaN,
        "Net Income From Continuing Operation Net Minority Interest": NaN,
        "Reconciled Depreciation": NaN,
        "Reconciled Cost Of Revenue": NaN,
        "EBITDA": NaN,
        "EBIT": NaN,
        "Net Interest Income": NaN,
        "Interest Expense": NaN,
        "Interest Income": NaN,
        "Normalized Income": NaN,
        "Net Income From Continuing And Discontinued Operation": NaN,
        "Total Expenses": NaN,
        "Total Operating Income As Reported": NaN,
        "Diluted Average Shares": NaN,
        "Basic Average Shares": NaN,
        "Diluted EPS": NaN,
        "Basic EPS": NaN,
        "Diluted NI Availto Com Stockholders": NaN,
        "Net Income Common Stockholders": NaN,
        "Net Income": NaN,
        "Minority Interests": NaN,
        "Net Income Including Noncontrolling Interests": NaN,
        "Net Income Continuous Operations": NaN,
        "Pretax Income": NaN,
        "Other Income Expense": NaN,
        "Other Non Operating Income Expenses": 76000.0,
        "Special Income Charges": NaN,
        "Gain On Sale Of Ppe": 0.0,
        "Gain On Sale Of Business": 0.0,
        "Other Special Charges": NaN,
        "Write Off": 2959000.0,
        "Impairment Of Capital Assets": NaN,
        "Restructuring And Mergern Acquisition": NaN,
        "Earnings From Equity Interest": 0.0,
        "Gain On Sale Of Security": 1400000.0,
        "Net Non Operating Interest Income Expense": NaN,
        "Interest Expense Non Operating": NaN,
        "Interest Income Non Operating": NaN,
        "Operating Income": NaN,
        "Operating Expense": NaN,
        "Research And Development": NaN,
        "Selling General And Administration": NaN,
        "Gross Profit": NaN,
        "Cost Of Revenue": NaN,
        "Total Revenue": NaN,
        "Operating Revenue": NaN
    },
    "2022-03-31": {
        "Diluted EPS": -1.35,
        "Total Revenue": 2,
        "Gross Profit": 0,
        "Operating Income": -174,
        "EBIT": -172,
        "Net Income": -196
    },
    "2021-12-31": {
        "Diluted EPS": -1.0,
        "Total Revenue": 13,
        "Gross Profit": 11,
        "Operating Income": -166,
        "EBIT": -164,
        "Net Income": -147
    },
    "2021-09-30": {
        "Diluted EPS": -1.06,
        "Total Revenue": 2,
        "Gross Profit": 1,
        "Operating Income": -149,
        "EBIT": -149,
        "Net Income": -156
    },
    "2021-06-30": {
        "Diluted EPS": -0.66,
        "Total Revenue": 54,
        "Gross Profit": 54,
        "Operating Income": -94,
        "EBIT": -91,
        "Net Income": -96
    },
    "2021-03-31": {
        "Diluted EPS": -1.18,
        "Total Revenue": 0,
        "Gross Profit": 0,
        "Operating Income": -168,
        "EBIT": -167,
        "Net Income": -163
    },
    "2020-12-31": {
        "Diluted EPS": -1.01,
        "Total Revenue": 0,
        "Gross Profit": 0,
        "Operating Income": -127,
        "EBIT": -127,
        "Net Income": -120
    },
    "2020-09-30": {
        "Diluted EPS": -0.98,
        "Total Revenue": 8,
        "Gross Profit": 8,
        "Operating Income": -120,
        "EBIT": -121,
        "Net Income": -116
    },
    "2020-06-30": {
        "Diluted EPS": -1.03,
        "Total Revenue": NaN,
        "Gross Profit": NaN,
        "Operating Income": -125,
        "EBIT": -123,
        "Net Income": -121
    },
    "2020-03-31": {
        "Diluted EPS": -0.78,
        "Total Revenue": NaN,
        "Gross Profit": NaN,
        "Operating Income": -102,
        "EBIT": -102,
        "Net Income": -92
    },
    "2019-12-31": {
        "Diluted EPS": -0.6,
        "Total Revenue": 14,
        "Gross Profit": 14,
        "Operating Income": -79,
        "EBIT": -79,
        "Net Income": -73
    },
    "2019-09-30": {
        "Diluted EPS": -0.51,
        "Total Revenue": 27,
        "Gross Profit": 24,
        "Operating Income": -55,
        "EBIT": -55,
        "Net Income": -60
    },
    "2019-06-30": {
        "Diluted EPS": -0.71,
        "Total Revenue": NaN,
        "Gross Profit": NaN,
        "Operating Income": -69,
        "EBIT": -69,
        "Net Income": -66
    },
    "2019-03-31": {
        "Diluted EPS": -0.66,
        "Total Revenue": NaN,
        "Gross Profit": NaN,
        "Operating Income": -64,
        "EBIT": -64,
        "Net Income": -61
    },
    "2018-12-31": {
        "Diluted EPS": 0.0,
        "Total Revenue": NaN,
        "Gross Profit": NaN,
        "Operating Income": NaN,
        "EBIT": NaN,
        "Net Income": NaN
    },
    "2018-09-30": {
        "Diluted EPS": -0.52,
        "Total Revenue": NaN,
        "Gross Profit": NaN,
        "Operating Income": -41,
        "EBIT": -41,
        "Net Income": -31
    },
    "2017-12-31": {
        "Diluted EPS": 0.0,
        "Total Revenue": NaN,
        "Gross Profit": NaN,
        "Operating Income": NaN,
        "EBIT": NaN,
        "Net Income": NaN
    },
    "2023-09-30": {
        "Tax Effect Of Unusual Items": 0.0,
        "Tax Rate For Calcs": 0.0,
        "Normalized EBITDA": -151988000.0,
        "Total Unusual Items": -5555000.0,
        "Total Unusual Items Excluding Goodwill": -5555000.0,
        "Net Income From Continuing Operation Net Minority Interest": -176999000.0,
        "Reconciled Depreciation": 1639000.0,
        "Reconciled Cost Of Revenue": 598000.0,
        "EBITDA": -157543000.0,
        "EBIT": -159182000.0,
        "Net Interest Income": -16513000.0,
        "Interest Expense": 20306000.0,
        "Interest Income": 3793000.0,
        "Normalized Income": -171444000.0,
        "Net Income From Continuing And Discontinued Operation": -176999000.0,
        "Total Expenses": 161511000.0,
        "Total Operating Income As Reported": -157692000.0,
        "Diluted Average Shares": 163308632.0,
        "Basic Average Shares": 163308632.0,
        "Diluted EPS": -1.08,
        "Basic EPS": -1.08,
        "Diluted NI Availto Com Stockholders": -176999000.0,
        "Net Income Common Stockholders": -176999000.0,
        "Net Income": -176999000.0,
        "Minority Interests": 2489000.0,
        "Net Income Including Noncontrolling Interests": -179488000.0,
        "Net Income Continuous Operations": -179488000.0,
        "Pretax Income": -179488000.0,
        "Other Income Expense": -5555000.0,
        "Other Non Operating Income Expenses": -5283000.0,
        "Special Income Charges": -5555000.0,
        "Gain On Sale Of Ppe": -5283000.0,
        "Gain On Sale Of Business": 0.0,
        "Other Special Charges": NaN,
        "Write Off": 0.0,
        "Impairment Of Capital Assets": 0.0,
        "Restructuring And Mergern Acquisition": 272000.0,
        "Earnings From Equity Interest": 0.0,
        "Gain On Sale Of Security": NaN,
        "Net Non Operating Interest Income Expense": -16513000.0,
        "Interest Expense Non Operating": 20306000.0,
        "Interest Income Non Operating": 3793000.0,
        "Operating Income": -157420000.0,
        "Operating Expense": 160913000.0,
        "Research And Development": 125136000.0,
        "Selling General And Administration": 35777000.0,
        "Gross Profit": 3493000.0,
        "Cost Of Revenue": 598000.0,
        "Total Revenue": 4091000.0,
        "Operating Revenue": 4091000.0
    },
    "2023-12-31": {
        "Tax Effect Of Unusual Items": 0.0,
        "Tax Rate For Calcs": 0.0,
        "Normalized EBITDA": -169229000.0,
        "Total Unusual Items": 20754000.0,
        "Total Unusual Items Excluding Goodwill": 20754000.0,
        "Net Income From Continuing Operation Net Minority Interest": -168148000.0,
        "Reconciled Depreciation": 1585000.0,
        "Reconciled Cost Of Revenue": 598000.0,
        "EBITDA": -148475000.0,
        "EBIT": -150060000.0,
        "Net Interest Income": -14690000.0,
        "Interest Expense": 20268000.0,
        "Interest Income": 5578000.0,
        "Normalized Income": -188902000.0,
        "Net Income From Continuing And Discontinued Operation": -168148000.0,
        "Total Expenses": 178407000.0,
        "Total Operating Income As Reported": -177416000.0,
        "Diluted Average Shares": 174462332.0,
        "Basic Average Shares": 174462332.0,
        "Diluted EPS": -0.96,
        "Basic EPS": -0.96,
        "Diluted NI Availto Com Stockholders": -168148000.0,
        "Net Income Common Stockholders": -168148000.0,
        "Net Income": -168148000.0,
        "Minority Interests": 2180000.0,
        "Net Income Including Noncontrolling Interests": -170328000.0,
        "Net Income Continuous Operations": -170328000.0,
        "Pretax Income": -170328000.0,
        "Other Income Expense": 21024000.0,
        "Other Non Operating Income Expenses": NaN,
        "Special Income Charges": 2454000.0,
        "Gain On Sale Of Ppe": NaN,
        "Gain On Sale Of Business": NaN,
        "Other Special Charges": NaN,
        "Write Off": 6496000.0,
        "Impairment Of Capital Assets": 0.0,
        "Restructuring And Mergern Acquisition": 754000.0,
        "Earnings From Equity Interest": NaN,
        "Gain On Sale Of Security": NaN,
        "Net Non Operating Interest Income Expense": -14690000.0,
        "Interest Expense Non Operating": 20268000.0,
        "Interest Income Non Operating": 5578000.0,
        "Operating Income": -176662000.0,
        "Operating Expense": 177809000.0,
        "Research And Development": 130226000.0,
        "Selling General And Administration": 47583000.0,
        "Gross Profit": 1147000.0,
        "Cost Of Revenue": 598000.0,
        "Total Revenue": 1745000.0,
        "Operating Revenue": 1745000.0
    },
    "2024-03-31": {
        "Tax Effect Of Unusual Items": 0.0,
        "Tax Rate For Calcs": 0.0,
        "Normalized EBITDA": 18897000.0,
        "Total Unusual Items": -29990000.0,
        "Total Unusual Items Excluding Goodwill": -29990000.0,
        "Net Income From Continuing Operation Net Minority Interest": -35216000.0,
        "Reconciled Depreciation": 1596000.0,
        "Reconciled Cost Of Revenue": 598000.0,
        "EBITDA": -11093000.0,
        "EBIT": -12689000.0,
        "Net Interest Income": -19396000.0,
        "Interest Expense": 23471000.0,
        "Interest Income": 4075000.0,
        "Normalized Income": -5226000.0,
        "Net Income From Continuing And Discontinued Operation": -35216000.0,
        "Total Expenses": 207377000.0,
        "Total Operating Income As Reported": 343000.0,
        "Diluted Average Shares": 178705310.0,
        "Basic Average Shares": 178705310.0,
        "Diluted EPS": -0.2,
        "Basic EPS": -0.2,
        "Diluted NI Availto Com Stockholders": -35216000.0,
        "Net Income Common Stockholders": -35216000.0,
        "Net Income": -35216000.0,
        "Minority Interests": 944000.0,
        "Net Income Including Noncontrolling Interests": -36160000.0,
        "Net Income Continuous Operations": -36160000.0,
        "Pretax Income": -36160000.0,
        "Other Income Expense": -20507000.0,
        "Other Non Operating Income Expenses": 9483000.0,
        "Special Income Charges": -29990000.0,
        "Gain On Sale Of Ppe": NaN,
        "Gain On Sale Of Business": NaN,
        "Other Special Charges": 26590000.0,
        "Write Off": 1164000.0,
        "Impairment Of Capital Assets": 271000.0,
        "Restructuring And Mergern Acquisition": 3129000.0,
        "Earnings From Equity Interest": NaN,
        "Gain On Sale Of Security": NaN,
        "Net Non Operating Interest Income Expense": -19396000.0,
        "Interest Expense Non Operating": 23471000.0,
        "Interest Income Non Operating": 4075000.0,
        "Operating Income": 3743000.0,
        "Operating Expense": 206779000.0,
        "Research And Development": 140972000.0,
        "Selling General And Administration": 65807000.0,
        "Gross Profit": 210522000.0,
        "Cost Of Revenue": 598000.0,
        "Total Revenue": 211120000.0,
        "Operating Revenue": 211120000.0
    },
    "2024-06-30": {
        "Tax Effect Of Unusual Items": 0.0,
        "Tax Rate For Calcs": 0.0,
        "Normalized EBITDA": -173336000.0,
        "Total Unusual Items": 122303000.0,
        "Total Unusual Items Excluding Goodwill": 122303000.0,
        "Net Income From Continuing Operation Net Minority Interest": -73456000.0,
        "Reconciled Depreciation": 1574000.0,
        "Reconciled Cost Of Revenue": 598000.0,
        "EBITDA": -51033000.0,
        "EBIT": -52607000.0,
        "Net Interest Income": -17742000.0,
        "Interest Expense": 22937000.0,
        "Interest Income": 5195000.0,
        "Normalized Income": -195759000.0,
        "Net Income From Continuing And Discontinued Operation": -73456000.0,
        "Total Expenses": 174816000.0,
        "Total Operating Income As Reported": -175539000.0,
        "Diluted Average Shares": 187586680.0,
        "Basic Average Shares": 187586680.0,
        "Diluted EPS": -0.39,
        "Basic EPS": -0.39,
        "Diluted NI Availto Com Stockholders": -73456000.0,
        "Net Income Common Stockholders": -73456000.0,
        "Net Income": -73456000.0,
        "Minority Interests": 2088000.0,
        "Net Income Including Noncontrolling Interests": -75544000.0,
        "Net Income Continuous Operations": -75544000.0,
        "Pretax Income": -75544000.0,
        "Other Income Expense": 114846000.0,
        "Other Non Operating Income Expenses": 468000.0,
        "Special Income Charges": 122303000.0,
        "Gain On Sale Of Ppe": NaN,
        "Gain On Sale Of Business": 125194000.0,
        "Other Special Charges": NaN,
        "Write Off": NaN,
        "Impairment Of Capital Assets": 0.0,
        "Restructuring And Mergern Acquisition": 2891000.0,
        "Earnings From Equity Interest": -7925000.0,
        "Gain On Sale Of Security": NaN,
        "Net Non Operating Interest Income Expense": -17742000.0,
        "Interest Expense Non Operating": 22937000.0,
        "Interest Income Non Operating": 5195000.0,
        "Operating Income": -172648000.0,
        "Operating Expense": 174218000.0,
        "Research And Development": 114695000.0,
        "Selling General And Administration": 59523000.0,
        "Gross Profit": 1570000.0,
        "Cost Of Revenue": 598000.0,
        "Total Revenue": 2168000.0,
        "Operating Revenue": 2168000.0
    },
    "2024-09-30": {
        "Tax Effect Of Unusual Items": 0.0,
        "Tax Rate For Calcs": 0.0,
        "Normalized EBITDA": -188858000.0,
        "Total Unusual Items": 49203000.0,
        "Total Unusual Items Excluding Goodwill": 49203000.0,
        "Net Income From Continuing Operation Net Minority Interest": -162040000.0,
        "Reconciled Depreciation": 1538000.0,
        "Reconciled Cost Of Revenue": 598000.0,
        "EBITDA": -139655000.0,
        "EBIT": -141193000.0,
        "Net Interest Income": -19765000.0,
        "Interest Expense": 23061000.0,
        "Interest Income": 3296000.0,
        "Normalized Income": -211243000.0,
        "Net Income From Continuing And Discontinued Operation": -162040000.0,
        "Total Expenses": 189861000.0,
        "Total Operating Income As Reported": -191750000.0,
        "Diluted Average Shares": 188510372.0,
        "Basic Average Shares": 188510372.0,
        "Diluted EPS": -0.86,
        "Basic EPS": -0.86,
        "Diluted NI Availto Com Stockholders": -162040000.0,
        "Net Income Common Stockholders": -162040000.0,
        "Net Income": -162040000.0,
        "Minority Interests": 2214000.0,
        "Net Income Including Noncontrolling Interests": -164254000.0,
        "Net Income Continuous Operations": -164254000.0,
        "Pretax Income": -164254000.0,
        "Other Income Expense": 42640000.0,
        "Other Non Operating Income Expenses": NaN,
        "Special Income Charges": 49203000.0,
        "Gain On Sale Of Ppe": 1797000.0,
        "Gain On Sale Of Business": 52027000.0,
        "Other Special Charges": NaN,
        "Write Off": NaN,
        "Impairment Of Capital Assets": 0.0,
        "Restructuring And Mergern Acquisition": 4621000.0,
        "Earnings From Equity Interest": -6563000.0,
        "Gain On Sale Of Security": NaN,
        "Net Non Operating Interest Income Expense": -19765000.0,
        "Interest Expense Non Operating": 23061000.0,
        "Interest Income Non Operating": 3296000.0,
        "Operating Income": -187129000.0,
        "Operating Expense": 189263000.0,
        "Research And Development": 120444000.0,
        "Selling General And Administration": 68819000.0,
        "Gross Profit": 2134000.0,
        "Cost Of Revenue": 598000.0,
        "Total Revenue": 2732000.0,
        "Operating Revenue": 2732000.0
    }
}