{
    "2023-06-30": {
        "Tax Effect Of Unusual Items": -2946800.0,
        "Tax Rate For Calcs": 0.212,
        "Normalized EBITDA": 281700000.0,
        "Total Unusual Items": -13900000.0,
        "Total Unusual Items Excluding Goodwill": -13900000.0,
        "Net Income From Continuing Operation Net Minority Interest": 135300000.0,
        "Reconciled Depreciation": 67400000.0,
        "Reconciled Cost Of Revenue": 1230000000.0,
        "EBITDA": 267800000.0,
        "EBIT": 200400000.0,
        "Net Interest Income": -26800000.0,
        "Interest Expense": 28800000.0,
        "Interest Income": 2000000.0,
        "Normalized Income": 146253200.0,
        "Net Income From Continuing And Discontinued Operation": 134700000.0,
        "Total Expenses": 1494000000.0,
        "Total Operating Income As Reported": 194400000.0,
        "Diluted Average Shares": 70900000.0,
        "Basic Average Shares": 70800000.0,
        "Diluted EPS": 1.9,
        "Basic EPS": 1.9,
        "Diluted NI Availto Com Stockholders": 134700000.0,
        "Net Income Common Stockholders": 134700000.0,
        "Net Income": 134700000.0,
        "Net Income Including Noncontrolling Interests": 134700000.0,
        "Net Income Discontinuous Operations": -600000.0,
        "Net Income Continuous Operations": 135300000.0,
        "Tax Provision": 36300000.0,
        "Pretax Income": 171600000.0,
        "Other Income Expense": -9900000.0,
        "Other Non Operating Income Expenses": 1800000.0,
        "Special Income Charges": -13900000.0,
        "Other Special Charges": NaN,
        "Impairment Of Capital Assets": NaN,
        "Restructuring And Mergern Acquisition": 13900000.0,
        "Earnings From Equity Interest": 2200000.0,
        "Net Non Operating Interest Income Expense": -26800000.0,
        "Interest Expense Non Operating": 28800000.0,
        "Interest Income Non Operating": 2000000.0,
        "Operating Income": 208300000.0,
        "Operating Expense": 264000000.0,
        "Research And Development": 48900000.0,
        "Selling General And Administration": 215100000.0,
        "Gross Profit": 472300000.0,
        "Cost Of Revenue": 1230000000.0,
        "Total Revenue": 1702300000.0,
        "Operating Revenue": 1702300000.0
    },
    "2023-03-31": {
        "Tax Effect Of Unusual Items": -1995000.0,
        "Tax Rate For Calcs": 0.21,
        "Normalized EBITDA": 313800000.0,
        "Total Unusual Items": -9500000.0,
        "Total Unusual Items Excluding Goodwill": -9500000.0,
        "Net Income From Continuing Operation Net Minority Interest": 112400000.0,
        "Reconciled Depreciation": 64700000.0,
        "Reconciled Cost Of Revenue": 1238000000.0,
        "EBITDA": 304300000.0,
        "EBIT": 239600000.0,
        "Net Interest Income": -26000000.0,
        "Interest Expense": 28200000.0,
        "Interest Income": 2200000.0,
        "Normalized Income": 119905000.0,
        "Net Income From Continuing And Discontinued Operation": 112300000.0,
        "Total Expenses": 1498000000.0,
        "Total Operating Income As Reported": 236100000.0,
        "Diluted Average Shares": 71800000.0,
        "Basic Average Shares": 71500000.0,
        "Diluted EPS": 1.56,
        "Basic EPS": 1.57,
        "Diluted NI Availto Com Stockholders": 112300000.0,
        "Net Income Common Stockholders": 112300000.0,
        "Net Income": 112300000.0,
        "Net Income Including Noncontrolling Interests": 112300000.0,
        "Net Income Discontinuous Operations": -100000.0,
        "Net Income Continuous Operations": 112400000.0,
        "Tax Provision": 99000000.0,
        "Pretax Income": 211400000.0,
        "Other Income Expense": -8200000.0,
        "Other Non Operating Income Expenses": -900000.0,
        "Special Income Charges": -9500000.0,
        "Other Special Charges": NaN,
        "Impairment Of Capital Assets": NaN,
        "Restructuring And Mergern Acquisition": 9500000.0,
        "Earnings From Equity Interest": 2200000.0,
        "Net Non Operating Interest Income Expense": -26000000.0,
        "Interest Expense Non Operating": 28200000.0,
        "Interest Income Non Operating": 2200000.0,
        "Operating Income": 245600000.0,
        "Operating Expense": 260000000.0,
        "Research And Development": 48700000.0,
        "Selling General And Administration": 211300000.0,
        "Gross Profit": 505600000.0,
        "Cost Of Revenue": 1238000000.0,
        "Total Revenue": 1743600000.0,
        "Operating Revenue": 1743600000.0
    },
    "2022-12-31": {
        "Tax Effect Of Unusual Items": NaN,
        "Tax Rate For Calcs": NaN,
        "Normalized EBITDA": NaN,
        "Total Unusual Items": NaN,
        "Total Unusual Items Excluding Goodwill": NaN,
        "Net Income From Continuing Operation Net Minority Interest": NaN,
        "Reconciled Depreciation": NaN,
        "Reconciled Cost Of Revenue": NaN,
        "EBITDA": NaN,
        "EBIT": NaN,
        "Net Interest Income": NaN,
        "Interest Expense": NaN,
        "Interest Income": NaN,
        "Normalized Income": NaN,
        "Net Income From Continuing And Discontinued Operation": NaN,
        "Total Expenses": NaN,
        "Total Operating Income As Reported": NaN,
        "Diluted Average Shares": NaN,
        "Basic Average Shares": NaN,
        "Diluted EPS": NaN,
        "Basic EPS": NaN,
        "Diluted NI Availto Com Stockholders": NaN,
        "Net Income Common Stockholders": NaN,
        "Net Income": NaN,
        "Net Income Including Noncontrolling Interests": NaN,
        "Net Income Discontinuous Operations": NaN,
        "Net Income Continuous Operations": NaN,
        "Tax Provision": NaN,
        "Pretax Income": NaN,
        "Other Income Expense": NaN,
        "Other Non Operating Income Expenses": -4800000.0,
        "Special Income Charges": NaN,
        "Other Special Charges": 0.0,
        "Impairment Of Capital Assets": NaN,
        "Restructuring And Mergern Acquisition": NaN,
        "Earnings From Equity Interest": NaN,
        "Net Non Operating Interest Income Expense": NaN,
        "Interest Expense Non Operating": NaN,
        "Interest Income Non Operating": NaN,
        "Operating Income": NaN,
        "Operating Expense": NaN,
        "Research And Development": NaN,
        "Selling General And Administration": NaN,
        "Gross Profit": NaN,
        "Cost Of Revenue": NaN,
        "Total Revenue": NaN,
        "Operating Revenue": NaN
    },
    "2022-09-30": {
        "Tax Effect Of Unusual Items": NaN,
        "Tax Rate For Calcs": NaN,
        "Normalized EBITDA": NaN,
        "Total Unusual Items": NaN,
        "Total Unusual Items Excluding Goodwill": NaN,
        "Net Income From Continuing Operation Net Minority Interest": NaN,
        "Reconciled Depreciation": NaN,
        "Reconciled Cost Of Revenue": NaN,
        "EBITDA": NaN,
        "EBIT": NaN,
        "Net Interest Income": NaN,
        "Interest Expense": NaN,
        "Interest Income": NaN,
        "Normalized Income": NaN,
        "Net Income From Continuing And Discontinued Operation": NaN,
        "Total Expenses": NaN,
        "Total Operating Income As Reported": NaN,
        "Diluted Average Shares": NaN,
        "Basic Average Shares": NaN,
        "Diluted EPS": NaN,
        "Basic EPS": NaN,
        "Diluted NI Availto Com Stockholders": NaN,
        "Net Income Common Stockholders": NaN,
        "Net Income": NaN,
        "Net Income Including Noncontrolling Interests": NaN,
        "Net Income Discontinuous Operations": NaN,
        "Net Income Continuous Operations": NaN,
        "Tax Provision": NaN,
        "Pretax Income": NaN,
        "Other Income Expense": NaN,
        "Other Non Operating Income Expenses": NaN,
        "Special Income Charges": NaN,
        "Other Special Charges": NaN,
        "Impairment Of Capital Assets": 17700000.0,
        "Restructuring And Mergern Acquisition": NaN,
        "Earnings From Equity Interest": NaN,
        "Net Non Operating Interest Income Expense": NaN,
        "Interest Expense Non Operating": NaN,
        "Interest Income Non Operating": NaN,
        "Operating Income": NaN,
        "Operating Expense": NaN,
        "Research And Development": NaN,
        "Selling General And Administration": NaN,
        "Gross Profit": NaN,
        "Cost Of Revenue": NaN,
        "Total Revenue": NaN,
        "Operating Revenue": NaN
    },
    "2022-06-30": {
        "Tax Effect Of Unusual Items": 0.0,
        "Tax Rate For Calcs": 0.219,
        "Normalized EBITDA": 333000000.0,
        "Total Unusual Items": 0.0,
        "Total Unusual Items Excluding Goodwill": 0.0,
        "Net Income From Continuing Operation Net Minority Interest": 198800000.0,
        "Reconciled Depreciation": 52500000.0,
        "Reconciled Cost Of Revenue": 1299200000.0,
        "EBITDA": 333000000.0,
        "EBIT": 280500000.0,
        "Net Interest Income": -25400000.0,
        "Interest Expense": 25900000.0,
        "Interest Income": 500000.0,
        "Normalized Income": 198800000.0,
        "Net Income From Continuing And Discontinued Operation": 197300000.0,
        "Total Expenses": 1556600000.0,
        "Total Operating Income As Reported": 279000000.0,
        "Diluted Average Shares": 76100000.0,
        "Basic Average Shares": 75700000.0,
        "Diluted EPS": 2.59,
        "Basic EPS": 2.61,
        "Diluted NI Availto Com Stockholders": 197300000.0,
        "Net Income Common Stockholders": 197300000.0,
        "Net Income": 197300000.0,
        "Net Income Including Noncontrolling Interests": 197300000.0,
        "Net Income Discontinuous Operations": -1500000.0,
        "Net Income Continuous Operations": 198800000.0,
        "Tax Provision": 55800000.0,
        "Pretax Income": 254600000.0,
        "Other Income Expense": 1000000.0,
        "Other Non Operating Income Expenses": 300000.0,
        "Special Income Charges": 0.0,
        "Other Special Charges": NaN,
        "Impairment Of Capital Assets": NaN,
        "Restructuring And Mergern Acquisition": 0.0,
        "Earnings From Equity Interest": 700000.0,
        "Net Non Operating Interest Income Expense": -25400000.0,
        "Interest Expense Non Operating": 25900000.0,
        "Interest Income Non Operating": 500000.0,
        "Operating Income": 279000000.0,
        "Operating Expense": 257400000.0,
        "Research And Development": 50200000.0,
        "Selling General And Administration": 207200000.0,
        "Gross Profit": 536400000.0,
        "Cost Of Revenue": 1299200000.0,
        "Total Revenue": 1835600000.0,
        "Operating Revenue": 1835600000.0
    },
    "2023-09-30": {
        "Tax Effect Of Unusual Items": -4710700.0,
        "Tax Rate For Calcs": 0.289,
        "Normalized EBITDA": 273800000.0,
        "Total Unusual Items": -16300000.0,
        "Total Unusual Items Excluding Goodwill": -16300000.0,
        "Net Income From Continuing Operation Net Minority Interest": 113900000.0,
        "Reconciled Depreciation": 69300000.0,
        "Reconciled Cost Of Revenue": 1148900000.0,
        "EBITDA": 257500000.0,
        "EBIT": 188200000.0,
        "Net Interest Income": -24700000.0,
        "Interest Expense": 28100000.0,
        "Interest Income": 3400000.0,
        "Normalized Income": 125489300.0,
        "Net Income From Continuing And Discontinued Operation": 112500000.0,
        "Total Expenses": 1381200000.0,
        "Total Operating Income As Reported": 196100000.0,
        "Diluted Average Shares": 70000000.0,
        "Basic Average Shares": 69800000.0,
        "Diluted EPS": 1.61,
        "Basic EPS": 1.61,
        "Diluted NI Availto Com Stockholders": 112500000.0,
        "Net Income Common Stockholders": 112500000.0,
        "Net Income": 112500000.0,
        "Net Income Including Noncontrolling Interests": 112500000.0,
        "Net Income Discontinuous Operations": -1400000.0,
        "Net Income Continuous Operations": 113900000.0,
        "Tax Provision": 46200000.0,
        "Pretax Income": 160100000.0,
        "Other Income Expense": -27600000.0,
        "Other Non Operating Income Expenses": 6000000.0,
        "Special Income Charges": -16300000.0,
        "Other Special Charges": NaN,
        "Impairment Of Capital Assets": NaN,
        "Restructuring And Mergern Acquisition": 16300000.0,
        "Earnings From Equity Interest": -17300000.0,
        "Net Non Operating Interest Income Expense": -24700000.0,
        "Interest Expense Non Operating": 28100000.0,
        "Interest Income Non Operating": 3400000.0,
        "Operating Income": 212400000.0,
        "Operating Expense": 232300000.0,
        "Research And Development": 45200000.0,
        "Selling General And Administration": 187100000.0,
        "Gross Profit": 444700000.0,
        "Cost Of Revenue": 1148900000.0,
        "Total Revenue": 1593600000.0,
        "Operating Revenue": 1593600000.0
    },
    "2023-12-31": {
        "Tax Effect Of Unusual Items": -2587412.587413,
        "Tax Rate For Calcs": 0.172494,
        "Normalized EBITDA": 199600000.0,
        "Total Unusual Items": -15000000.0,
        "Total Unusual Items Excluding Goodwill": -15000000.0,
        "Net Income From Continuing Operation Net Minority Interest": 71000000.0,
        "Reconciled Depreciation": 71500000.0,
        "Reconciled Cost Of Revenue": 997500000.0,
        "EBITDA": 184600000.0,
        "EBIT": 113100000.0,
        "Net Interest Income": -24700000.0,
        "Interest Expense": 27300000.0,
        "Interest Income": 2600000.0,
        "Normalized Income": 83412587.412587,
        "Net Income From Continuing And Discontinued Operation": 60900000.0,
        "Total Expenses": 1238600000.0,
        "Total Operating Income As Reported": 108300000.0,
        "Diluted Average Shares": 69100000.0,
        "Basic Average Shares": 68900000.0,
        "Diluted EPS": 0.88,
        "Basic EPS": 0.88,
        "Diluted NI Availto Com Stockholders": 60900000.0,
        "Net Income Common Stockholders": 60900000.0,
        "Net Income": 60900000.0,
        "Net Income Including Noncontrolling Interests": 60900000.0,
        "Net Income Discontinuous Operations": -10100000.0,
        "Net Income Continuous Operations": 71000000.0,
        "Tax Provision": 14800000.0,
        "Pretax Income": 85800000.0,
        "Other Income Expense": -12800000.0,
        "Other Non Operating Income Expenses": 700000.0,
        "Special Income Charges": -15000000.0,
        "Other Special Charges": NaN,
        "Impairment Of Capital Assets": NaN,
        "Restructuring And Mergern Acquisition": -3900000.0,
        "Earnings From Equity Interest": 1500000.0,
        "Net Non Operating Interest Income Expense": -24700000.0,
        "Interest Expense Non Operating": 27300000.0,
        "Interest Income Non Operating": 2600000.0,
        "Operating Income": 123300000.0,
        "Operating Expense": 241100000.0,
        "Research And Development": 42400000.0,
        "Selling General And Administration": 198700000.0,
        "Gross Profit": 364400000.0,
        "Cost Of Revenue": 997500000.0,
        "Total Revenue": 1361900000.0,
        "Operating Revenue": 1361900000.0
    },
    "2024-03-31": {
        "Tax Effect Of Unusual Items": -2889000.0,
        "Tax Rate For Calcs": 0.214,
        "Normalized EBITDA": 198500000.0,
        "Total Unusual Items": -13500000.0,
        "Total Unusual Items Excluding Goodwill": -13500000.0,
        "Net Income From Continuing Operation Net Minority Interest": 68400000.0,
        "Reconciled Depreciation": 69400000.0,
        "Reconciled Cost Of Revenue": 991400000.0,
        "EBITDA": 185000000.0,
        "EBIT": 115600000.0,
        "Net Interest Income": -26100000.0,
        "Interest Expense": 28600000.0,
        "Interest Income": 2500000.0,
        "Normalized Income": 79011000.0,
        "Net Income From Continuing And Discontinued Operation": 68000000.0,
        "Total Expenses": 1240900000.0,
        "Total Operating Income As Reported": 110600000.0,
        "Diluted Average Shares": 68500000.0,
        "Basic Average Shares": 68300000.0,
        "Diluted EPS": 0.99,
        "Basic EPS": 0.99,
        "Diluted NI Availto Com Stockholders": 68000000.0,
        "Net Income Common Stockholders": 68000000.0,
        "Net Income": 68000000.0,
        "Net Income Including Noncontrolling Interests": 68000000.0,
        "Net Income Discontinuous Operations": -400000.0,
        "Net Income Continuous Operations": 68400000.0,
        "Tax Provision": 18600000.0,
        "Pretax Income": 87000000.0,
        "Other Income Expense": -11000000.0,
        "Other Non Operating Income Expenses": NaN,
        "Special Income Charges": -13500000.0,
        "Other Special Charges": NaN,
        "Impairment Of Capital Assets": 500000.0,
        "Restructuring And Mergern Acquisition": 13000000.0,
        "Earnings From Equity Interest": 2500000.0,
        "Net Non Operating Interest Income Expense": -26100000.0,
        "Interest Expense Non Operating": 28600000.0,
        "Interest Income Non Operating": 2500000.0,
        "Operating Income": 124100000.0,
        "Operating Expense": 249500000.0,
        "Research And Development": 45800000.0,
        "Selling General And Administration": 203700000.0,
        "Gross Profit": 373600000.0,
        "Cost Of Revenue": 991400000.0,
        "Total Revenue": 1365000000.0,
        "Operating Revenue": 1365000000.0
    }
}