{
    "2023-03-31": {
        "Tax Effect Of Unusual Items": 0.0,
        "Tax Rate For Calcs": 0.0,
        "Normalized EBITDA": -5084000.0,
        "Total Unusual Items": NaN,
        "Total Unusual Items Excluding Goodwill": NaN,
        "Net Income From Continuing Operation Net Minority Interest": -5059000.0,
        "Reconciled Depreciation": 67000.0,
        "EBITDA": -5084000.0,
        "EBIT": -5151000.0,
        "Net Interest Income": 92000.0,
        "Interest Income": 92000.0,
        "Normalized Income": -5059000.0,
        "Net Income From Continuing And Discontinued Operation": -5059000.0,
        "Total Expenses": 5151000.0,
        "Total Operating Income As Reported": -5151000.0,
        "Diluted Average Shares": 36735435.0,
        "Basic Average Shares": 36735435.0,
        "Diluted EPS": -0.14,
        "Basic EPS": -0.14,
        "Diluted NI Availto Com Stockholders": -5059000.0,
        "Net Income Common Stockholders": -5059000.0,
        "Net Income": -5059000.0,
        "Net Income Including Noncontrolling Interests": -5059000.0,
        "Net Income Continuous Operations": -5059000.0,
        "Pretax Income": -5059000.0,
        "Other Income Expense": NaN,
        "Gain On Sale Of Security": NaN,
        "Net Non Operating Interest Income Expense": 92000.0,
        "Total Other Finance Cost": NaN,
        "Interest Income Non Operating": 92000.0,
        "Operating Income": -5151000.0,
        "Operating Expense": 5151000.0,
        "Research And Development": 2924000.0,
        "Selling General And Administration": 2227000.0,
        "General And Administrative Expense": 2227000.0,
        "Other Gand A": 2227000.0,
        "Total Revenue": 0.0,
        "Operating Revenue": 0.0
    },
    "2022-12-31": {
        "Tax Effect Of Unusual Items": 0.0,
        "Tax Rate For Calcs": 0.0,
        "Normalized EBITDA": -4845000.0,
        "Total Unusual Items": NaN,
        "Total Unusual Items Excluding Goodwill": NaN,
        "Net Income From Continuing Operation Net Minority Interest": -5018000.0,
        "Reconciled Depreciation": 70000.0,
        "EBITDA": -4845000.0,
        "EBIT": -4915000.0,
        "Net Interest Income": -103000.0,
        "Interest Income": NaN,
        "Normalized Income": -5018000.0,
        "Net Income From Continuing And Discontinued Operation": -5018000.0,
        "Total Expenses": 4915000.0,
        "Total Operating Income As Reported": -4915000.0,
        "Diluted Average Shares": NaN,
        "Basic Average Shares": NaN,
        "Diluted EPS": NaN,
        "Basic EPS": NaN,
        "Diluted NI Availto Com Stockholders": -5018000.0,
        "Net Income Common Stockholders": -5018000.0,
        "Net Income": -5018000.0,
        "Net Income Including Noncontrolling Interests": -5018000.0,
        "Net Income Continuous Operations": -5018000.0,
        "Pretax Income": -5018000.0,
        "Other Income Expense": NaN,
        "Gain On Sale Of Security": NaN,
        "Net Non Operating Interest Income Expense": -103000.0,
        "Total Other Finance Cost": NaN,
        "Interest Income Non Operating": NaN,
        "Operating Income": -4915000.0,
        "Operating Expense": 4915000.0,
        "Research And Development": 2451000.0,
        "Selling General And Administration": 2464000.0,
        "General And Administrative Expense": 2464000.0,
        "Other Gand A": 2464000.0,
        "Total Revenue": 0.0,
        "Operating Revenue": 0.0
    },
    "2022-09-30": {
        "Tax Effect Of Unusual Items": NaN,
        "Tax Rate For Calcs": NaN,
        "Normalized EBITDA": NaN,
        "Total Unusual Items": NaN,
        "Total Unusual Items Excluding Goodwill": NaN,
        "Net Income From Continuing Operation Net Minority Interest": NaN,
        "Reconciled Depreciation": NaN,
        "EBITDA": NaN,
        "EBIT": NaN,
        "Net Interest Income": NaN,
        "Interest Income": NaN,
        "Normalized Income": NaN,
        "Net Income From Continuing And Discontinued Operation": NaN,
        "Total Expenses": NaN,
        "Total Operating Income As Reported": NaN,
        "Diluted Average Shares": 36493432.0,
        "Basic Average Shares": 36493432.0,
        "Diluted EPS": -0.19,
        "Basic EPS": -0.19,
        "Diluted NI Availto Com Stockholders": NaN,
        "Net Income Common Stockholders": NaN,
        "Net Income": NaN,
        "Net Income Including Noncontrolling Interests": NaN,
        "Net Income Continuous Operations": NaN,
        "Pretax Income": NaN,
        "Other Income Expense": NaN,
        "Gain On Sale Of Security": NaN,
        "Net Non Operating Interest Income Expense": NaN,
        "Total Other Finance Cost": 17000.0,
        "Interest Income Non Operating": NaN,
        "Operating Income": NaN,
        "Operating Expense": NaN,
        "Research And Development": NaN,
        "Selling General And Administration": NaN,
        "General And Administrative Expense": NaN,
        "Other Gand A": NaN,
        "Total Revenue": NaN,
        "Operating Revenue": NaN
    },
    "2022-06-30": {
        "Tax Effect Of Unusual Items": 0.0,
        "Tax Rate For Calcs": 0.0,
        "Normalized EBITDA": -7520000.0,
        "Net Income From Continuing Operation Net Minority Interest": -7041000.0,
        "Reconciled Depreciation": 71000.0,
        "EBITDA": -7520000.0,
        "EBIT": -7591000.0,
        "Net Interest Income": 550000.0,
        "Interest Income": NaN,
        "Normalized Income": -7041000.0,
        "Net Income From Continuing And Discontinued Operation": -7041000.0,
        "Total Expenses": 7591000.0,
        "Total Operating Income As Reported": -7591000.0,
        "Diluted Average Shares": 36486180.0,
        "Basic Average Shares": 36486180.0,
        "Diluted EPS": -0.19,
        "Basic EPS": -0.19,
        "Diluted NI Availto Com Stockholders": -7041000.0,
        "Net Income Common Stockholders": -7041000.0,
        "Net Income": -7041000.0,
        "Net Income Including Noncontrolling Interests": -7041000.0,
        "Net Income Continuous Operations": -7041000.0,
        "Pretax Income": -7041000.0,
        "Net Non Operating Interest Income Expense": 550000.0,
        "Total Other Finance Cost": -550000.0,
        "Interest Income Non Operating": NaN,
        "Operating Income": -7591000.0,
        "Operating Expense": 7591000.0,
        "Research And Development": 5113000.0,
        "Selling General And Administration": 2478000.0,
        "General And Administrative Expense": 2478000.0,
        "Other Gand A": 2478000.0,
        "Total Revenue": 0.0,
        "Operating Revenue": 0.0
    },
    "2022-03-31": {
        "Diluted EPS": -0.15,
        "Total Revenue": NaN,
        "Gross Profit": NaN,
        "Operating Income": -5,
        "EBIT": -5,
        "Net Income": -5
    },
    "2021-12-31": {
        "Diluted EPS": -0.17,
        "Total Revenue": NaN,
        "Gross Profit": NaN,
        "Operating Income": -6,
        "EBIT": -6,
        "Net Income": -6
    },
    "2021-09-30": {
        "Diluted EPS": -0.15,
        "Total Revenue": NaN,
        "Gross Profit": NaN,
        "Operating Income": -5,
        "EBIT": -5,
        "Net Income": -5
    },
    "2021-06-30": {
        "Diluted EPS": -0.17,
        "Total Revenue": NaN,
        "Gross Profit": NaN,
        "Operating Income": -6,
        "EBIT": -6,
        "Net Income": -6
    },
    "2021-03-31": {
        "Diluted EPS": -0.19,
        "Total Revenue": NaN,
        "Gross Profit": NaN,
        "Operating Income": -7,
        "EBIT": -7,
        "Net Income": -7
    },
    "2020-12-31": {
        "Diluted EPS": -0.36,
        "Total Revenue": NaN,
        "Gross Profit": NaN,
        "Operating Income": -11,
        "EBIT": -11,
        "Net Income": -12
    },
    "2020-09-30": {
        "Diluted EPS": -0.14,
        "Total Revenue": NaN,
        "Gross Profit": NaN,
        "Operating Income": -4,
        "EBIT": -4,
        "Net Income": -4
    },
    "2020-06-30": {
        "Diluted EPS": -0.25,
        "Total Revenue": NaN,
        "Gross Profit": NaN,
        "Operating Income": -7,
        "EBIT": -7,
        "Net Income": -7
    },
    "2020-03-31": {
        "Diluted EPS": -0.32,
        "Total Revenue": NaN,
        "Gross Profit": NaN,
        "Operating Income": -8,
        "EBIT": -8,
        "Net Income": -8
    },
    "2019-12-31": {
        "Diluted EPS": -0.34,
        "Total Revenue": NaN,
        "Gross Profit": NaN,
        "Operating Income": -8,
        "EBIT": -8,
        "Net Income": -8
    },
    "2019-09-30": {
        "Diluted EPS": -0.25,
        "Total Revenue": NaN,
        "Gross Profit": NaN,
        "Operating Income": -6,
        "EBIT": -6,
        "Net Income": -6
    },
    "2019-06-30": {
        "Diluted EPS": -0.23,
        "Total Revenue": NaN,
        "Gross Profit": NaN,
        "Operating Income": -5,
        "EBIT": -5,
        "Net Income": -5
    },
    "2019-03-31": {
        "Diluted EPS": -0.24,
        "Total Revenue": NaN,
        "Gross Profit": NaN,
        "Operating Income": -5,
        "EBIT": -5,
        "Net Income": -5
    },
    "2018-12-31": {
        "Diluted EPS": -0.27,
        "Total Revenue": NaN,
        "Gross Profit": NaN,
        "Operating Income": -5,
        "EBIT": -5,
        "Net Income": -5
    },
    "2018-09-30": {
        "Diluted EPS": -0.15,
        "Total Revenue": NaN,
        "Gross Profit": NaN,
        "Operating Income": -3,
        "EBIT": -3,
        "Net Income": -3
    },
    "2018-06-30": {
        "Diluted EPS": -0.16,
        "Total Revenue": NaN,
        "Gross Profit": NaN,
        "Operating Income": -3,
        "EBIT": -3,
        "Net Income": -3
    },
    "2018-03-31": {
        "Diluted EPS": -0.12,
        "Total Revenue": NaN,
        "Gross Profit": NaN,
        "Operating Income": -2,
        "EBIT": -2,
        "Net Income": -2
    },
    "2017-12-31": {
        "Diluted EPS": 0.03,
        "Total Revenue": NaN,
        "Gross Profit": NaN,
        "Operating Income": 0,
        "EBIT": 0,
        "Net Income": 0
    },
    "2017-09-30": {
        "Diluted EPS": -0.13,
        "Total Revenue": NaN,
        "Gross Profit": NaN,
        "Operating Income": -2,
        "EBIT": -2,
        "Net Income": -2
    },
    "2017-06-30": {
        "Diluted EPS": -0.06,
        "Total Revenue": NaN,
        "Gross Profit": NaN,
        "Operating Income": -1,
        "EBIT": -1,
        "Net Income": -1
    },
    "2017-03-31": {
        "Diluted EPS": -0.1,
        "Total Revenue": NaN,
        "Gross Profit": NaN,
        "Operating Income": -2,
        "EBIT": -2,
        "Net Income": -2
    },
    "2016-12-31": {
        "Diluted EPS": -0.03,
        "Total Revenue": NaN,
        "Gross Profit": NaN,
        "Operating Income": -1,
        "EBIT": -1,
        "Net Income": -1
    },
    "2016-09-30": {
        "Diluted EPS": -0.09,
        "Total Revenue": NaN,
        "Gross Profit": NaN,
        "Operating Income": -2,
        "EBIT": -1,
        "Net Income": -2
    },
    "2016-06-30": {
        "Diluted EPS": -0.05,
        "Total Revenue": NaN,
        "Gross Profit": NaN,
        "Operating Income": -1,
        "EBIT": -1,
        "Net Income": -1
    },
    "2016-03-31": {
        "Diluted EPS": -0.1,
        "Total Revenue": NaN,
        "Gross Profit": NaN,
        "Operating Income": -2,
        "EBIT": -2,
        "Net Income": -2
    },
    "2015-12-31": {
        "Diluted EPS": -0.08,
        "Total Revenue": NaN,
        "Gross Profit": NaN,
        "Operating Income": -1,
        "EBIT": -2,
        "Net Income": -1
    },
    "2015-09-30": {
        "Diluted EPS": -0.14,
        "Total Revenue": NaN,
        "Gross Profit": NaN,
        "Operating Income": -3,
        "EBIT": -2,
        "Net Income": -3
    },
    "2015-06-30": {
        "Diluted EPS": -0.12,
        "Total Revenue": NaN,
        "Gross Profit": NaN,
        "Operating Income": -2,
        "EBIT": -2,
        "Net Income": -2
    },
    "2015-03-31": {
        "Diluted EPS": -0.12,
        "Total Revenue": NaN,
        "Gross Profit": NaN,
        "Operating Income": -2,
        "EBIT": -2,
        "Net Income": -2
    },
    "2014-12-31": {
        "Diluted EPS": -0.18,
        "Total Revenue": NaN,
        "Gross Profit": NaN,
        "Operating Income": -2,
        "EBIT": -1,
        "Net Income": -3
    },
    "2014-09-30": {
        "Diluted EPS": -0.16,
        "Total Revenue": NaN,
        "Gross Profit": NaN,
        "Operating Income": -2,
        "EBIT": -2,
        "Net Income": -2
    },
    "2014-06-30": {
        "Diluted EPS": -0.16,
        "Total Revenue": NaN,
        "Gross Profit": NaN,
        "Operating Income": -1,
        "EBIT": -1,
        "Net Income": -2
    },
    "2014-03-31": {
        "Diluted EPS": -0.18,
        "Total Revenue": NaN,
        "Gross Profit": NaN,
        "Operating Income": -2,
        "EBIT": -2,
        "Net Income": -2
    },
    "2013-12-31": {
        "Diluted EPS": -0.06,
        "Total Revenue": NaN,
        "Gross Profit": NaN,
        "Operating Income": -1,
        "EBIT": -2,
        "Net Income": -1
    },
    "2013-09-30": {
        "Diluted EPS": -0.1,
        "Total Revenue": NaN,
        "Gross Profit": NaN,
        "Operating Income": -1,
        "EBIT": -1,
        "Net Income": -1
    },
    "2013-06-30": {
        "Diluted EPS": -0.15,
        "Total Revenue": NaN,
        "Gross Profit": NaN,
        "Operating Income": -2,
        "EBIT": -1,
        "Net Income": -2
    },
    "2013-03-31": {
        "Diluted EPS": -0.15,
        "Total Revenue": NaN,
        "Gross Profit": NaN,
        "Operating Income": -1,
        "EBIT": -1,
        "Net Income": -1
    },
    "2012-12-31": {
        "Diluted EPS": 0.15,
        "Total Revenue": NaN,
        "Gross Profit": NaN,
        "Operating Income": -1,
        "EBIT": -1,
        "Net Income": -1
    },
    "2012-09-30": {
        "Diluted EPS": -0.15,
        "Total Revenue": NaN,
        "Gross Profit": NaN,
        "Operating Income": -1,
        "EBIT": -1,
        "Net Income": -1
    },
    "2012-06-30": {
        "Diluted EPS": -0.15,
        "Total Revenue": NaN,
        "Gross Profit": NaN,
        "Operating Income": -1,
        "EBIT": -1,
        "Net Income": -1
    },
    "2012-03-31": {
        "Diluted EPS": -0.15,
        "Total Revenue": NaN,
        "Gross Profit": NaN,
        "Operating Income": -1,
        "EBIT": -1,
        "Net Income": -1
    },
    "2011-12-31": {
        "Diluted EPS": 0.0,
        "Total Revenue": NaN,
        "Gross Profit": NaN,
        "Operating Income": -1,
        "EBIT": -1,
        "Net Income": -1
    },
    "2011-09-30": {
        "Diluted EPS": -0.15,
        "Total Revenue": NaN,
        "Gross Profit": NaN,
        "Operating Income": -1,
        "EBIT": -1,
        "Net Income": -1
    },
    "2011-06-30": {
        "Diluted EPS": -0.15,
        "Total Revenue": NaN,
        "Gross Profit": NaN,
        "Operating Income": -1,
        "EBIT": -1,
        "Net Income": -1
    },
    "2011-03-31": {
        "Diluted EPS": -0.15,
        "Total Revenue": NaN,
        "Gross Profit": NaN,
        "Operating Income": -1,
        "EBIT": -1,
        "Net Income": -1
    },
    "2010-12-31": {
        "Diluted EPS": 0.0,
        "Total Revenue": NaN,
        "Gross Profit": NaN,
        "Operating Income": 0,
        "EBIT": 0,
        "Net Income": 0
    },
    "2010-09-30": {
        "Diluted EPS": -0.15,
        "Total Revenue": NaN,
        "Gross Profit": NaN,
        "Operating Income": -1,
        "EBIT": -1,
        "Net Income": -1
    },
    "2010-06-30": {
        "Diluted EPS": -0.15,
        "Total Revenue": NaN,
        "Gross Profit": NaN,
        "Operating Income": -1,
        "EBIT": -1,
        "Net Income": -1
    },
    "2010-03-31": {
        "Diluted EPS": -0.15,
        "Total Revenue": NaN,
        "Gross Profit": NaN,
        "Operating Income": -1,
        "EBIT": -1,
        "Net Income": -1
    },
    "2009-12-31": {
        "Diluted EPS": 0.0,
        "Total Revenue": NaN,
        "Gross Profit": NaN,
        "Operating Income": 0,
        "EBIT": 0,
        "Net Income": 0
    },
    "2009-09-30": {
        "Diluted EPS": -0.15,
        "Total Revenue": NaN,
        "Gross Profit": NaN,
        "Operating Income": -1,
        "EBIT": 0,
        "Net Income": -1
    },
    "2009-06-30": {
        "Diluted EPS": -0.15,
        "Total Revenue": NaN,
        "Gross Profit": NaN,
        "Operating Income": -1,
        "EBIT": 0,
        "Net Income": -1
    },
    "2009-03-31": {
        "Diluted EPS": -0.15,
        "Total Revenue": NaN,
        "Gross Profit": NaN,
        "Operating Income": -1,
        "EBIT": 0,
        "Net Income": -1
    },
    "2023-06-30": {
        "Tax Effect Of Unusual Items": 0.0,
        "Tax Rate For Calcs": 0.0,
        "Normalized EBITDA": -5382000.0,
        "Total Unusual Items": NaN,
        "Total Unusual Items Excluding Goodwill": NaN,
        "Net Income From Continuing Operation Net Minority Interest": -5329000.0,
        "Reconciled Depreciation": 67000.0,
        "EBITDA": -5382000.0,
        "EBIT": -5449000.0,
        "Net Interest Income": 120000.0,
        "Interest Income": NaN,
        "Normalized Income": -5329000.0,
        "Net Income From Continuing And Discontinued Operation": -5329000.0,
        "Total Expenses": 5449000.0,
        "Total Operating Income As Reported": -5449000.0,
        "Diluted Average Shares": 39696665.0,
        "Basic Average Shares": 39696665.0,
        "Diluted EPS": -0.13,
        "Basic EPS": -0.13,
        "Diluted NI Availto Com Stockholders": -5329000.0,
        "Net Income Common Stockholders": -5329000.0,
        "Net Income": -5329000.0,
        "Net Income Including Noncontrolling Interests": -5329000.0,
        "Net Income Continuous Operations": -5329000.0,
        "Pretax Income": -5329000.0,
        "Other Income Expense": NaN,
        "Gain On Sale Of Security": NaN,
        "Net Non Operating Interest Income Expense": 120000.0,
        "Total Other Finance Cost": -120000.0,
        "Interest Income Non Operating": NaN,
        "Operating Income": -5449000.0,
        "Operating Expense": 5449000.0,
        "Research And Development": 2794000.0,
        "Selling General And Administration": 2655000.0,
        "General And Administrative Expense": 2655000.0,
        "Other Gand A": 2655000.0,
        "Total Revenue": 0.0,
        "Operating Revenue": 0.0
    },
    "2023-09-30": {
        "Tax Effect Of Unusual Items": 0.0,
        "Tax Rate For Calcs": 0.0,
        "Normalized EBITDA": -10900000.0,
        "Total Unusual Items": 4930000.0,
        "Total Unusual Items Excluding Goodwill": 4930000.0,
        "Net Income From Continuing Operation Net Minority Interest": -1226000.0,
        "Reconciled Depreciation": 65000.0,
        "EBITDA": -5970000.0,
        "EBIT": -6035000.0,
        "Net Interest Income": -121000.0,
        "Interest Income": NaN,
        "Normalized Income": -6156000.0,
        "Net Income From Continuing And Discontinued Operation": -1226000.0,
        "Total Expenses": 6035000.0,
        "Total Operating Income As Reported": -6035000.0,
        "Diluted Average Shares": 44251809.0,
        "Basic Average Shares": 44251809.0,
        "Diluted EPS": -0.03,
        "Basic EPS": -0.03,
        "Diluted NI Availto Com Stockholders": -1226000.0,
        "Net Income Common Stockholders": -1226000.0,
        "Net Income": -1226000.0,
        "Net Income Including Noncontrolling Interests": -1226000.0,
        "Net Income Continuous Operations": -1226000.0,
        "Pretax Income": -1226000.0,
        "Other Income Expense": 4930000.0,
        "Gain On Sale Of Security": 4930000.0,
        "Net Non Operating Interest Income Expense": -121000.0,
        "Total Other Finance Cost": 121000.0,
        "Interest Income Non Operating": NaN,
        "Operating Income": -6035000.0,
        "Operating Expense": 6035000.0,
        "Research And Development": 3330000.0,
        "Selling General And Administration": 2705000.0,
        "General And Administrative Expense": 2705000.0,
        "Other Gand A": 2705000.0,
        "Total Revenue": 0.0,
        "Operating Revenue": 0.0
    },
    "2024-03-31": {
        "Tax Effect Of Unusual Items": 0.0,
        "Tax Rate For Calcs": 0.0,
        "Normalized EBITDA": -1470000.0,
        "Total Unusual Items": -940000.0,
        "Total Unusual Items Excluding Goodwill": -940000.0,
        "Net Income From Continuing Operation Net Minority Interest": -3401000.0,
        "Reconciled Depreciation": 64000.0,
        "EBITDA": -2410000.0,
        "EBIT": -2474000.0,
        "Net Interest Income": 13000.0,
        "Interest Income": 13000.0,
        "Normalized Income": -2461000.0,
        "Net Income From Continuing And Discontinued Operation": -3401000.0,
        "Total Expenses": 2474000.0,
        "Total Operating Income As Reported": -2474000.0,
        "Diluted Average Shares": 64738544.0,
        "Basic Average Shares": 64738544.0,
        "Diluted EPS": -0.05,
        "Basic EPS": -0.05,
        "Diluted NI Availto Com Stockholders": -3401000.0,
        "Net Income Common Stockholders": -3401000.0,
        "Net Income": -3401000.0,
        "Net Income Including Noncontrolling Interests": -3401000.0,
        "Net Income Continuous Operations": -3401000.0,
        "Pretax Income": -3401000.0,
        "Other Income Expense": -940000.0,
        "Gain On Sale Of Security": -940000.0,
        "Net Non Operating Interest Income Expense": 13000.0,
        "Total Other Finance Cost": NaN,
        "Interest Income Non Operating": 13000.0,
        "Operating Income": -2474000.0,
        "Operating Expense": 2474000.0,
        "Research And Development": 961000.0,
        "Selling General And Administration": 1513000.0,
        "General And Administrative Expense": 1513000.0,
        "Other Gand A": 1513000.0,
        "Total Revenue": 0.0,
        "Operating Revenue": 0.0
    }
}