{
    "2023-04-30": {
        "Tax Effect Of Unusual Items": NaN,
        "Tax Rate For Calcs": NaN,
        "Normalized EBITDA": NaN,
        "Total Unusual Items": NaN,
        "Total Unusual Items Excluding Goodwill": NaN,
        "Net Income From Continuing Operation Net Minority Interest": NaN,
        "Reconciled Depreciation": NaN,
        "EBITDA": NaN,
        "EBIT": NaN,
        "Net Interest Income": NaN,
        "Interest Expense": 0.0,
        "Interest Income": NaN,
        "Normalized Income": NaN,
        "Net Income From Continuing And Discontinued Operation": NaN,
        "Total Expenses": NaN,
        "Total Operating Income As Reported": NaN,
        "Diluted Average Shares": 15518072.0,
        "Basic Average Shares": 15518072.0,
        "Diluted EPS": -0.32,
        "Basic EPS": -0.32,
        "Diluted NI Availto Com Stockholders": NaN,
        "Average Dilution Earnings": NaN,
        "Net Income Common Stockholders": NaN,
        "Net Income": NaN,
        "Minority Interests": 0.0,
        "Net Income Including Noncontrolling Interests": NaN,
        "Net Income Continuous Operations": NaN,
        "Pretax Income": NaN,
        "Other Income Expense": NaN,
        "Earnings From Equity Interest": 0.0,
        "Gain On Sale Of Security": NaN,
        "Net Non Operating Interest Income Expense": NaN,
        "Interest Expense Non Operating": 0.0,
        "Interest Income Non Operating": NaN,
        "Operating Income": NaN,
        "Operating Expense": NaN,
        "Research And Development": NaN,
        "Selling General And Administration": NaN,
        "General And Administrative Expense": NaN,
        "Other Gand A": NaN,
        "Salaries And Wages": NaN,
        "Total Revenue": NaN,
        "Operating Revenue": NaN
    },
    "2023-01-31": {
        "Tax Effect Of Unusual Items": NaN,
        "Tax Rate For Calcs": NaN,
        "Normalized EBITDA": NaN,
        "Total Unusual Items": NaN,
        "Total Unusual Items Excluding Goodwill": NaN,
        "Net Income From Continuing Operation Net Minority Interest": NaN,
        "Reconciled Depreciation": NaN,
        "EBITDA": NaN,
        "EBIT": NaN,
        "Net Interest Income": NaN,
        "Interest Expense": 0.0,
        "Interest Income": NaN,
        "Normalized Income": NaN,
        "Net Income From Continuing And Discontinued Operation": NaN,
        "Total Expenses": NaN,
        "Total Operating Income As Reported": NaN,
        "Diluted Average Shares": 15518018.0,
        "Basic Average Shares": 15518018.0,
        "Diluted EPS": -0.77,
        "Basic EPS": -0.77,
        "Diluted NI Availto Com Stockholders": NaN,
        "Average Dilution Earnings": NaN,
        "Net Income Common Stockholders": NaN,
        "Net Income": NaN,
        "Minority Interests": 0.0,
        "Net Income Including Noncontrolling Interests": NaN,
        "Net Income Continuous Operations": NaN,
        "Pretax Income": NaN,
        "Other Income Expense": NaN,
        "Special Income Charges": 0.0,
        "Earnings From Equity Interest": 0.0,
        "Gain On Sale Of Security": NaN,
        "Net Non Operating Interest Income Expense": NaN,
        "Interest Expense Non Operating": 0.0,
        "Interest Income Non Operating": NaN,
        "Operating Income": NaN,
        "Operating Expense": NaN,
        "Research And Development": NaN,
        "Selling General And Administration": NaN,
        "General And Administrative Expense": NaN,
        "Other Gand A": NaN,
        "Salaries And Wages": 41753.0,
        "Total Revenue": NaN,
        "Operating Revenue": NaN
    },
    "2022-10-31": {
        "Tax Effect Of Unusual Items": NaN,
        "Tax Rate For Calcs": NaN,
        "Normalized EBITDA": NaN,
        "Total Unusual Items": NaN,
        "Total Unusual Items Excluding Goodwill": NaN,
        "Net Income From Continuing Operation Net Minority Interest": NaN,
        "Reconciled Depreciation": NaN,
        "EBITDA": NaN,
        "EBIT": NaN,
        "Net Interest Income": NaN,
        "Interest Expense": 0.0,
        "Interest Income": NaN,
        "Normalized Income": NaN,
        "Net Income From Continuing And Discontinued Operation": NaN,
        "Total Expenses": NaN,
        "Total Operating Income As Reported": NaN,
        "Diluted Average Shares": NaN,
        "Basic Average Shares": NaN,
        "Diluted EPS": NaN,
        "Basic EPS": NaN,
        "Diluted NI Availto Com Stockholders": NaN,
        "Average Dilution Earnings": 0.0,
        "Net Income Common Stockholders": NaN,
        "Net Income": NaN,
        "Minority Interests": NaN,
        "Net Income Including Noncontrolling Interests": NaN,
        "Net Income Continuous Operations": NaN,
        "Pretax Income": NaN,
        "Other Income Expense": NaN,
        "Special Income Charges": NaN,
        "Earnings From Equity Interest": NaN,
        "Gain On Sale Of Security": NaN,
        "Net Non Operating Interest Income Expense": NaN,
        "Interest Expense Non Operating": 0.0,
        "Interest Income Non Operating": NaN,
        "Operating Income": NaN,
        "Operating Expense": NaN,
        "Research And Development": NaN,
        "Selling General And Administration": NaN,
        "General And Administrative Expense": NaN,
        "Other Gand A": NaN,
        "Salaries And Wages": NaN,
        "Total Revenue": NaN,
        "Operating Revenue": NaN
    },
    "2022-07-31": {
        "Tax Effect Of Unusual Items": 0.0,
        "Tax Rate For Calcs": 0.0,
        "Normalized EBITDA": -17455439.0,
        "Total Unusual Items": 53987.0,
        "Total Unusual Items Excluding Goodwill": 53987.0,
        "Net Income From Continuing Operation Net Minority Interest": -17460236.0,
        "Reconciled Depreciation": 3818.0,
        "EBIT": -17459257.0,
        "Net Interest Income": -11576014.0,
        "Interest Expense": 0.0,
        "Interest Income": 82358.0,
        "Normalized Income": -17460236.0,
        "Net Income From Continuing And Discontinued Operation": -17460236.0,
        "Total Expenses": 5906886.0,
        "Total Operating Income As Reported": -4225995.0,
        "Diluted Average Shares": 15518018.0,
        "Basic Average Shares": 15518018.0,
        "Diluted EPS": 0.956217,
        "Basic EPS": 0.956217,
        "Diluted NI Availto Com Stockholders": -17460236.0,
        "Net Income Common Stockholders": -17460236.0,
        "Net Income": -17460236.0,
        "Net Income Including Noncontrolling Interests": -17460236.0,
        "Net Income Continuous Operations": -17460236.0,
        "Pretax Income": -17460236.0,
        "Other Income Expense": 53987.0,
        "Special Income Charges": 0.0,
        "Gain On Sale Of Security": 53987.0,
        "Net Non Operating Interest Income Expense": -11576014.0,
        "Interest Expense Non Operating": 0.0,
        "Interest Income Non Operating": 82358.0,
        "Operating Income": -5906886.0,
        "Operating Expense": 5906886.0,
        "Other Operating Expenses": 0.0,
        "Research And Development": 2868817.0,
        "Selling General And Administration": 1368631.0,
        "General And Administrative Expense": 1368631.0,
        "Other Gand A": 5278284.0,
        "Total Revenue": 0.0,
        "Operating Revenue": 0.0
    },
    "2022-04-30": {
        "Diluted EPS": -0.65,
        "Total Revenue": NaN,
        "Gross Profit": NaN,
        "Operating Income": -4,
        "EBIT": -4,
        "Net Income": -10
    },
    "2022-01-31": {
        "Diluted EPS": 0.04,
        "Total Revenue": NaN,
        "Gross Profit": NaN,
        "Operating Income": -4,
        "EBIT": -4,
        "Net Income": 11
    },
    "2021-10-31": {
        "Diluted EPS": -1.81,
        "Total Revenue": NaN,
        "Gross Profit": NaN,
        "Operating Income": -2,
        "EBIT": -2,
        "Net Income": -28
    },
    "2021-07-31": {
        "Diluted EPS": -2.85,
        "Total Revenue": NaN,
        "Gross Profit": NaN,
        "Operating Income": -2,
        "EBIT": -2,
        "Net Income": -16
    },
    "2021-04-30": {
        "Diluted EPS": 0.63,
        "Total Revenue": NaN,
        "Gross Profit": NaN,
        "Operating Income": -5,
        "EBIT": -5,
        "Net Income": 3
    },
    "2021-01-31": {
        "Diluted EPS": -0.3,
        "Total Revenue": NaN,
        "Gross Profit": NaN,
        "Operating Income": 0,
        "EBIT": 0,
        "Net Income": 0
    },
    "2020-10-31": {
        "Diluted EPS": -0.54,
        "Total Revenue": NaN,
        "Gross Profit": NaN,
        "Operating Income": 0,
        "EBIT": 0,
        "Net Income": 0
    },
    "2020-07-31": {
        "Diluted EPS": 548.87,
        "Total Revenue": NaN,
        "Gross Profit": NaN,
        "Operating Income": -1,
        "EBIT": -1,
        "Net Income": -1
    },
    "2020-04-30": {
        "Diluted EPS": -0.84,
        "Total Revenue": NaN,
        "Gross Profit": NaN,
        "Operating Income": -1,
        "EBIT": -1,
        "Net Income": -1
    },
    "2020-01-31": {
        "Diluted EPS": -2.0,
        "Total Revenue": NaN,
        "Gross Profit": NaN,
        "Operating Income": -1,
        "EBIT": -1,
        "Net Income": -1
    },
    "2019-10-31": {
        "Diluted EPS": -551.67,
        "Total Revenue": NaN,
        "Gross Profit": NaN,
        "Operating Income": -1,
        "EBIT": -1,
        "Net Income": -1
    },
    "2019-07-31": {
        "Diluted EPS": 0.22,
        "Total Revenue": NaN,
        "Gross Profit": NaN,
        "Operating Income": -1,
        "EBIT": -1,
        "Net Income": -1
    },
    "2019-04-30": {
        "Diluted EPS": -2.36,
        "Total Revenue": NaN,
        "Gross Profit": NaN,
        "Operating Income": -1,
        "EBIT": -1,
        "Net Income": -1
    },
    "2019-01-31": {
        "Diluted EPS": -2.4,
        "Total Revenue": NaN,
        "Gross Profit": NaN,
        "Operating Income": -1,
        "EBIT": -1,
        "Net Income": -1
    },
    "2018-10-31": {
        "Diluted EPS": -2.33,
        "Total Revenue": NaN,
        "Gross Profit": NaN,
        "Operating Income": -1,
        "EBIT": -1,
        "Net Income": -1
    },
    "2018-07-31": {
        "Diluted EPS": -6.06,
        "Total Revenue": NaN,
        "Gross Profit": NaN,
        "Operating Income": -1,
        "EBIT": -1,
        "Net Income": -2
    },
    "2018-04-30": {
        "Diluted EPS": -2.38,
        "Total Revenue": NaN,
        "Gross Profit": NaN,
        "Operating Income": -1,
        "EBIT": -1,
        "Net Income": -1
    },
    "2018-01-31": {
        "Diluted EPS": -2.4,
        "Total Revenue": NaN,
        "Gross Profit": NaN,
        "Operating Income": -1,
        "EBIT": -1,
        "Net Income": -1
    },
    "2017-10-31": {
        "Diluted EPS": -2.43,
        "Total Revenue": NaN,
        "Gross Profit": NaN,
        "Operating Income": -1,
        "EBIT": -1,
        "Net Income": -1
    },
    "2017-07-31": {
        "Diluted EPS": -4.55,
        "Total Revenue": NaN,
        "Gross Profit": NaN,
        "Operating Income": -1,
        "EBIT": -1,
        "Net Income": -1
    },
    "2017-04-30": {
        "Diluted EPS": -4.55,
        "Total Revenue": NaN,
        "Gross Profit": NaN,
        "Operating Income": -1,
        "EBIT": -1,
        "Net Income": -1
    },
    "2017-01-31": {
        "Diluted EPS": -2.27,
        "Total Revenue": NaN,
        "Gross Profit": NaN,
        "Operating Income": 0,
        "EBIT": 0,
        "Net Income": 0
    },
    "2016-10-31": {
        "Diluted EPS": -2.3,
        "Total Revenue": NaN,
        "Gross Profit": NaN,
        "Operating Income": 0,
        "EBIT": 0,
        "Net Income": 0
    },
    "2016-07-31": {
        "Diluted EPS": 4.65,
        "Total Revenue": NaN,
        "Gross Profit": NaN,
        "Operating Income": -1,
        "EBIT": 0,
        "Net Income": 0
    },
    "2016-04-30": {
        "Diluted EPS": -2.33,
        "Total Revenue": NaN,
        "Gross Profit": NaN,
        "Operating Income": 0,
        "EBIT": 0,
        "Net Income": 0
    },
    "2016-01-31": {
        "Diluted EPS": -2.21,
        "Total Revenue": NaN,
        "Gross Profit": NaN,
        "Operating Income": -1,
        "EBIT": -1,
        "Net Income": -1
    },
    "2015-10-31": {
        "Diluted EPS": -2.3,
        "Total Revenue": NaN,
        "Gross Profit": NaN,
        "Operating Income": 0,
        "EBIT": 0,
        "Net Income": 0
    },
    "2015-07-31": {
        "Diluted EPS": 0.0,
        "Total Revenue": NaN,
        "Gross Profit": NaN,
        "Operating Income": 0,
        "EBIT": 0,
        "Net Income": 0
    },
    "2015-04-30": {
        "Diluted EPS": -2.44,
        "Total Revenue": NaN,
        "Gross Profit": NaN,
        "Operating Income": 0,
        "EBIT": 0,
        "Net Income": 0
    },
    "2015-01-31": {
        "Diluted EPS": -10.19,
        "Total Revenue": NaN,
        "Gross Profit": NaN,
        "Operating Income": -2,
        "EBIT": -2,
        "Net Income": -2
    },
    "2014-10-31": {
        "Diluted EPS": 0.0,
        "Total Revenue": NaN,
        "Gross Profit": NaN,
        "Operating Income": 0,
        "EBIT": 0,
        "Net Income": 0
    },
    "2014-07-31": {
        "Diluted EPS": 76.67,
        "Total Revenue": NaN,
        "Gross Profit": NaN,
        "Operating Income": 0,
        "EBIT": 0,
        "Net Income": -7
    },
    "2014-04-30": {
        "Diluted EPS": -2.74,
        "Total Revenue": NaN,
        "Gross Profit": NaN,
        "Operating Income": 0,
        "EBIT": 0,
        "Net Income": -1
    },
    "2014-01-31": {
        "Diluted EPS": 0.0,
        "Total Revenue": NaN,
        "Gross Profit": NaN,
        "Operating Income": 0,
        "EBIT": 0,
        "Net Income": 0
    },
    "2013-10-31": {
        "Diluted EPS": 0.0,
        "Total Revenue": NaN,
        "Gross Profit": NaN,
        "Operating Income": 0,
        "EBIT": 0,
        "Net Income": 0
    },
    "2013-07-31": {
        "Diluted EPS": 0.0,
        "Total Revenue": NaN,
        "Gross Profit": NaN,
        "Operating Income": 0,
        "EBIT": 0,
        "Net Income": 0
    },
    "2013-04-30": {
        "Diluted EPS": 0.0,
        "Total Revenue": NaN,
        "Gross Profit": NaN,
        "Operating Income": 0,
        "EBIT": 0,
        "Net Income": 0
    },
    "2013-01-31": {
        "Diluted EPS": 0.0,
        "Total Revenue": NaN,
        "Gross Profit": NaN,
        "Operating Income": 0,
        "EBIT": 0,
        "Net Income": 0
    },
    "2012-10-31": {
        "Diluted EPS": 0.0,
        "Total Revenue": NaN,
        "Gross Profit": NaN,
        "Operating Income": 0,
        "EBIT": 0,
        "Net Income": 0
    },
    "2012-07-31": {
        "Diluted EPS": 6.1,
        "Total Revenue": NaN,
        "Gross Profit": NaN,
        "Operating Income": 0,
        "EBIT": 0,
        "Net Income": -1
    },
    "2012-04-30": {
        "Diluted EPS": -3.05,
        "Total Revenue": NaN,
        "Gross Profit": NaN,
        "Operating Income": 0,
        "EBIT": 0,
        "Net Income": 0
    },
    "2012-01-31": {
        "Diluted EPS": 0.0,
        "Total Revenue": NaN,
        "Gross Profit": NaN,
        "Operating Income": 0,
        "EBIT": 0,
        "Net Income": 0
    },
    "2011-10-31": {
        "Diluted EPS": 0.0,
        "Total Revenue": NaN,
        "Gross Profit": NaN,
        "Operating Income": 0,
        "EBIT": 0,
        "Net Income": 0
    },
    "2011-07-31": {
        "Diluted EPS": 0.0,
        "Total Revenue": NaN,
        "Gross Profit": NaN,
        "Operating Income": -1,
        "EBIT": -1,
        "Net Income": -1
    },
    "2011-04-30": {
        "Diluted EPS": -3.15,
        "Total Revenue": NaN,
        "Gross Profit": NaN,
        "Operating Income": 0,
        "EBIT": 0,
        "Net Income": 0
    },
    "2011-01-31": {
        "Diluted EPS": -3.0,
        "Total Revenue": NaN,
        "Gross Profit": NaN,
        "Operating Income": 0,
        "EBIT": 0,
        "Net Income": 0
    },
    "2010-10-31": {
        "Diluted EPS": -2.91,
        "Total Revenue": NaN,
        "Gross Profit": NaN,
        "Operating Income": 0,
        "EBIT": 0,
        "Net Income": 0
    },
    "2010-07-31": {
        "Diluted EPS": 0.0,
        "Total Revenue": NaN,
        "Gross Profit": NaN,
        "Operating Income": NaN,
        "EBIT": NaN,
        "Net Income": NaN
    },
    "2023-07-31": {
        "Tax Effect Of Unusual Items": 0.0,
        "Tax Rate For Calcs": 0.0,
        "Normalized EBITDA": -7493167.0,
        "Total Unusual Items": 5078330.0,
        "Total Unusual Items Excluding Goodwill": 5078330.0,
        "Net Income From Continuing Operation Net Minority Interest": -2418655.0,
        "Reconciled Depreciation": 3818.0,
        "EBITDA": -2414837.0,
        "EBIT": -2418655.0,
        "Net Interest Income": 208776.0,
        "Interest Expense": 0.0,
        "Interest Income": 208776.0,
        "Normalized Income": -7496985.0,
        "Net Income From Continuing And Discontinued Operation": -2418655.0,
        "Total Expenses": 7705761.0,
        "Total Operating Income As Reported": -7705761.0,
        "Diluted Average Shares": NaN,
        "Basic Average Shares": NaN,
        "Diluted EPS": NaN,
        "Basic EPS": NaN,
        "Diluted NI Availto Com Stockholders": -2418655.0,
        "Average Dilution Earnings": NaN,
        "Net Income Common Stockholders": -2418655.0,
        "Net Income": -2418655.0,
        "Minority Interests": NaN,
        "Net Income Including Noncontrolling Interests": -2418655.0,
        "Net Income Continuous Operations": -2418655.0,
        "Pretax Income": -2418655.0,
        "Other Income Expense": 5078330.0,
        "Earnings From Equity Interest": NaN,
        "Gain On Sale Of Security": 5078330.0,
        "Net Non Operating Interest Income Expense": 208776.0,
        "Interest Expense Non Operating": 0.0,
        "Interest Income Non Operating": 208776.0,
        "Operating Income": -7705761.0,
        "Operating Expense": 7705761.0,
        "Research And Development": 5167498.0,
        "Selling General And Administration": 2538263.0,
        "General And Administrative Expense": 2538263.0,
        "Other Gand A": 2538263.0,
        "Salaries And Wages": NaN,
        "Total Revenue": 0.0,
        "Operating Revenue": 0.0
    },
    "2023-10-31": {
        "Tax Effect Of Unusual Items": 5708434.0,
        "Tax Rate For Calcs": 0.4,
        "Normalized EBITDA": -22770295.0,
        "Total Unusual Items": 14271085.0,
        "Total Unusual Items Excluding Goodwill": 14271085.0,
        "Net Income From Continuing Operation Net Minority Interest": 6001543.0,
        "Reconciled Depreciation": 3818.0,
        "EBITDA": -8499210.0,
        "EBIT": -8503028.0,
        "Net Interest Income": 190815.0,
        "Interest Expense": NaN,
        "Interest Income": 190815.0,
        "Normalized Income": -2561108.0,
        "Net Income From Continuing And Discontinued Operation": 6001543.0,
        "Total Expenses": 8503028.0,
        "Total Operating Income As Reported": -8503028.0,
        "Diluted Average Shares": 16674891.0,
        "Basic Average Shares": 15981726.0,
        "Diluted EPS": -0.5,
        "Basic EPS": 0.38,
        "Diluted NI Availto Com Stockholders": -8280535.0,
        "Average Dilution Earnings": -14282078.0,
        "Net Income Common Stockholders": 6001543.0,
        "Net Income": 6001543.0,
        "Minority Interests": 42671.0,
        "Net Income Including Noncontrolling Interests": 5958872.0,
        "Net Income Continuous Operations": 5958872.0,
        "Pretax Income": 5958872.0,
        "Other Income Expense": 14271085.0,
        "Earnings From Equity Interest": NaN,
        "Gain On Sale Of Security": 14271085.0,
        "Net Non Operating Interest Income Expense": 190815.0,
        "Interest Expense Non Operating": NaN,
        "Interest Income Non Operating": 190815.0,
        "Operating Income": -8503028.0,
        "Operating Expense": 8503028.0,
        "Research And Development": 6857257.0,
        "Selling General And Administration": 1645771.0,
        "General And Administrative Expense": 1645771.0,
        "Other Gand A": 1645771.0,
        "Salaries And Wages": NaN,
        "Total Revenue": 0.0,
        "Operating Revenue": 0.0
    },
    "2024-01-31": {
        "Tax Effect Of Unusual Items": 0.0,
        "Tax Rate For Calcs": 0.0,
        "Normalized EBITDA": -8257913.0,
        "Total Unusual Items": -1567714.0,
        "Total Unusual Items Excluding Goodwill": -1567714.0,
        "Net Income From Continuing Operation Net Minority Interest": -11294603.0,
        "Reconciled Depreciation": 3819.0,
        "EBITDA": -9825627.0,
        "EBIT": -9829446.0,
        "Net Interest Income": 81595.0,
        "Interest Expense": NaN,
        "Interest Income": 81595.0,
        "Normalized Income": -9726889.0,
        "Net Income From Continuing And Discontinued Operation": -11294603.0,
        "Total Expenses": 9829446.0,
        "Total Operating Income As Reported": -9829446.0,
        "Diluted Average Shares": 15981726.0,
        "Basic Average Shares": 15981726.0,
        "Diluted EPS": -0.71,
        "Basic EPS": -0.71,
        "Diluted NI Availto Com Stockholders": -11294603.0,
        "Average Dilution Earnings": NaN,
        "Net Income Common Stockholders": -11294603.0,
        "Net Income": -11294603.0,
        "Minority Interests": 39307.0,
        "Net Income Including Noncontrolling Interests": -11333910.0,
        "Net Income Continuous Operations": -11333910.0,
        "Pretax Income": -11333910.0,
        "Other Income Expense": -1586059.0,
        "Earnings From Equity Interest": -18345.0,
        "Gain On Sale Of Security": -1567714.0,
        "Net Non Operating Interest Income Expense": 81595.0,
        "Interest Expense Non Operating": NaN,
        "Interest Income Non Operating": 81595.0,
        "Operating Income": -9829446.0,
        "Operating Expense": 9829446.0,
        "Research And Development": 8257455.0,
        "Selling General And Administration": 1571991.0,
        "General And Administrative Expense": 1571991.0,
        "Other Gand A": 1306089.0,
        "Salaries And Wages": 265902.0,
        "Total Revenue": 0.0,
        "Operating Revenue": 0.0
    },
    "2024-04-30": {
        "Tax Effect Of Unusual Items": 1641492.15,
        "Tax Rate For Calcs": 0.15,
        "Normalized EBITDA": -20169113.0,
        "Total Unusual Items": 10943281.0,
        "Total Unusual Items Excluding Goodwill": 10943281.0,
        "Net Income From Continuing Operation Net Minority Interest": 1715759.0,
        "Reconciled Depreciation": 3816.0,
        "EBITDA": -9225832.0,
        "EBIT": -9229648.0,
        "Net Interest Income": 15606.0,
        "Interest Expense": NaN,
        "Interest Income": 15606.0,
        "Normalized Income": -7586029.85,
        "Net Income From Continuing And Discontinued Operation": 1715759.0,
        "Total Expenses": 9229648.0,
        "Total Operating Income As Reported": -9229648.0,
        "Diluted Average Shares": 15981726.0,
        "Basic Average Shares": 15981726.0,
        "Diluted EPS": 0.11,
        "Basic EPS": 0.11,
        "Diluted NI Availto Com Stockholders": 1715759.0,
        "Average Dilution Earnings": NaN,
        "Net Income Common Stockholders": 1715759.0,
        "Net Income": 1715759.0,
        "Minority Interests": 23517.0,
        "Net Income Including Noncontrolling Interests": 1692242.0,
        "Net Income Continuous Operations": 1692242.0,
        "Pretax Income": 1692242.0,
        "Other Income Expense": 10906284.0,
        "Earnings From Equity Interest": -36997.0,
        "Gain On Sale Of Security": 10943281.0,
        "Net Non Operating Interest Income Expense": 15606.0,
        "Interest Expense Non Operating": NaN,
        "Interest Income Non Operating": 15606.0,
        "Operating Income": -9229648.0,
        "Operating Expense": 9229648.0,
        "Research And Development": 7657632.0,
        "Selling General And Administration": 1572016.0,
        "General And Administrative Expense": 1572016.0,
        "Other Gand A": 1572016.0,
        "Salaries And Wages": NaN,
        "Total Revenue": 0.0,
        "Operating Revenue": 0.0
    },
    "2024-07-31": {
        "Tax Effect Of Unusual Items": 0.0,
        "Tax Rate For Calcs": 0.0,
        "Normalized EBITDA": -10265878.0,
        "Total Unusual Items": 4570368.0,
        "Total Unusual Items Excluding Goodwill": 4570368.0,
        "Net Income From Continuing Operation Net Minority Interest": -1214165.0,
        "Reconciled Depreciation": 72444.0,
        "EBITDA": -5695510.0,
        "EBIT": -5767954.0,
        "Net Interest Income": 2.0,
        "Interest Expense": NaN,
        "Interest Income": 2.0,
        "Normalized Income": -5784533.0,
        "Net Income From Continuing And Discontinued Operation": -1214165.0,
        "Total Expenses": 5767954.0,
        "Total Operating Income As Reported": -5767954.0,
        "Diluted Average Shares": NaN,
        "Basic Average Shares": NaN,
        "Diluted EPS": NaN,
        "Basic EPS": NaN,
        "Diluted NI Availto Com Stockholders": -1214165.0,
        "Average Dilution Earnings": NaN,
        "Net Income Common Stockholders": -1214165.0,
        "Net Income": -1214165.0,
        "Minority Interests": 34587.0,
        "Net Income Including Noncontrolling Interests": -1248752.0,
        "Net Income Continuous Operations": -1248752.0,
        "Pretax Income": -1248752.0,
        "Other Income Expense": 4519200.0,
        "Earnings From Equity Interest": -51168.0,
        "Gain On Sale Of Security": 4570368.0,
        "Net Non Operating Interest Income Expense": 2.0,
        "Interest Expense Non Operating": NaN,
        "Interest Income Non Operating": 2.0,
        "Operating Income": -5767954.0,
        "Operating Expense": 5767954.0,
        "Research And Development": 4405463.0,
        "Selling General And Administration": 1362491.0,
        "General And Administrative Expense": 1362491.0,
        "Other Gand A": 1362491.0,
        "Salaries And Wages": NaN,
        "Total Revenue": 0.0,
        "Operating Revenue": 0.0
    }
}