{
    "2023-03-31": {
        "Tax Effect Of Unusual Items": -7054.936747,
        "Tax Rate For Calcs": 0.015574,
        "Normalized EBITDA": -36864000.0,
        "Total Unusual Items": -453000.0,
        "Total Unusual Items Excluding Goodwill": -453000.0,
        "Net Income From Continuing Operation Net Minority Interest": -39064000.0,
        "Reconciled Depreciation": 1557000.0,
        "EBITDA": -37317000.0,
        "EBIT": -38874000.0,
        "Net Interest Income": 2121000.0,
        "Interest Expense": 808000.0,
        "Interest Income": 2929000.0,
        "Normalized Income": -38618054.936747,
        "Net Income From Continuing And Discontinued Operation": -39064000.0,
        "Total Expenses": 46246000.0,
        "Total Operating Income As Reported": -41803000.0,
        "Diluted Average Shares": 30001725.0,
        "Basic Average Shares": 30001725.0,
        "Diluted EPS": -1.3,
        "Basic EPS": -1.3,
        "Diluted NI Availto Com Stockholders": -39064000.0,
        "Net Income Common Stockholders": -39064000.0,
        "Net Income": -39064000.0,
        "Net Income Including Noncontrolling Interests": -39064000.0,
        "Net Income Continuous Operations": -39064000.0,
        "Tax Provision": -618000.0,
        "Pretax Income": -39682000.0,
        "Other Income Expense": -453000.0,
        "Gain On Sale Of Security": -453000.0,
        "Net Non Operating Interest Income Expense": 2121000.0,
        "Interest Expense Non Operating": 808000.0,
        "Interest Income Non Operating": 2929000.0,
        "Operating Income": -41350000.0,
        "Operating Expense": 46246000.0,
        "Research And Development": 32211000.0,
        "Selling General And Administration": 14035000.0,
        "General And Administrative Expense": 14035000.0,
        "Other Gand A": 5447000.0,
        "Salaries And Wages": 8588000.0,
        "Total Revenue": 4896000.0,
        "Operating Revenue": 4896000.0
    },
    "2022-12-31": {
        "Tax Effect Of Unusual Items": 525.034542,
        "Tax Rate For Calcs": 0.013817,
        "Normalized EBITDA": -28224000.0,
        "Total Unusual Items": 38000.0,
        "Total Unusual Items Excluding Goodwill": 38000.0,
        "Net Income From Continuing Operation Net Minority Interest": -29978000.0,
        "Reconciled Depreciation": 1386000.0,
        "EBITDA": -28186000.0,
        "EBIT": -29572000.0,
        "Net Interest Income": 1813000.0,
        "Interest Expense": 826000.0,
        "Interest Income": 2639000.0,
        "Normalized Income": -30015474.965458,
        "Net Income From Continuing And Discontinued Operation": -29978000.0,
        "Total Expenses": 35434000.0,
        "Total Operating Income As Reported": -32211000.0,
        "Diluted Average Shares": 29711570.0,
        "Basic Average Shares": 29711570.0,
        "Diluted EPS": -1.01,
        "Basic EPS": -1.01,
        "Diluted NI Availto Com Stockholders": -29978000.0,
        "Net Income Common Stockholders": -29978000.0,
        "Net Income": -29978000.0,
        "Net Income Including Noncontrolling Interests": -29978000.0,
        "Net Income Continuous Operations": -29978000.0,
        "Tax Provision": -420000.0,
        "Pretax Income": -30398000.0,
        "Other Income Expense": 38000.0,
        "Gain On Sale Of Security": 38000.0,
        "Net Non Operating Interest Income Expense": 1813000.0,
        "Interest Expense Non Operating": 826000.0,
        "Interest Income Non Operating": 2639000.0,
        "Operating Income": -32249000.0,
        "Operating Expense": 35434000.0,
        "Research And Development": 24719000.0,
        "Selling General And Administration": 10715000.0,
        "General And Administrative Expense": 10715000.0,
        "Other Gand A": 4136000.0,
        "Salaries And Wages": 6579000.0,
        "Total Revenue": 3185000.0,
        "Operating Revenue": 3185000.0
    },
    "2022-09-30": {
        "Tax Effect Of Unusual Items": 1665.209026,
        "Tax Rate For Calcs": 0.008326,
        "Normalized EBITDA": -26704000.0,
        "Total Unusual Items": 200000.0,
        "Total Unusual Items Excluding Goodwill": 200000.0,
        "Net Income From Continuing Operation Net Minority Interest": -28347000.0,
        "Reconciled Depreciation": 1264000.0,
        "EBITDA": -26504000.0,
        "EBIT": -27768000.0,
        "Net Interest Income": 1174000.0,
        "Interest Expense": 817000.0,
        "Interest Income": 1991000.0,
        "Normalized Income": -28545334.790974,
        "Net Income From Continuing And Discontinued Operation": -28347000.0,
        "Total Expenses": 32999000.0,
        "Total Operating Income As Reported": -29759000.0,
        "Diluted Average Shares": 29676021.0,
        "Basic Average Shares": 29676021.0,
        "Diluted EPS": -0.96,
        "Basic EPS": -0.96,
        "Diluted NI Availto Com Stockholders": -28347000.0,
        "Net Income Common Stockholders": -28347000.0,
        "Net Income": -28347000.0,
        "Net Income Including Noncontrolling Interests": -28347000.0,
        "Net Income Continuous Operations": -28347000.0,
        "Tax Provision": -238000.0,
        "Pretax Income": -28585000.0,
        "Other Income Expense": 200000.0,
        "Gain On Sale Of Security": 200000.0,
        "Net Non Operating Interest Income Expense": 1174000.0,
        "Interest Expense Non Operating": 817000.0,
        "Interest Income Non Operating": 1991000.0,
        "Operating Income": -29959000.0,
        "Operating Expense": 32999000.0,
        "Research And Development": 22752000.0,
        "Selling General And Administration": 10247000.0,
        "General And Administrative Expense": 10247000.0,
        "Other Gand A": 4250000.0,
        "Salaries And Wages": 5997000.0,
        "Total Revenue": 3040000.0,
        "Operating Revenue": 3040000.0
    },
    "2022-06-30": {
        "Tax Effect Of Unusual Items": 0.0,
        "Tax Rate For Calcs": 0.016389,
        "Normalized EBITDA": -26392000.0,
        "Total Unusual Items": -680000.0,
        "Total Unusual Items Excluding Goodwill": -680000.0,
        "Net Income From Continuing Operation Net Minority Interest": -26828000.0,
        "Reconciled Depreciation": 617000.0,
        "EBITDA": -26392000.0,
        "EBIT": -26392000.0,
        "Net Interest Income": 25000.0,
        "Interest Expense": 883000.0,
        "Interest Income": 908000.0,
        "Normalized Income": -26828000.0,
        "Net Income From Continuing And Discontinued Operation": -26828000.0,
        "Total Expenses": 31678000.0,
        "Total Operating Income As Reported": -27300000.0,
        "Diluted Average Shares": 29648564.0,
        "Basic Average Shares": 29648564.0,
        "Diluted EPS": -0.9,
        "Basic EPS": -0.9,
        "Diluted NI Availto Com Stockholders": -26828000.0,
        "Net Income Common Stockholders": -26828000.0,
        "Net Income": -26828000.0,
        "Net Income Including Noncontrolling Interests": -26828000.0,
        "Net Income Continuous Operations": -26828000.0,
        "Tax Provision": -447000.0,
        "Pretax Income": -27275000.0,
        "Other Income Expense": -680000.0,
        "Gain On Sale Of Security": -680000.0,
        "Net Non Operating Interest Income Expense": 25000.0,
        "Interest Expense Non Operating": 883000.0,
        "Interest Income Non Operating": 908000.0,
        "Operating Income": -27300000.0,
        "Operating Expense": 31678000.0,
        "Research And Development": 19854000.0,
        "Selling General And Administration": 11824000.0,
        "General And Administrative Expense": 11824000.0,
        "Other Gand A": 11824000.0,
        "Salaries And Wages": 6671000.0,
        "Total Revenue": 4378000.0,
        "Operating Revenue": 4378000.0
    },
    "2022-03-31": {
        "Diluted EPS": -0.93,
        "Total Revenue": 4,
        "Gross Profit": 4,
        "Operating Income": -27,
        "EBIT": -27,
        "Net Income": -28
    },
    "2021-12-31": {
        "Diluted EPS": -0.61,
        "Total Revenue": 4,
        "Gross Profit": 4,
        "Operating Income": -18,
        "EBIT": -18,
        "Net Income": -18
    },
    "2021-09-30": {
        "Diluted EPS": -0.59,
        "Total Revenue": 4,
        "Gross Profit": 4,
        "Operating Income": -14,
        "EBIT": -14,
        "Net Income": -15
    },
    "2021-06-30": {
        "Diluted EPS": -0.74,
        "Total Revenue": 2,
        "Gross Profit": 2,
        "Operating Income": -17,
        "EBIT": -17,
        "Net Income": -18
    },
    "2021-03-31": {
        "Diluted EPS": -0.73,
        "Total Revenue": 2,
        "Gross Profit": 2,
        "Operating Income": -16,
        "EBIT": -16,
        "Net Income": -16
    },
    "2020-12-31": {
        "Diluted EPS": -0.84,
        "Total Revenue": 4,
        "Gross Profit": 4,
        "Operating Income": -17,
        "EBIT": -17,
        "Net Income": -17
    },
    "2020-09-30": {
        "Diluted EPS": -0.52,
        "Total Revenue": 4,
        "Gross Profit": 4,
        "Operating Income": -11,
        "EBIT": -10,
        "Net Income": -10
    },
    "2020-06-30": {
        "Diluted EPS": -0.67,
        "Total Revenue": 2,
        "Gross Profit": 2,
        "Operating Income": -13,
        "EBIT": -12,
        "Net Income": -12
    },
    "2020-03-31": {
        "Diluted EPS": -0.63,
        "Total Revenue": 1,
        "Gross Profit": 1,
        "Operating Income": -12,
        "EBIT": -11,
        "Net Income": -11
    },
    "2019-12-31": {
        "Diluted EPS": 6.96,
        "Total Revenue": 5,
        "Gross Profit": 5,
        "Operating Income": -5,
        "EBIT": -4,
        "Net Income": -4
    },
    "2019-09-30": {
        "Diluted EPS": -0.53,
        "Total Revenue": 1,
        "Gross Profit": 1,
        "Operating Income": -10,
        "EBIT": -10,
        "Net Income": -9
    },
    "2019-06-30": {
        "Diluted EPS": -1.4,
        "Total Revenue": 2,
        "Gross Profit": 2,
        "Operating Income": -8,
        "EBIT": -8,
        "Net Income": -10
    },
    "2019-03-31": {
        "Diluted EPS": -7.8,
        "Total Revenue": 6,
        "Gross Profit": 6,
        "Operating Income": -3,
        "EBIT": -3,
        "Net Income": -7
    },
    "2018-12-31": {
        "Diluted EPS": -13.82,
        "Total Revenue": 1,
        "Gross Profit": 1,
        "Operating Income": -8,
        "EBIT": -7,
        "Net Income": -7
    },
    "2018-09-30": {
        "Diluted EPS": -17.73,
        "Total Revenue": 2,
        "Gross Profit": 2,
        "Operating Income": -6,
        "EBIT": -6,
        "Net Income": -8
    },
    "2018-06-30": {
        "Diluted EPS": -11.85,
        "Total Revenue": 2,
        "Gross Profit": 2,
        "Operating Income": -5,
        "EBIT": -5,
        "Net Income": -5
    },
    "2018-03-31": {
        "Diluted EPS": -6.38,
        "Total Revenue": 3,
        "Gross Profit": 3,
        "Operating Income": -3,
        "EBIT": -3,
        "Net Income": -3
    },
    "2017-12-31": {
        "Diluted EPS": 0.0,
        "Total Revenue": NaN,
        "Gross Profit": NaN,
        "Operating Income": NaN,
        "EBIT": NaN,
        "Net Income": NaN
    },
    "2023-06-30": {
        "Tax Effect Of Unusual Items": NaN,
        "Tax Rate For Calcs": NaN,
        "Normalized EBITDA": NaN,
        "Total Unusual Items": NaN,
        "Total Unusual Items Excluding Goodwill": NaN,
        "Net Income From Continuing Operation Net Minority Interest": NaN,
        "Reconciled Depreciation": NaN,
        "EBITDA": NaN,
        "EBIT": NaN,
        "Net Interest Income": NaN,
        "Interest Expense": NaN,
        "Interest Income": NaN,
        "Normalized Income": NaN,
        "Net Income From Continuing And Discontinued Operation": NaN,
        "Total Expenses": NaN,
        "Total Operating Income As Reported": NaN,
        "Diluted Average Shares": 30191693.0,
        "Basic Average Shares": 30191693.0,
        "Diluted EPS": -1.41,
        "Basic EPS": -1.41,
        "Diluted NI Availto Com Stockholders": NaN,
        "Net Income Common Stockholders": NaN,
        "Net Income": NaN,
        "Net Income Including Noncontrolling Interests": NaN,
        "Net Income Continuous Operations": NaN,
        "Tax Provision": NaN,
        "Pretax Income": NaN,
        "Other Income Expense": NaN,
        "Special Income Charges": NaN,
        "Other Special Charges": NaN,
        "Gain On Sale Of Security": NaN,
        "Net Non Operating Interest Income Expense": NaN,
        "Interest Expense Non Operating": NaN,
        "Interest Income Non Operating": NaN,
        "Operating Income": NaN,
        "Operating Expense": NaN,
        "Research And Development": NaN,
        "Selling General And Administration": NaN,
        "General And Administrative Expense": NaN,
        "Other Gand A": NaN,
        "Salaries And Wages": NaN,
        "Total Revenue": NaN,
        "Operating Revenue": NaN
    },
    "2023-09-30": {
        "Tax Effect Of Unusual Items": -135660.0,
        "Tax Rate For Calcs": 0.19,
        "Normalized EBITDA": -44408000.0,
        "Total Unusual Items": -714000.0,
        "Total Unusual Items Excluding Goodwill": -714000.0,
        "Net Income From Continuing Operation Net Minority Interest": -49898000.0,
        "Reconciled Depreciation": 1690000.0,
        "EBITDA": -45122000.0,
        "EBIT": -46812000.0,
        "Net Interest Income": 3171000.0,
        "Interest Expense": 814000.0,
        "Interest Income": 3985000.0,
        "Normalized Income": -49319660.0,
        "Net Income From Continuing And Discontinued Operation": -49898000.0,
        "Total Expenses": 55435000.0,
        "Total Operating Income As Reported": -50797000.0,
        "Diluted Average Shares": 39576467.0,
        "Basic Average Shares": 39576467.0,
        "Diluted EPS": -1.26,
        "Basic EPS": -1.26,
        "Diluted NI Availto Com Stockholders": -49898000.0,
        "Net Income Common Stockholders": -49898000.0,
        "Net Income": -49898000.0,
        "Net Income Including Noncontrolling Interests": -49898000.0,
        "Net Income Continuous Operations": -49898000.0,
        "Tax Provision": 2272000.0,
        "Pretax Income": -47626000.0,
        "Other Income Expense": -714000.0,
        "Special Income Charges": NaN,
        "Other Special Charges": NaN,
        "Gain On Sale Of Security": -714000.0,
        "Net Non Operating Interest Income Expense": 3171000.0,
        "Interest Expense Non Operating": 814000.0,
        "Interest Income Non Operating": 3985000.0,
        "Operating Income": -50083000.0,
        "Operating Expense": 55435000.0,
        "Research And Development": 39868000.0,
        "Selling General And Administration": 15567000.0,
        "General And Administrative Expense": 15567000.0,
        "Other Gand A": 6322000.0,
        "Salaries And Wages": 9245000.0,
        "Total Revenue": 5352000.0,
        "Operating Revenue": 5352000.0
    },
    "2023-12-31": {
        "Tax Effect Of Unusual Items": 34770.0,
        "Tax Rate For Calcs": 0.19,
        "Normalized EBITDA": -46488000.0,
        "Total Unusual Items": 183000.0,
        "Total Unusual Items Excluding Goodwill": 183000.0,
        "Net Income From Continuing Operation Net Minority Interest": -49099000.0,
        "Reconciled Depreciation": 1654000.0,
        "EBITDA": -46305000.0,
        "EBIT": -47959000.0,
        "Net Interest Income": 5456000.0,
        "Interest Expense": 820000.0,
        "Interest Income": 6276000.0,
        "Normalized Income": -49247230.0,
        "Net Income From Continuing And Discontinued Operation": -49099000.0,
        "Total Expenses": 59749000.0,
        "Total Operating Income As Reported": -54235000.0,
        "Diluted Average Shares": 42419326.0,
        "Basic Average Shares": 42419326.0,
        "Diluted EPS": -1.16,
        "Basic EPS": -1.16,
        "Diluted NI Availto Com Stockholders": -49099000.0,
        "Net Income Common Stockholders": -49099000.0,
        "Net Income": -49099000.0,
        "Net Income Including Noncontrolling Interests": -49099000.0,
        "Net Income Continuous Operations": -49099000.0,
        "Tax Provision": 320000.0,
        "Pretax Income": -48779000.0,
        "Other Income Expense": 183000.0,
        "Special Income Charges": NaN,
        "Other Special Charges": NaN,
        "Gain On Sale Of Security": 183000.0,
        "Net Non Operating Interest Income Expense": 5456000.0,
        "Interest Expense Non Operating": 820000.0,
        "Interest Income Non Operating": 6276000.0,
        "Operating Income": -54418000.0,
        "Operating Expense": 59749000.0,
        "Research And Development": 44697000.0,
        "Selling General And Administration": 15052000.0,
        "General And Administrative Expense": 15052000.0,
        "Other Gand A": 5583000.0,
        "Salaries And Wages": 9469000.0,
        "Total Revenue": 5331000.0,
        "Operating Revenue": 5331000.0
    },
    "2024-03-31": {
        "Tax Effect Of Unusual Items": 923.345595,
        "Tax Rate For Calcs": 0.013005,
        "Normalized EBITDA": -24505000.0,
        "Total Unusual Items": 71000.0,
        "Total Unusual Items Excluding Goodwill": 71000.0,
        "Net Income From Continuing Operation Net Minority Interest": -26563000.0,
        "Reconciled Depreciation": 1658000.0,
        "EBITDA": -24434000.0,
        "EBIT": -26092000.0,
        "Net Interest Income": 4803000.0,
        "Interest Expense": 821000.0,
        "Interest Income": 5624000.0,
        "Normalized Income": -26633076.654405,
        "Net Income From Continuing And Discontinued Operation": -26563000.0,
        "Total Expenses": 51317000.0,
        "Total Operating Income As Reported": -31716000.0,
        "Diluted Average Shares": 42560091.0,
        "Basic Average Shares": 42560091.0,
        "Diluted EPS": -0.62,
        "Basic EPS": -0.62,
        "Diluted NI Availto Com Stockholders": -26563000.0,
        "Net Income Common Stockholders": -26563000.0,
        "Net Income": -26563000.0,
        "Net Income Including Noncontrolling Interests": -26563000.0,
        "Net Income Continuous Operations": -26563000.0,
        "Tax Provision": -350000.0,
        "Pretax Income": -26913000.0,
        "Other Income Expense": 71000.0,
        "Special Income Charges": NaN,
        "Other Special Charges": NaN,
        "Gain On Sale Of Security": 71000.0,
        "Net Non Operating Interest Income Expense": 4803000.0,
        "Interest Expense Non Operating": 821000.0,
        "Interest Income Non Operating": 5624000.0,
        "Operating Income": -31787000.0,
        "Operating Expense": 51317000.0,
        "Research And Development": 34864000.0,
        "Selling General And Administration": 16453000.0,
        "General And Administrative Expense": 16453000.0,
        "Other Gand A": 5986000.0,
        "Salaries And Wages": 10467000.0,
        "Total Revenue": 19530000.0,
        "Operating Revenue": 19530000.0
    },
    "2024-06-30": {
        "Tax Effect Of Unusual Items": 25250.0,
        "Tax Rate For Calcs": 0.25,
        "Normalized EBITDA": -37334000.0,
        "Total Unusual Items": 101000.0,
        "Total Unusual Items Excluding Goodwill": 101000.0,
        "Net Income From Continuing Operation Net Minority Interest": -39812000.0,
        "Reconciled Depreciation": 1640000.0,
        "EBITDA": -37233000.0,
        "EBIT": -38873000.0,
        "Net Interest Income": 6950000.0,
        "Interest Expense": 824000.0,
        "Interest Income": 7774000.0,
        "Normalized Income": -39887750.0,
        "Net Income From Continuing And Discontinued Operation": -39812000.0,
        "Total Expenses": 56109000.0,
        "Total Operating Income As Reported": -46647000.0,
        "Diluted Average Shares": 51992034.0,
        "Basic Average Shares": 51992034.0,
        "Diluted EPS": -0.77,
        "Basic EPS": -0.77,
        "Diluted NI Availto Com Stockholders": -39812000.0,
        "Net Income Common Stockholders": -39812000.0,
        "Net Income": -39812000.0,
        "Net Income Including Noncontrolling Interests": -39812000.0,
        "Net Income Continuous Operations": -39812000.0,
        "Tax Provision": 115000.0,
        "Pretax Income": -39697000.0,
        "Other Income Expense": 101000.0,
        "Special Income Charges": NaN,
        "Other Special Charges": NaN,
        "Gain On Sale Of Security": 101000.0,
        "Net Non Operating Interest Income Expense": 6950000.0,
        "Interest Expense Non Operating": 824000.0,
        "Interest Income Non Operating": 7774000.0,
        "Operating Income": -46748000.0,
        "Operating Expense": 56109000.0,
        "Research And Development": 40059000.0,
        "Selling General And Administration": 16050000.0,
        "General And Administrative Expense": 16050000.0,
        "Other Gand A": 5860000.0,
        "Salaries And Wages": 10190000.0,
        "Total Revenue": 9361000.0,
        "Operating Revenue": 9361000.0
    },
    "2024-09-30": {
        "Tax Effect Of Unusual Items": -80908.829493,
        "Tax Rate For Calcs": 0.063558,
        "Normalized EBITDA": -50772000.0,
        "Total Unusual Items": -1273000.0,
        "Total Unusual Items Excluding Goodwill": -1273000.0,
        "Net Income From Continuing Operation Net Minority Interest": -50802000.0,
        "Reconciled Depreciation": 2172000.0,
        "EBITDA": -52045000.0,
        "EBIT": -54217000.0,
        "Net Interest Income": 10550000.0,
        "Interest Expense": 33000.0,
        "Interest Income": 10583000.0,
        "Normalized Income": -49609908.829493,
        "Net Income From Continuing And Discontinued Operation": -50802000.0,
        "Total Expenses": 66203000.0,
        "Total Operating Income As Reported": -63846000.0,
        "Diluted Average Shares": NaN,
        "Basic Average Shares": NaN,
        "Diluted EPS": NaN,
        "Basic EPS": NaN,
        "Diluted NI Availto Com Stockholders": -50802000.0,
        "Net Income Common Stockholders": -50802000.0,
        "Net Income": -50802000.0,
        "Net Income Including Noncontrolling Interests": -50802000.0,
        "Net Income Continuous Operations": -50802000.0,
        "Tax Provision": -3448000.0,
        "Pretax Income": -54250000.0,
        "Other Income Expense": -1273000.0,
        "Special Income Charges": -954000.0,
        "Other Special Charges": 954000.0,
        "Gain On Sale Of Security": -319000.0,
        "Net Non Operating Interest Income Expense": 10550000.0,
        "Interest Expense Non Operating": 33000.0,
        "Interest Income Non Operating": 10583000.0,
        "Operating Income": -63527000.0,
        "Operating Expense": 66203000.0,
        "Research And Development": 48265000.0,
        "Selling General And Administration": 17938000.0,
        "General And Administrative Expense": 17938000.0,
        "Other Gand A": 7343000.0,
        "Salaries And Wages": 10595000.0,
        "Total Revenue": 2676000.0,
        "Operating Revenue": 2676000.0
    }
}