{
    "2023-12-31": {
        "Tax Effect Of Unusual Items": -210.0,
        "Tax Rate For Calcs": 0.21,
        "Normalized EBITDA": 2502000.0,
        "Total Unusual Items": -1000.0,
        "Total Unusual Items Excluding Goodwill": -1000.0,
        "Net Income From Continuing Operation Net Minority Interest": 109000.0,
        "Reconciled Depreciation": 1663000.0,
        "Reconciled Cost Of Revenue": 36260000.0,
        "EBITDA": 2501000.0,
        "EBIT": 838000.0,
        "Net Interest Income": -216000.0,
        "Interest Expense": 262000.0,
        "Interest Income": 46000.0,
        "Normalized Income": 109790.0,
        "Net Income From Continuing And Discontinued Operation": 109000.0,
        "Total Expenses": 44347000.0,
        "Rent Expense Supplemental": 2164000.0,
        "Total Operating Income As Reported": 793000.0,
        "Diluted Average Shares": 1858647.0,
        "Basic Average Shares": 1858647.0,
        "Diluted EPS": 0.06,
        "Basic EPS": 0.06,
        "Diluted NI Availto Com Stockholders": 109000.0,
        "Net Income Common Stockholders": 109000.0,
        "Net Income": 109000.0,
        "Minority Interests": -485000.0,
        "Net Income Including Noncontrolling Interests": 594000.0,
        "Net Income Continuous Operations": 594000.0,
        "Tax Provision": -18000.0,
        "Pretax Income": 576000.0,
        "Other Income Expense": -1000.0,
        "Other Non Operating Income Expenses": 253000.0,
        "Special Income Charges": -1000.0,
        "Gain On Sale Of Ppe": -1000.0,
        "Net Non Operating Interest Income Expense": -216000.0,
        "Interest Expense Non Operating": 262000.0,
        "Interest Income Non Operating": 46000.0,
        "Operating Income": 793000.0,
        "Operating Expense": 8087000.0,
        "Other Operating Expenses": -49000.0,
        "Depreciation Amortization Depletion Income Statement": NaN,
        "Depreciation And Amortization In Income Statement": NaN,
        "Selling General And Administration": 8087000.0,
        "General And Administrative Expense": 10251000.0,
        "Other Gand A": 8087000.0,
        "Rent And Landing Fees": 2164000.0,
        "Gross Profit": 8880000.0,
        "Cost Of Revenue": 36260000.0,
        "Total Revenue": 45140000.0,
        "Operating Revenue": 44838000.0
    },
    "2023-09-30": {
        "Tax Effect Of Unusual Items": 0.0,
        "Tax Rate For Calcs": 0.21,
        "Normalized EBITDA": 2063000.0,
        "Total Unusual Items": 0.0,
        "Total Unusual Items Excluding Goodwill": 0.0,
        "Net Income From Continuing Operation Net Minority Interest": -127000.0,
        "Reconciled Depreciation": 1599000.0,
        "Reconciled Cost Of Revenue": 33978000.0,
        "EBITDA": 2063000.0,
        "EBIT": 464000.0,
        "Net Interest Income": -218000.0,
        "Interest Expense": 266000.0,
        "Interest Income": 48000.0,
        "Normalized Income": -127000.0,
        "Net Income From Continuing And Discontinued Operation": -127000.0,
        "Total Expenses": 42944000.0,
        "Rent Expense Supplemental": 1926000.0,
        "Total Operating Income As Reported": 416000.0,
        "Diluted Average Shares": NaN,
        "Basic Average Shares": NaN,
        "Diluted EPS": NaN,
        "Basic EPS": NaN,
        "Diluted NI Availto Com Stockholders": -127000.0,
        "Net Income Common Stockholders": -127000.0,
        "Net Income": -127000.0,
        "Minority Interests": -80000.0,
        "Net Income Including Noncontrolling Interests": -47000.0,
        "Net Income Continuous Operations": -47000.0,
        "Tax Provision": 245000.0,
        "Pretax Income": 198000.0,
        "Other Income Expense": 268000.0,
        "Other Non Operating Income Expenses": 268000.0,
        "Special Income Charges": 0.0,
        "Gain On Sale Of Ppe": 0.0,
        "Net Non Operating Interest Income Expense": -218000.0,
        "Interest Expense Non Operating": 266000.0,
        "Interest Income Non Operating": 48000.0,
        "Operating Income": 416000.0,
        "Operating Expense": 8966000.0,
        "Other Operating Expenses": -34000.0,
        "Depreciation Amortization Depletion Income Statement": NaN,
        "Depreciation And Amortization In Income Statement": NaN,
        "Selling General And Administration": 8966000.0,
        "General And Administrative Expense": NaN,
        "Other Gand A": NaN,
        "Rent And Landing Fees": NaN,
        "Gross Profit": 9382000.0,
        "Cost Of Revenue": 33978000.0,
        "Total Revenue": 43360000.0,
        "Operating Revenue": 43058000.0
    },
    "2023-06-30": {
        "Tax Effect Of Unusual Items": NaN,
        "Tax Rate For Calcs": NaN,
        "Normalized EBITDA": NaN,
        "Total Unusual Items": 0.0,
        "Total Unusual Items Excluding Goodwill": 0.0,
        "Net Income From Continuing Operation Net Minority Interest": NaN,
        "Reconciled Depreciation": NaN,
        "Reconciled Cost Of Revenue": NaN,
        "EBITDA": NaN,
        "EBIT": NaN,
        "Net Interest Income": NaN,
        "Interest Expense": NaN,
        "Interest Income": NaN,
        "Normalized Income": NaN,
        "Net Income From Continuing And Discontinued Operation": NaN,
        "Total Expenses": NaN,
        "Rent Expense Supplemental": NaN,
        "Total Operating Income As Reported": NaN,
        "Diluted Average Shares": 1858647.0,
        "Basic Average Shares": 1858647.0,
        "Diluted EPS": 0.86,
        "Basic EPS": 0.86,
        "Diluted NI Availto Com Stockholders": NaN,
        "Net Income Common Stockholders": NaN,
        "Net Income": NaN,
        "Minority Interests": NaN,
        "Net Income Including Noncontrolling Interests": NaN,
        "Net Income Continuous Operations": NaN,
        "Tax Provision": NaN,
        "Pretax Income": NaN,
        "Other Income Expense": NaN,
        "Other Non Operating Income Expenses": 252000.0,
        "Special Income Charges": 0.0,
        "Gain On Sale Of Ppe": 0.0,
        "Net Non Operating Interest Income Expense": NaN,
        "Interest Expense Non Operating": NaN,
        "Interest Income Non Operating": NaN,
        "Operating Income": NaN,
        "Operating Expense": NaN,
        "Other Operating Expenses": NaN,
        "Depreciation Amortization Depletion Income Statement": 928000.0,
        "Depreciation And Amortization In Income Statement": 928000.0,
        "Selling General And Administration": NaN,
        "General And Administrative Expense": 2905000.0,
        "Other Gand A": 991000.0,
        "Rent And Landing Fees": 1914000.0,
        "Gross Profit": NaN,
        "Cost Of Revenue": NaN,
        "Total Revenue": NaN,
        "Operating Revenue": NaN
    },
    "2023-03-31": {
        "Tax Effect Of Unusual Items": NaN,
        "Tax Rate For Calcs": NaN,
        "Normalized EBITDA": NaN,
        "Total Unusual Items": 0.0,
        "Total Unusual Items Excluding Goodwill": 0.0,
        "Net Income From Continuing Operation Net Minority Interest": NaN,
        "Reconciled Depreciation": NaN,
        "Reconciled Cost Of Revenue": NaN,
        "EBITDA": NaN,
        "EBIT": NaN,
        "Net Interest Income": NaN,
        "Interest Expense": NaN,
        "Interest Income": NaN,
        "Normalized Income": NaN,
        "Net Income From Continuing And Discontinued Operation": NaN,
        "Total Expenses": NaN,
        "Rent Expense Supplemental": NaN,
        "Total Operating Income As Reported": NaN,
        "Diluted Average Shares": 1858647.0,
        "Basic Average Shares": 1858647.0,
        "Diluted EPS": 1.02,
        "Basic EPS": 1.02,
        "Diluted NI Availto Com Stockholders": NaN,
        "Net Income Common Stockholders": NaN,
        "Net Income": NaN,
        "Minority Interests": NaN,
        "Net Income Including Noncontrolling Interests": NaN,
        "Net Income Continuous Operations": NaN,
        "Tax Provision": NaN,
        "Pretax Income": NaN,
        "Other Income Expense": NaN,
        "Other Non Operating Income Expenses": NaN,
        "Special Income Charges": 0.0,
        "Gain On Sale Of Ppe": 0.0,
        "Net Non Operating Interest Income Expense": NaN,
        "Interest Expense Non Operating": NaN,
        "Interest Income Non Operating": NaN,
        "Operating Income": NaN,
        "Operating Expense": NaN,
        "Other Operating Expenses": NaN,
        "Depreciation Amortization Depletion Income Statement": NaN,
        "Depreciation And Amortization In Income Statement": NaN,
        "Selling General And Administration": NaN,
        "General And Administrative Expense": NaN,
        "Other Gand A": NaN,
        "Rent And Landing Fees": NaN,
        "Gross Profit": NaN,
        "Cost Of Revenue": NaN,
        "Total Revenue": NaN,
        "Operating Revenue": NaN
    },
    "2024-03-31": {
        "Tax Effect Of Unusual Items": 0.0,
        "Tax Rate For Calcs": 0.21,
        "Normalized EBITDA": 6043000.0,
        "Total Unusual Items": NaN,
        "Total Unusual Items Excluding Goodwill": NaN,
        "Net Income From Continuing Operation Net Minority Interest": 1942000.0,
        "Reconciled Depreciation": 3319000.0,
        "Reconciled Cost Of Revenue": 36604000.0,
        "EBITDA": 6043000.0,
        "EBIT": 2724000.0,
        "Net Interest Income": -216000.0,
        "Interest Expense": 255000.0,
        "Interest Income": 39000.0,
        "Normalized Income": 1942000.0,
        "Net Income From Continuing And Discontinued Operation": 1942000.0,
        "Total Expenses": 45384000.0,
        "Rent Expense Supplemental": 1930000.0,
        "Total Operating Income As Reported": 2685000.0,
        "Diluted Average Shares": 1858647.0,
        "Basic Average Shares": 1858647.0,
        "Diluted EPS": 1.04,
        "Basic EPS": 1.04,
        "Diluted NI Availto Com Stockholders": 1942000.0,
        "Net Income Common Stockholders": 1942000.0,
        "Net Income": 1942000.0,
        "Minority Interests": -582000.0,
        "Net Income Including Noncontrolling Interests": 2524000.0,
        "Net Income Continuous Operations": 2524000.0,
        "Tax Provision": -55000.0,
        "Pretax Income": 2469000.0,
        "Other Income Expense": 313000.0,
        "Other Non Operating Income Expenses": 313000.0,
        "Special Income Charges": NaN,
        "Gain On Sale Of Ppe": NaN,
        "Net Non Operating Interest Income Expense": -216000.0,
        "Interest Expense Non Operating": 255000.0,
        "Interest Income Non Operating": 39000.0,
        "Operating Income": 2685000.0,
        "Operating Expense": 8780000.0,
        "Other Operating Expenses": -75000.0,
        "Depreciation Amortization Depletion Income Statement": NaN,
        "Depreciation And Amortization In Income Statement": NaN,
        "Selling General And Administration": 8780000.0,
        "General And Administrative Expense": NaN,
        "Other Gand A": NaN,
        "Rent And Landing Fees": NaN,
        "Gross Profit": 11465000.0,
        "Cost Of Revenue": 36604000.0,
        "Total Revenue": 48069000.0,
        "Operating Revenue": 47681000.0
    },
    "2022-12-31": {
        "Tax Effect Of Unusual Items": NaN,
        "Tax Rate For Calcs": NaN,
        "Normalized EBITDA": NaN,
        "Total Unusual Items": NaN,
        "Total Unusual Items Excluding Goodwill": NaN,
        "Net Income From Continuing Operation Net Minority Interest": NaN,
        "Reconciled Depreciation": NaN,
        "Reconciled Cost Of Revenue": NaN,
        "EBITDA": NaN,
        "EBIT": NaN,
        "Net Interest Income": NaN,
        "Interest Expense": NaN,
        "Interest Income": NaN,
        "Normalized Income": NaN,
        "Net Income From Continuing And Discontinued Operation": NaN,
        "Total Expenses": NaN,
        "Rent Expense Supplemental": NaN,
        "Total Operating Income As Reported": NaN,
        "Diluted Average Shares": NaN,
        "Basic Average Shares": NaN,
        "Diluted EPS": NaN,
        "Basic EPS": NaN,
        "Diluted NI Availto Com Stockholders": NaN,
        "Net Income Common Stockholders": NaN,
        "Net Income": NaN,
        "Minority Interests": NaN,
        "Net Income Including Noncontrolling Interests": NaN,
        "Net Income Continuous Operations": NaN,
        "Tax Provision": NaN,
        "Pretax Income": NaN,
        "Other Income Expense": NaN,
        "Other Non Operating Income Expenses": NaN,
        "Special Income Charges": NaN,
        "Gain On Sale Of Ppe": NaN,
        "Net Non Operating Interest Income Expense": NaN,
        "Interest Expense Non Operating": NaN,
        "Interest Income Non Operating": NaN,
        "Operating Income": NaN,
        "Operating Expense": NaN,
        "Other Operating Expenses": NaN,
        "Depreciation Amortization Depletion Income Statement": NaN,
        "Depreciation And Amortization In Income Statement": NaN,
        "Selling General And Administration": NaN,
        "General And Administrative Expense": 9238000.0,
        "Other Gand A": 7390000.0,
        "Rent And Landing Fees": 1848000.0,
        "Gross Profit": NaN,
        "Cost Of Revenue": NaN,
        "Total Revenue": NaN,
        "Operating Revenue": NaN
    },
    "2022-09-30": {
        "Tax Effect Of Unusual Items": NaN,
        "Tax Rate For Calcs": NaN,
        "Normalized EBITDA": NaN,
        "Total Unusual Items": NaN,
        "Total Unusual Items Excluding Goodwill": NaN,
        "Net Income From Continuing Operation Net Minority Interest": NaN,
        "Reconciled Depreciation": NaN,
        "Reconciled Cost Of Revenue": NaN,
        "EBITDA": NaN,
        "EBIT": NaN,
        "Net Interest Income": NaN,
        "Interest Expense": NaN,
        "Interest Income": NaN,
        "Normalized Income": NaN,
        "Net Income From Continuing And Discontinued Operation": NaN,
        "Total Expenses": NaN,
        "Rent Expense Supplemental": NaN,
        "Total Operating Income As Reported": NaN,
        "Diluted Average Shares": NaN,
        "Basic Average Shares": NaN,
        "Diluted EPS": NaN,
        "Basic EPS": NaN,
        "Diluted NI Availto Com Stockholders": NaN,
        "Net Income Common Stockholders": NaN,
        "Net Income": NaN,
        "Minority Interests": NaN,
        "Net Income Including Noncontrolling Interests": NaN,
        "Net Income Continuous Operations": NaN,
        "Tax Provision": NaN,
        "Pretax Income": NaN,
        "Other Income Expense": NaN,
        "Other Non Operating Income Expenses": NaN,
        "Special Income Charges": NaN,
        "Gain On Sale Of Ppe": NaN,
        "Other Special Charges": 0.0,
        "Net Non Operating Interest Income Expense": NaN,
        "Interest Expense Non Operating": NaN,
        "Interest Income Non Operating": NaN,
        "Operating Income": NaN,
        "Operating Expense": NaN,
        "Other Operating Expenses": NaN,
        "Selling General And Administration": NaN,
        "General And Administrative Expense": NaN,
        "Other Gand A": NaN,
        "Rent And Landing Fees": NaN,
        "Gross Profit": NaN,
        "Cost Of Revenue": NaN,
        "Total Revenue": NaN,
        "Operating Revenue": NaN
    },
    "2024-06-30": {
        "Tax Effect Of Unusual Items": 270.633397,
        "Tax Rate For Calcs": 0.135317,
        "Normalized EBITDA": 7381000.0,
        "Total Unusual Items": 2000.0,
        "Total Unusual Items Excluding Goodwill": 2000.0,
        "Net Income From Continuing Operation Net Minority Interest": 1121000.0,
        "Reconciled Depreciation": 5048000.0,
        "Reconciled Cost Of Revenue": 32187000.0,
        "EBITDA": 7383000.0,
        "EBIT": 2335000.0,
        "Net Interest Income": -205000.0,
        "Interest Expense": 251000.0,
        "Interest Income": 46000.0,
        "Normalized Income": 1119270.633397,
        "Net Income From Continuing And Discontinued Operation": 1121000.0,
        "Total Expenses": 46815000.0,
        "Rent Expense Supplemental": 2024000.0,
        "Total Operating Income As Reported": 2287000.0,
        "Diluted Average Shares": 1858647.0,
        "Basic Average Shares": 1858647.0,
        "Diluted EPS": 0.6,
        "Basic EPS": 0.6,
        "Diluted NI Availto Com Stockholders": 1121000.0,
        "Net Income Common Stockholders": 1121000.0,
        "Net Income": 1121000.0,
        "Minority Interests": -681000.0,
        "Net Income Including Noncontrolling Interests": 1802000.0,
        "Net Income Continuous Operations": 1802000.0,
        "Tax Provision": 282000.0,
        "Pretax Income": 2084000.0,
        "Other Income Expense": 2000.0,
        "Other Non Operating Income Expenses": 278000.0,
        "Special Income Charges": 2000.0,
        "Gain On Sale Of Ppe": 2000.0,
        "Net Non Operating Interest Income Expense": -205000.0,
        "Interest Expense Non Operating": 251000.0,
        "Interest Income Non Operating": 46000.0,
        "Operating Income": 2287000.0,
        "Operating Expense": 10707000.0,
        "Other Operating Expenses": 6268000.0,
        "Depreciation Amortization Depletion Income Statement": 1127000.0,
        "Depreciation And Amortization In Income Statement": 1127000.0,
        "Selling General And Administration": 3312000.0,
        "General And Administrative Expense": 3312000.0,
        "Other Gand A": 1288000.0,
        "Rent And Landing Fees": 2024000.0,
        "Gross Profit": 12994000.0,
        "Cost Of Revenue": 36108000.0,
        "Total Revenue": 49102000.0,
        "Operating Revenue": 48768000.0
    },
    "2024-09-30": {
        "Tax Effect Of Unusual Items": 0.0,
        "Tax Rate For Calcs": 0.16849,
        "Normalized EBITDA": 1857000.0,
        "Total Unusual Items": 0.0,
        "Total Unusual Items Excluding Goodwill": 0.0,
        "Net Income From Continuing Operation Net Minority Interest": 184000.0,
        "Reconciled Depreciation": -3187000.0,
        "Reconciled Cost Of Revenue": 46883000.0,
        "EBITDA": 1857000.0,
        "EBIT": 708000.0,
        "Net Interest Income": -175000.0,
        "Interest Expense": 251000.0,
        "Interest Income": 76000.0,
        "Normalized Income": 184000.0,
        "Net Income From Continuing And Discontinued Operation": 184000.0,
        "Total Expenses": 45378000.0,
        "Rent Expense Supplemental": 1968000.0,
        "Total Operating Income As Reported": 632000.0,
        "Diluted Average Shares": NaN,
        "Basic Average Shares": NaN,
        "Diluted EPS": NaN,
        "Basic EPS": NaN,
        "Diluted NI Availto Com Stockholders": 184000.0,
        "Net Income Common Stockholders": 184000.0,
        "Net Income": 184000.0,
        "Minority Interests": -196000.0,
        "Net Income Including Noncontrolling Interests": 380000.0,
        "Net Income Continuous Operations": 380000.0,
        "Tax Provision": 77000.0,
        "Pretax Income": 457000.0,
        "Other Income Expense": 0.0,
        "Other Non Operating Income Expenses": NaN,
        "Special Income Charges": 0.0,
        "Gain On Sale Of Ppe": 0.0,
        "Net Non Operating Interest Income Expense": -175000.0,
        "Interest Expense Non Operating": 251000.0,
        "Interest Income Non Operating": 76000.0,
        "Operating Income": 632000.0,
        "Operating Expense": 2831000.0,
        "Other Operating Expenses": 6327000.0,
        "Depreciation Amortization Depletion Income Statement": 1149000.0,
        "Depreciation And Amortization In Income Statement": 1149000.0,
        "Selling General And Administration": -4645000.0,
        "General And Administrative Expense": -4645000.0,
        "Other Gand A": 1473000.0,
        "Rent And Landing Fees": NaN,
        "Gross Profit": 3463000.0,
        "Cost Of Revenue": 42547000.0,
        "Total Revenue": 46010000.0,
        "Operating Revenue": 45708000.0
    }
}