{
    "2023-03-31": {
        "Tax Effect Of Unusual Items": NaN,
        "Tax Rate For Calcs": NaN,
        "Normalized EBITDA": NaN,
        "Total Unusual Items": NaN,
        "Total Unusual Items Excluding Goodwill": NaN,
        "Net Income From Continuing Operation Net Minority Interest": NaN,
        "Reconciled Depreciation": NaN,
        "Reconciled Cost Of Revenue": NaN,
        "EBITDA": NaN,
        "EBIT": NaN,
        "Net Interest Income": NaN,
        "Interest Expense": NaN,
        "Normalized Income": NaN,
        "Net Income From Continuing And Discontinued Operation": NaN,
        "Total Expenses": NaN,
        "Total Operating Income As Reported": NaN,
        "Diluted Average Shares": NaN,
        "Basic Average Shares": NaN,
        "Diluted EPS": NaN,
        "Basic EPS": NaN,
        "Diluted NI Availto Com Stockholders": NaN,
        "Net Income Common Stockholders": NaN,
        "Net Income": NaN,
        "Net Income Including Noncontrolling Interests": NaN,
        "Net Income Continuous Operations": NaN,
        "Pretax Income": NaN,
        "Other Income Expense": NaN,
        "Other Non Operating Income Expenses": NaN,
        "Special Income Charges": NaN,
        "Other Special Charges": NaN,
        "Impairment Of Capital Assets": NaN,
        "Gain On Sale Of Security": 61000.0,
        "Net Non Operating Interest Income Expense": NaN,
        "Interest Expense Non Operating": NaN,
        "Operating Income": NaN,
        "Operating Expense": NaN,
        "Research And Development": NaN,
        "Selling General And Administration": NaN,
        "Selling And Marketing Expense": 18989000.0,
        "Gross Profit": NaN,
        "Cost Of Revenue": NaN,
        "Total Revenue": NaN,
        "Operating Revenue": NaN
    },
    "2022-12-31": {
        "Tax Effect Of Unusual Items": NaN,
        "Tax Rate For Calcs": NaN,
        "Normalized EBITDA": NaN,
        "Total Unusual Items": NaN,
        "Total Unusual Items Excluding Goodwill": NaN,
        "Net Income From Continuing Operation Net Minority Interest": NaN,
        "Reconciled Depreciation": NaN,
        "Reconciled Cost Of Revenue": NaN,
        "EBITDA": NaN,
        "EBIT": NaN,
        "Net Interest Income": NaN,
        "Interest Expense": NaN,
        "Normalized Income": NaN,
        "Net Income From Continuing And Discontinued Operation": NaN,
        "Total Expenses": NaN,
        "Total Operating Income As Reported": NaN,
        "Diluted Average Shares": NaN,
        "Basic Average Shares": NaN,
        "Diluted EPS": NaN,
        "Basic EPS": NaN,
        "Diluted NI Availto Com Stockholders": NaN,
        "Net Income Common Stockholders": NaN,
        "Net Income": NaN,
        "Net Income Including Noncontrolling Interests": NaN,
        "Net Income Continuous Operations": NaN,
        "Pretax Income": NaN,
        "Other Income Expense": NaN,
        "Other Non Operating Income Expenses": NaN,
        "Special Income Charges": NaN,
        "Other Special Charges": 3977000.0,
        "Impairment Of Capital Assets": NaN,
        "Restructuring And Mergern Acquisition": 0.0,
        "Gain On Sale Of Security": NaN,
        "Net Non Operating Interest Income Expense": NaN,
        "Interest Expense Non Operating": NaN,
        "Operating Income": NaN,
        "Operating Expense": NaN,
        "Research And Development": NaN,
        "Selling General And Administration": NaN,
        "Selling And Marketing Expense": 16626000.0,
        "Gross Profit": NaN,
        "Cost Of Revenue": NaN,
        "Total Revenue": NaN,
        "Operating Revenue": NaN
    },
    "2022-09-30": {
        "Tax Effect Of Unusual Items": NaN,
        "Tax Rate For Calcs": NaN,
        "Normalized EBITDA": NaN,
        "Total Unusual Items": NaN,
        "Total Unusual Items Excluding Goodwill": NaN,
        "Net Income From Continuing Operation Net Minority Interest": NaN,
        "Reconciled Depreciation": NaN,
        "Reconciled Cost Of Revenue": NaN,
        "EBITDA": NaN,
        "EBIT": NaN,
        "Net Interest Income": NaN,
        "Interest Expense": NaN,
        "Normalized Income": NaN,
        "Net Income From Continuing And Discontinued Operation": NaN,
        "Total Expenses": NaN,
        "Total Operating Income As Reported": NaN,
        "Diluted Average Shares": NaN,
        "Basic Average Shares": NaN,
        "Diluted EPS": NaN,
        "Basic EPS": NaN,
        "Diluted NI Availto Com Stockholders": NaN,
        "Net Income Common Stockholders": NaN,
        "Net Income": NaN,
        "Net Income Including Noncontrolling Interests": NaN,
        "Net Income Continuous Operations": NaN,
        "Pretax Income": NaN,
        "Other Income Expense": NaN,
        "Other Non Operating Income Expenses": NaN,
        "Special Income Charges": NaN,
        "Other Special Charges": 52000.0,
        "Impairment Of Capital Assets": NaN,
        "Restructuring And Mergern Acquisition": 0.0,
        "Gain On Sale Of Security": NaN,
        "Net Non Operating Interest Income Expense": NaN,
        "Interest Expense Non Operating": NaN,
        "Operating Income": NaN,
        "Operating Expense": NaN,
        "Research And Development": NaN,
        "Selling General And Administration": NaN,
        "Selling And Marketing Expense": 15114000.0,
        "Gross Profit": NaN,
        "Cost Of Revenue": NaN,
        "Total Revenue": NaN,
        "Operating Revenue": NaN
    },
    "2022-06-30": {
        "Tax Effect Of Unusual Items": 0.0,
        "Tax Rate For Calcs": 0.0,
        "Normalized EBITDA": -10180000.0,
        "Total Unusual Items": -2952000.0,
        "Total Unusual Items Excluding Goodwill": -2952000.0,
        "Net Income From Continuing Operation Net Minority Interest": -15824000.0,
        "Reconciled Depreciation": 1346000.0,
        "Reconciled Cost Of Revenue": 3980000.0,
        "EBITDA": -13132000.0,
        "EBIT": -14478000.0,
        "Net Interest Income": -1346000.0,
        "Interest Expense": 1346000.0,
        "Normalized Income": -12872000.0,
        "Net Income From Continuing And Discontinued Operation": -15824000.0,
        "Total Expenses": 22576000.0,
        "Total Operating Income As Reported": -11626000.0,
        "Diluted Average Shares": 39239000.0,
        "Basic Average Shares": 39239000.0,
        "Diluted EPS": -0.4,
        "Basic EPS": -0.4,
        "Diluted NI Availto Com Stockholders": -15824000.0,
        "Net Income Common Stockholders": -15824000.0,
        "Net Income": -15824000.0,
        "Net Income Including Noncontrolling Interests": -15824000.0,
        "Net Income Continuous Operations": -15824000.0,
        "Pretax Income": -15824000.0,
        "Other Income Expense": -2852000.0,
        "Other Non Operating Income Expenses": 100000.0,
        "Special Income Charges": -2952000.0,
        "Other Special Charges": 2952000.0,
        "Impairment Of Capital Assets": 0.0,
        "Restructuring And Mergern Acquisition": 0.0,
        "Gain On Sale Of Security": NaN,
        "Net Non Operating Interest Income Expense": -1346000.0,
        "Interest Expense Non Operating": 1346000.0,
        "Operating Income": -11626000.0,
        "Operating Expense": 18596000.0,
        "Research And Development": 3361000.0,
        "Selling General And Administration": 15235000.0,
        "Selling And Marketing Expense": 15235000.0,
        "Gross Profit": 6970000.0,
        "Cost Of Revenue": 3980000.0,
        "Total Revenue": 10950000.0,
        "Operating Revenue": 10950000.0
    },
    "2022-03-31": {
        "Diluted EPS": -0.5,
        "Total Revenue": 7,
        "Gross Profit": 3,
        "Operating Income": -14,
        "EBIT": -12,
        "Net Income": -16
    },
    "2021-12-31": {
        "Diluted EPS": -0.5,
        "Total Revenue": 7,
        "Gross Profit": 5,
        "Operating Income": -12,
        "EBIT": -10,
        "Net Income": -13
    },
    "2021-09-30": {
        "Diluted EPS": -0.41,
        "Total Revenue": 7,
        "Gross Profit": 4,
        "Operating Income": -13,
        "EBIT": -11,
        "Net Income": -12
    },
    "2021-06-30": {
        "Diluted EPS": -0.41,
        "Total Revenue": 12,
        "Gross Profit": 5,
        "Operating Income": -11,
        "EBIT": -9,
        "Net Income": -11
    },
    "2021-03-31": {
        "Diluted EPS": -0.26,
        "Total Revenue": 29,
        "Gross Profit": 11,
        "Operating Income": -6,
        "EBIT": -5,
        "Net Income": -7
    },
    "2020-12-31": {
        "Diluted EPS": 92.69,
        "Total Revenue": 27,
        "Gross Profit": 12,
        "Operating Income": -3,
        "EBIT": -2,
        "Net Income": -5
    },
    "2020-09-30": {
        "Diluted EPS": -31.93,
        "Total Revenue": 9,
        "Gross Profit": 5,
        "Operating Income": -6,
        "EBIT": -3,
        "Net Income": -9
    },
    "2020-06-30": {
        "Diluted EPS": -30.06,
        "Total Revenue": 4,
        "Gross Profit": 2,
        "Operating Income": -6,
        "EBIT": -2,
        "Net Income": -8
    },
    "2020-03-31": {
        "Diluted EPS": -37.18,
        "Total Revenue": 5,
        "Gross Profit": 4,
        "Operating Income": -8,
        "EBIT": -7,
        "Net Income": -10
    },
    "2019-12-31": {
        "Diluted EPS": 0.0,
        "Total Revenue": NaN,
        "Gross Profit": NaN,
        "Operating Income": NaN,
        "EBIT": NaN,
        "Net Income": NaN
    },
    "2019-09-30": {
        "Diluted EPS": -39.35,
        "Total Revenue": 4,
        "Gross Profit": 2,
        "Operating Income": -9,
        "EBIT": -9,
        "Net Income": -10
    },
    "2023-06-30": {
        "Tax Effect Of Unusual Items": 0.0,
        "Tax Rate For Calcs": 0.0,
        "Normalized EBITDA": -9508000.0,
        "Total Unusual Items": 0.0,
        "Total Unusual Items Excluding Goodwill": 0.0,
        "Net Income From Continuing Operation Net Minority Interest": -13356000.0,
        "Reconciled Depreciation": 1418000.0,
        "Reconciled Cost Of Revenue": 3238000.0,
        "EBITDA": -9508000.0,
        "EBIT": -10926000.0,
        "Net Interest Income": -2430000.0,
        "Interest Expense": 2430000.0,
        "Normalized Income": -13356000.0,
        "Net Income From Continuing And Discontinued Operation": -13356000.0,
        "Total Expenses": 22799000.0,
        "Total Operating Income As Reported": -10927000.0,
        "Diluted Average Shares": 78506000.0,
        "Basic Average Shares": 78506000.0,
        "Diluted EPS": -0.17,
        "Basic EPS": -0.17,
        "Diluted NI Availto Com Stockholders": -13356000.0,
        "Net Income Common Stockholders": -13356000.0,
        "Net Income": -13356000.0,
        "Net Income Including Noncontrolling Interests": -13356000.0,
        "Net Income Continuous Operations": -13356000.0,
        "Pretax Income": -13356000.0,
        "Other Income Expense": 1000.0,
        "Other Non Operating Income Expenses": 1000.0,
        "Special Income Charges": 0.0,
        "Other Special Charges": NaN,
        "Impairment Of Capital Assets": 0.0,
        "Gain On Sale Of Security": NaN,
        "Net Non Operating Interest Income Expense": -2430000.0,
        "Interest Expense Non Operating": 2430000.0,
        "Operating Income": -10927000.0,
        "Operating Expense": 19561000.0,
        "Research And Development": 2910000.0,
        "Selling General And Administration": 16651000.0,
        "Selling And Marketing Expense": NaN,
        "Gross Profit": 8634000.0,
        "Cost Of Revenue": 3238000.0,
        "Total Revenue": 11872000.0,
        "Operating Revenue": 11872000.0
    },
    "2023-09-30": {
        "Tax Effect Of Unusual Items": 0.0,
        "Tax Rate For Calcs": 0.0,
        "Normalized EBITDA": -5931000.0,
        "Total Unusual Items": -1393000.0,
        "Total Unusual Items Excluding Goodwill": -1393000.0,
        "Net Income From Continuing Operation Net Minority Interest": -10949000.0,
        "Reconciled Depreciation": 1239000.0,
        "Reconciled Cost Of Revenue": 3229000.0,
        "EBITDA": -7324000.0,
        "EBIT": -8563000.0,
        "Net Interest Income": -2386000.0,
        "Interest Expense": 2386000.0,
        "Normalized Income": -9556000.0,
        "Net Income From Continuing And Discontinued Operation": -10949000.0,
        "Total Expenses": 20663000.0,
        "Total Operating Income As Reported": -7172000.0,
        "Diluted Average Shares": 79709000.0,
        "Basic Average Shares": 79709000.0,
        "Diluted EPS": -0.14,
        "Basic EPS": -0.14,
        "Diluted NI Availto Com Stockholders": -10949000.0,
        "Net Income Common Stockholders": -10949000.0,
        "Net Income": -10949000.0,
        "Net Income Including Noncontrolling Interests": -10949000.0,
        "Net Income Continuous Operations": -10949000.0,
        "Pretax Income": -10949000.0,
        "Other Income Expense": -1391000.0,
        "Other Non Operating Income Expenses": 2000.0,
        "Special Income Charges": 0.0,
        "Other Special Charges": NaN,
        "Impairment Of Capital Assets": 0.0,
        "Gain On Sale Of Security": -1393000.0,
        "Net Non Operating Interest Income Expense": -2386000.0,
        "Interest Expense Non Operating": 2386000.0,
        "Operating Income": -7172000.0,
        "Operating Expense": 17434000.0,
        "Research And Development": 1938000.0,
        "Selling General And Administration": 15496000.0,
        "Selling And Marketing Expense": NaN,
        "Gross Profit": 10262000.0,
        "Cost Of Revenue": 3229000.0,
        "Total Revenue": 13491000.0,
        "Operating Revenue": 13491000.0
    },
    "2023-12-31": {
        "Tax Effect Of Unusual Items": 0.0,
        "Tax Rate For Calcs": 0.0,
        "Normalized EBITDA": -5539000.0,
        "Total Unusual Items": 34000.0,
        "Total Unusual Items Excluding Goodwill": 34000.0,
        "Net Income From Continuing Operation Net Minority Interest": -9139000.0,
        "Reconciled Depreciation": 1305000.0,
        "Reconciled Cost Of Revenue": 3374000.0,
        "EBITDA": -5505000.0,
        "EBIT": -6810000.0,
        "Net Interest Income": -2329000.0,
        "Interest Expense": 2329000.0,
        "Normalized Income": -9173000.0,
        "Net Income From Continuing And Discontinued Operation": -9139000.0,
        "Total Expenses": 21514000.0,
        "Total Operating Income As Reported": -6870000.0,
        "Diluted Average Shares": 92325000.0,
        "Basic Average Shares": 92325000.0,
        "Diluted EPS": -0.1,
        "Basic EPS": -0.1,
        "Diluted NI Availto Com Stockholders": -9139000.0,
        "Net Income Common Stockholders": -9139000.0,
        "Net Income": -9139000.0,
        "Net Income Including Noncontrolling Interests": -9139000.0,
        "Net Income Continuous Operations": -9139000.0,
        "Pretax Income": -9139000.0,
        "Other Income Expense": 36000.0,
        "Other Non Operating Income Expenses": 2000.0,
        "Special Income Charges": -24000.0,
        "Other Special Charges": NaN,
        "Impairment Of Capital Assets": 24000.0,
        "Gain On Sale Of Security": 58000.0,
        "Net Non Operating Interest Income Expense": -2329000.0,
        "Interest Expense Non Operating": 2329000.0,
        "Operating Income": -6846000.0,
        "Operating Expense": 18140000.0,
        "Research And Development": 1889000.0,
        "Selling General And Administration": 16251000.0,
        "Selling And Marketing Expense": NaN,
        "Gross Profit": 11294000.0,
        "Cost Of Revenue": 3374000.0,
        "Total Revenue": 14668000.0,
        "Operating Revenue": 14668000.0
    },
    "2024-03-31": {
        "Tax Effect Of Unusual Items": 0.0,
        "Tax Rate For Calcs": 0.0,
        "Normalized EBITDA": -9695000.0,
        "Total Unusual Items": -68000.0,
        "Total Unusual Items Excluding Goodwill": -68000.0,
        "Net Income From Continuing Operation Net Minority Interest": -13614000.0,
        "Reconciled Depreciation": 1322000.0,
        "Reconciled Cost Of Revenue": 3175000.0,
        "EBITDA": -9763000.0,
        "EBIT": -11085000.0,
        "Net Interest Income": -2529000.0,
        "Interest Expense": 2529000.0,
        "Normalized Income": -13546000.0,
        "Net Income From Continuing And Discontinued Operation": -13614000.0,
        "Total Expenses": 25771000.0,
        "Total Operating Income As Reported": -11021000.0,
        "Diluted Average Shares": 97166000.0,
        "Basic Average Shares": 97166000.0,
        "Diluted EPS": -0.14,
        "Basic EPS": -0.14,
        "Diluted NI Availto Com Stockholders": -13614000.0,
        "Net Income Common Stockholders": -13614000.0,
        "Net Income": -13614000.0,
        "Net Income Including Noncontrolling Interests": -13614000.0,
        "Net Income Continuous Operations": -13614000.0,
        "Pretax Income": -13614000.0,
        "Other Income Expense": -132000.0,
        "Other Non Operating Income Expenses": -64000.0,
        "Special Income Charges": -68000.0,
        "Other Special Charges": NaN,
        "Impairment Of Capital Assets": 68000.0,
        "Gain On Sale Of Security": NaN,
        "Net Non Operating Interest Income Expense": -2529000.0,
        "Interest Expense Non Operating": 2529000.0,
        "Operating Income": -10953000.0,
        "Operating Expense": 22596000.0,
        "Research And Development": 2040000.0,
        "Selling General And Administration": 20556000.0,
        "Selling And Marketing Expense": NaN,
        "Gross Profit": 11643000.0,
        "Cost Of Revenue": 3175000.0,
        "Total Revenue": 14818000.0,
        "Operating Revenue": 14818000.0
    },
    "2024-06-30": {
        "Tax Effect Of Unusual Items": 0.0,
        "Tax Rate For Calcs": 0.0,
        "Normalized EBITDA": -7238000.0,
        "Total Unusual Items": -315000.0,
        "Total Unusual Items Excluding Goodwill": -315000.0,
        "Net Income From Continuing Operation Net Minority Interest": -10808000.0,
        "Reconciled Depreciation": 1319000.0,
        "Reconciled Cost Of Revenue": 3877000.0,
        "EBITDA": -7553000.0,
        "EBIT": -8872000.0,
        "Net Interest Income": -1936000.0,
        "Interest Expense": 1936000.0,
        "Normalized Income": -10493000.0,
        "Net Income From Continuing And Discontinued Operation": -10808000.0,
        "Total Expenses": 26095000.0,
        "Total Operating Income As Reported": -8237000.0,
        "Diluted Average Shares": 127168000.0,
        "Basic Average Shares": 127168000.0,
        "Diluted EPS": -0.08,
        "Basic EPS": -0.08,
        "Diluted NI Availto Com Stockholders": -10808000.0,
        "Net Income Common Stockholders": -10808000.0,
        "Net Income": -10808000.0,
        "Net Income Including Noncontrolling Interests": -10808000.0,
        "Net Income Continuous Operations": -10808000.0,
        "Pretax Income": -10808000.0,
        "Other Income Expense": -702000.0,
        "Other Non Operating Income Expenses": -387000.0,
        "Special Income Charges": -315000.0,
        "Other Special Charges": 248000.0,
        "Impairment Of Capital Assets": 67000.0,
        "Gain On Sale Of Security": NaN,
        "Net Non Operating Interest Income Expense": -1936000.0,
        "Interest Expense Non Operating": 1936000.0,
        "Operating Income": -8170000.0,
        "Operating Expense": 22218000.0,
        "Research And Development": 2558000.0,
        "Selling General And Administration": 19660000.0,
        "Selling And Marketing Expense": NaN,
        "Gross Profit": 14048000.0,
        "Cost Of Revenue": 3877000.0,
        "Total Revenue": 17925000.0,
        "Operating Revenue": 17925000.0
    }
}