{
    "2023-03-31": {
        "Tax Effect Of Unusual Items": 0.0,
        "Tax Rate For Calcs": 0.0,
        "Normalized EBITDA": -21561000.0,
        "Total Unusual Items": NaN,
        "Total Unusual Items Excluding Goodwill": NaN,
        "Net Income From Continuing Operation Net Minority Interest": -20875000.0,
        "Reconciled Depreciation": 122000.0,
        "EBITDA": -21561000.0,
        "EBIT": -21561000.0,
        "Net Interest Income": 622000.0,
        "Interest Income": 622000.0,
        "Normalized Income": -20875000.0,
        "Net Income From Continuing And Discontinued Operation": -20875000.0,
        "Total Expenses": 21561000.0,
        "Total Operating Income As Reported": -21561000.0,
        "Diluted Average Shares": 36483878.0,
        "Basic Average Shares": 36483878.0,
        "Diluted EPS": -0.57,
        "Basic EPS": -0.57,
        "Diluted NI Availto Com Stockholders": -20875000.0,
        "Net Income Common Stockholders": -20875000.0,
        "Net Income": -20875000.0,
        "Net Income Including Noncontrolling Interests": -20875000.0,
        "Net Income Continuous Operations": -20875000.0,
        "Earnings From Equity Interest Net Of Tax": NaN,
        "Pretax Income": -20875000.0,
        "Other Income Expense": 64000.0,
        "Other Non Operating Income Expenses": 64000.0,
        "Special Income Charges": NaN,
        "Gain On Sale Of Ppe": NaN,
        "Net Non Operating Interest Income Expense": 622000.0,
        "Interest Income Non Operating": 622000.0,
        "Operating Income": -21561000.0,
        "Operating Expense": 21561000.0,
        "Research And Development": 14753000.0,
        "Selling General And Administration": 6808000.0,
        "General And Administrative Expense": 6808000.0,
        "Other Gand A": 6808000.0,
        "Salaries And Wages": NaN,
        "Total Revenue": 0.0,
        "Operating Revenue": 0.0
    },
    "2022-12-31": {
        "Tax Effect Of Unusual Items": 0.0,
        "Tax Rate For Calcs": 0.0,
        "Normalized EBITDA": -24084000.0,
        "Total Unusual Items": 2232000.0,
        "Total Unusual Items Excluding Goodwill": 2232000.0,
        "Net Income From Continuing Operation Net Minority Interest": -21078000.0,
        "Reconciled Depreciation": 126000.0,
        "EBITDA": -21852000.0,
        "EBIT": -21852000.0,
        "Net Interest Income": 677000.0,
        "Interest Income": 677000.0,
        "Normalized Income": -23310000.0,
        "Net Income From Continuing And Discontinued Operation": -21078000.0,
        "Total Expenses": 21852000.0,
        "Total Operating Income As Reported": -21852000.0,
        "Diluted Average Shares": 36390194.0,
        "Basic Average Shares": 36390194.0,
        "Diluted EPS": -0.59,
        "Basic EPS": -0.59,
        "Diluted NI Availto Com Stockholders": -21078000.0,
        "Net Income Common Stockholders": -21078000.0,
        "Net Income": -21078000.0,
        "Net Income Including Noncontrolling Interests": -21078000.0,
        "Net Income Continuous Operations": -21078000.0,
        "Earnings From Equity Interest Net Of Tax": -2250000.0,
        "Pretax Income": -18828000.0,
        "Other Income Expense": 2347000.0,
        "Other Non Operating Income Expenses": 115000.0,
        "Special Income Charges": 2232000.0,
        "Gain On Sale Of Ppe": 2232000.0,
        "Net Non Operating Interest Income Expense": 677000.0,
        "Interest Income Non Operating": 677000.0,
        "Operating Income": -21852000.0,
        "Operating Expense": 21852000.0,
        "Research And Development": 14609000.0,
        "Selling General And Administration": 7243000.0,
        "General And Administrative Expense": 7243000.0,
        "Other Gand A": 7243000.0,
        "Salaries And Wages": NaN,
        "Total Revenue": 0.0,
        "Operating Revenue": 0.0
    },
    "2022-09-30": {
        "Tax Effect Of Unusual Items": 0.0,
        "Tax Rate For Calcs": 0.0,
        "Normalized EBITDA": -21995000.0,
        "Total Unusual Items": NaN,
        "Total Unusual Items Excluding Goodwill": NaN,
        "Net Income From Continuing Operation Net Minority Interest": -21654000.0,
        "Reconciled Depreciation": 129000.0,
        "EBITDA": -21995000.0,
        "EBIT": -22124000.0,
        "Net Interest Income": 562000.0,
        "Interest Income": 562000.0,
        "Normalized Income": -21654000.0,
        "Net Income From Continuing And Discontinued Operation": -21654000.0,
        "Total Expenses": 22124000.0,
        "Total Operating Income As Reported": -22124000.0,
        "Diluted Average Shares": 36346181.0,
        "Basic Average Shares": 36346181.0,
        "Diluted EPS": -0.6,
        "Basic EPS": -0.6,
        "Diluted NI Availto Com Stockholders": -21654000.0,
        "Net Income Common Stockholders": -21654000.0,
        "Net Income": -21654000.0,
        "Net Income Including Noncontrolling Interests": -21654000.0,
        "Net Income Continuous Operations": -21654000.0,
        "Earnings From Equity Interest Net Of Tax": NaN,
        "Pretax Income": -21654000.0,
        "Other Income Expense": -92000.0,
        "Other Non Operating Income Expenses": -92000.0,
        "Special Income Charges": NaN,
        "Gain On Sale Of Ppe": NaN,
        "Net Non Operating Interest Income Expense": 562000.0,
        "Interest Income Non Operating": 562000.0,
        "Operating Income": -22124000.0,
        "Operating Expense": 22124000.0,
        "Research And Development": 15847000.0,
        "Selling General And Administration": 6277000.0,
        "General And Administrative Expense": 6277000.0,
        "Other Gand A": 6277000.0,
        "Salaries And Wages": NaN,
        "Total Revenue": 0.0,
        "Operating Revenue": 0.0
    },
    "2022-06-30": {
        "Tax Effect Of Unusual Items": 0.0,
        "Tax Rate For Calcs": 0.0,
        "Normalized EBITDA": -23045000.0,
        "Total Unusual Items": NaN,
        "Total Unusual Items Excluding Goodwill": NaN,
        "Net Income From Continuing Operation Net Minority Interest": -22930000.0,
        "Reconciled Depreciation": 128000.0,
        "EBITDA": -23045000.0,
        "EBIT": -23173000.0,
        "Net Interest Income": 386000.0,
        "Interest Income": 386000.0,
        "Normalized Income": -22930000.0,
        "Net Income From Continuing And Discontinued Operation": -22930000.0,
        "Total Expenses": 23173000.0,
        "Total Operating Income As Reported": -23173000.0,
        "Diluted Average Shares": 36293856.0,
        "Basic Average Shares": 36293856.0,
        "Diluted EPS": -0.63,
        "Basic EPS": -0.63,
        "Diluted NI Availto Com Stockholders": -22930000.0,
        "Net Income Common Stockholders": -22930000.0,
        "Net Income": -22930000.0,
        "Net Income Including Noncontrolling Interests": -22930000.0,
        "Net Income Continuous Operations": -22930000.0,
        "Earnings From Equity Interest Net Of Tax": NaN,
        "Pretax Income": -22930000.0,
        "Other Income Expense": -143000.0,
        "Other Non Operating Income Expenses": -143000.0,
        "Special Income Charges": NaN,
        "Gain On Sale Of Ppe": NaN,
        "Net Non Operating Interest Income Expense": 386000.0,
        "Interest Income Non Operating": 386000.0,
        "Operating Income": -23173000.0,
        "Operating Expense": 23173000.0,
        "Research And Development": 16195000.0,
        "Selling General And Administration": 6978000.0,
        "General And Administrative Expense": 6978000.0,
        "Other Gand A": 6978000.0,
        "Salaries And Wages": NaN,
        "Total Revenue": 0.0,
        "Operating Revenue": 0.0
    },
    "2022-03-31": {
        "Diluted EPS": -0.7,
        "Total Revenue": NaN,
        "Gross Profit": NaN,
        "Operating Income": -26,
        "EBIT": -26,
        "Net Income": -26
    },
    "2021-12-31": {
        "Diluted EPS": -0.71,
        "Total Revenue": NaN,
        "Gross Profit": NaN,
        "Operating Income": -26,
        "EBIT": -26,
        "Net Income": -26
    },
    "2021-09-30": {
        "Diluted EPS": -0.97,
        "Total Revenue": NaN,
        "Gross Profit": NaN,
        "Operating Income": -35,
        "EBIT": -35,
        "Net Income": -35
    },
    "2021-06-30": {
        "Diluted EPS": -0.95,
        "Total Revenue": NaN,
        "Gross Profit": NaN,
        "Operating Income": -35,
        "EBIT": -35,
        "Net Income": -34
    },
    "2021-03-31": {
        "Diluted EPS": -0.84,
        "Total Revenue": NaN,
        "Gross Profit": NaN,
        "Operating Income": -31,
        "EBIT": -31,
        "Net Income": -30
    },
    "2020-12-31": {
        "Diluted EPS": -0.63,
        "Total Revenue": NaN,
        "Gross Profit": NaN,
        "Operating Income": -23,
        "EBIT": -23,
        "Net Income": -23
    },
    "2020-09-30": {
        "Diluted EPS": -0.5,
        "Total Revenue": NaN,
        "Gross Profit": NaN,
        "Operating Income": -18,
        "EBIT": -18,
        "Net Income": -18
    },
    "2020-06-30": {
        "Diluted EPS": -0.41,
        "Total Revenue": NaN,
        "Gross Profit": NaN,
        "Operating Income": -15,
        "EBIT": -15,
        "Net Income": -15
    },
    "2020-03-31": {
        "Diluted EPS": -0.51,
        "Total Revenue": NaN,
        "Gross Profit": NaN,
        "Operating Income": -13,
        "EBIT": -13,
        "Net Income": -12
    },
    "2019-12-31": {
        "Diluted EPS": -4.63,
        "Total Revenue": NaN,
        "Gross Profit": NaN,
        "Operating Income": -10,
        "EBIT": -10,
        "Net Income": -10
    },
    "2019-09-30": {
        "Diluted EPS": -4.5,
        "Total Revenue": NaN,
        "Gross Profit": NaN,
        "Operating Income": -8,
        "EBIT": -8,
        "Net Income": -9
    },
    "2019-06-30": {
        "Diluted EPS": -5.99,
        "Total Revenue": NaN,
        "Gross Profit": NaN,
        "Operating Income": -7,
        "EBIT": -7,
        "Net Income": -12
    },
    "2019-03-31": {
        "Diluted EPS": -1.87,
        "Total Revenue": NaN,
        "Gross Profit": NaN,
        "Operating Income": -4,
        "EBIT": -4,
        "Net Income": -4
    },
    "2018-12-31": {
        "Diluted EPS": 0.0,
        "Total Revenue": NaN,
        "Gross Profit": NaN,
        "Operating Income": NaN,
        "EBIT": NaN,
        "Net Income": NaN
    },
    "2023-06-30": {
        "Tax Effect Of Unusual Items": 0.0,
        "Tax Rate For Calcs": 0.0,
        "Normalized EBITDA": -19918000.0,
        "Total Unusual Items": NaN,
        "Total Unusual Items Excluding Goodwill": NaN,
        "Net Income From Continuing Operation Net Minority Interest": -19152000.0,
        "Reconciled Depreciation": 114000.0,
        "EBITDA": -19918000.0,
        "EBIT": -20032000.0,
        "Net Interest Income": 539000.0,
        "Interest Income": 539000.0,
        "Normalized Income": -19152000.0,
        "Net Income From Continuing And Discontinued Operation": -19152000.0,
        "Total Expenses": 20032000.0,
        "Total Operating Income As Reported": -20032000.0,
        "Diluted Average Shares": 36516114.0,
        "Basic Average Shares": 36516114.0,
        "Diluted EPS": -0.52,
        "Basic EPS": -0.52,
        "Diluted NI Availto Com Stockholders": -19152000.0,
        "Net Income Common Stockholders": -19152000.0,
        "Net Income": -19152000.0,
        "Net Income Including Noncontrolling Interests": -19152000.0,
        "Net Income Continuous Operations": -19152000.0,
        "Earnings From Equity Interest Net Of Tax": NaN,
        "Pretax Income": -19152000.0,
        "Other Income Expense": 341000.0,
        "Other Non Operating Income Expenses": 341000.0,
        "Special Income Charges": NaN,
        "Gain On Sale Of Ppe": NaN,
        "Net Non Operating Interest Income Expense": 539000.0,
        "Interest Income Non Operating": 539000.0,
        "Operating Income": -20032000.0,
        "Operating Expense": 20032000.0,
        "Research And Development": 13154000.0,
        "Selling General And Administration": 6878000.0,
        "General And Administrative Expense": 6878000.0,
        "Other Gand A": 1813000.0,
        "Salaries And Wages": 5065000.0,
        "Total Revenue": 0.0,
        "Operating Revenue": 0.0
    }
}