{
    "2023-03-31": {
        "Tax Effect Of Unusual Items": NaN,
        "Tax Rate For Calcs": NaN,
        "Normalized EBITDA": NaN,
        "Total Unusual Items": NaN,
        "Total Unusual Items Excluding Goodwill": NaN,
        "Net Income From Continuing Operation Net Minority Interest": NaN,
        "Reconciled Depreciation": NaN,
        "Reconciled Cost Of Revenue": NaN,
        "EBITDA": NaN,
        "EBIT": NaN,
        "Net Interest Income": NaN,
        "Interest Expense": NaN,
        "Interest Income": NaN,
        "Normalized Income": NaN,
        "Net Income From Continuing And Discontinued Operation": NaN,
        "Total Expenses": NaN,
        "Total Operating Income As Reported": NaN,
        "Diluted Average Shares": NaN,
        "Basic Average Shares": NaN,
        "Diluted EPS": NaN,
        "Basic EPS": NaN,
        "Diluted NI Availto Com Stockholders": NaN,
        "Net Income Common Stockholders": NaN,
        "Preferred Stock Dividends": 23000000.0,
        "Net Income": NaN,
        "Net Income Including Noncontrolling Interests": NaN,
        "Net Income Discontinuous Operations": 0.0,
        "Net Income Continuous Operations": NaN,
        "Tax Provision": NaN,
        "Pretax Income": NaN,
        "Other Income Expense": NaN,
        "Other Non Operating Income Expenses": NaN,
        "Special Income Charges": NaN,
        "Restructuring And Mergern Acquisition": 62000000.0,
        "Net Non Operating Interest Income Expense": NaN,
        "Interest Expense Non Operating": NaN,
        "Interest Income Non Operating": NaN,
        "Operating Income": NaN,
        "Operating Expense": NaN,
        "Other Operating Expenses": NaN,
        "Research And Development": NaN,
        "Selling General And Administration": NaN,
        "Gross Profit": NaN,
        "Cost Of Revenue": NaN,
        "Total Revenue": NaN,
        "Operating Revenue": NaN
    },
    "2022-12-31": {
        "Tax Effect Of Unusual Items": NaN,
        "Tax Rate For Calcs": NaN,
        "Normalized EBITDA": NaN,
        "Total Unusual Items": NaN,
        "Total Unusual Items Excluding Goodwill": NaN,
        "Net Income From Continuing Operation Net Minority Interest": NaN,
        "Reconciled Depreciation": NaN,
        "Reconciled Cost Of Revenue": NaN,
        "EBITDA": NaN,
        "EBIT": NaN,
        "Net Interest Income": NaN,
        "Interest Expense": NaN,
        "Interest Income": NaN,
        "Normalized Income": NaN,
        "Net Income From Continuing And Discontinued Operation": NaN,
        "Total Expenses": NaN,
        "Total Operating Income As Reported": NaN,
        "Diluted Average Shares": NaN,
        "Basic Average Shares": NaN,
        "Diluted EPS": NaN,
        "Basic EPS": NaN,
        "Diluted NI Availto Com Stockholders": NaN,
        "Net Income Common Stockholders": NaN,
        "Preferred Stock Dividends": 23000000.0,
        "Net Income": NaN,
        "Net Income Including Noncontrolling Interests": NaN,
        "Net Income Discontinuous Operations": 0.0,
        "Net Income Continuous Operations": NaN,
        "Tax Provision": NaN,
        "Pretax Income": NaN,
        "Other Income Expense": NaN,
        "Other Non Operating Income Expenses": NaN,
        "Special Income Charges": NaN,
        "Restructuring And Mergern Acquisition": NaN,
        "Net Non Operating Interest Income Expense": NaN,
        "Interest Expense Non Operating": NaN,
        "Interest Income Non Operating": NaN,
        "Operating Income": NaN,
        "Operating Expense": NaN,
        "Other Operating Expenses": NaN,
        "Research And Development": NaN,
        "Selling General And Administration": NaN,
        "Gross Profit": NaN,
        "Cost Of Revenue": NaN,
        "Total Revenue": NaN,
        "Operating Revenue": NaN
    },
    "2022-09-30": {
        "Tax Effect Of Unusual Items": NaN,
        "Tax Rate For Calcs": NaN,
        "Normalized EBITDA": NaN,
        "Total Unusual Items": NaN,
        "Total Unusual Items Excluding Goodwill": NaN,
        "Net Income From Continuing Operation Net Minority Interest": NaN,
        "Reconciled Depreciation": NaN,
        "Reconciled Cost Of Revenue": NaN,
        "EBITDA": NaN,
        "EBIT": NaN,
        "Net Interest Income": NaN,
        "Interest Expense": NaN,
        "Interest Income": NaN,
        "Normalized Income": NaN,
        "Net Income From Continuing And Discontinued Operation": NaN,
        "Total Expenses": NaN,
        "Total Operating Income As Reported": NaN,
        "Diluted Average Shares": NaN,
        "Basic Average Shares": NaN,
        "Diluted EPS": NaN,
        "Basic EPS": NaN,
        "Diluted NI Availto Com Stockholders": NaN,
        "Net Income Common Stockholders": NaN,
        "Preferred Stock Dividends": 22000000.0,
        "Net Income": NaN,
        "Net Income Including Noncontrolling Interests": NaN,
        "Net Income Discontinuous Operations": 0.0,
        "Net Income Continuous Operations": NaN,
        "Tax Provision": NaN,
        "Pretax Income": NaN,
        "Other Income Expense": NaN,
        "Other Non Operating Income Expenses": NaN,
        "Special Income Charges": NaN,
        "Restructuring And Mergern Acquisition": NaN,
        "Net Non Operating Interest Income Expense": NaN,
        "Interest Expense Non Operating": NaN,
        "Interest Income Non Operating": NaN,
        "Operating Income": NaN,
        "Operating Expense": NaN,
        "Other Operating Expenses": NaN,
        "Research And Development": NaN,
        "Selling General And Administration": NaN,
        "Gross Profit": NaN,
        "Cost Of Revenue": NaN,
        "Total Revenue": NaN,
        "Operating Revenue": NaN
    },
    "2022-06-30": {
        "Tax Effect Of Unusual Items": -4070000.0,
        "Tax Rate For Calcs": 0.074,
        "Normalized EBITDA": 1109000000.0,
        "Total Unusual Items": -55000000.0,
        "Total Unusual Items Excluding Goodwill": -55000000.0,
        "Net Income From Continuing Operation Net Minority Interest": 390000000.0,
        "Reconciled Depreciation": 534000000.0,
        "Reconciled Cost Of Revenue": 2574000000.0,
        "EBITDA": 1054000000.0,
        "EBIT": 520000000.0,
        "Net Interest Income": -94000000.0,
        "Interest Expense": 99000000.0,
        "Interest Income": 5000000.0,
        "Normalized Income": 440930000.0,
        "Net Income From Continuing And Discontinued Operation": 360000000.0,
        "Total Expenses": 4049000000.0,
        "Total Operating Income As Reported": 537000000.0,
        "Diluted Average Shares": 287297000.0,
        "Basic Average Shares": 285441000.0,
        "Diluted EPS": 1.18,
        "Basic EPS": 1.18,
        "Diluted NI Availto Com Stockholders": 338000000.0,
        "Net Income Common Stockholders": 338000000.0,
        "Preferred Stock Dividends": 23000000.0,
        "Net Income": 360000000.0,
        "Net Income Including Noncontrolling Interests": 360000000.0,
        "Net Income Discontinuous Operations": -30000000.0,
        "Net Income Continuous Operations": 390000000.0,
        "Tax Provision": 31000000.0,
        "Pretax Income": 421000000.0,
        "Other Income Expense": -76000000.0,
        "Other Non Operating Income Expenses": -21000000.0,
        "Special Income Charges": -55000000.0,
        "Restructuring And Mergern Acquisition": 55000000.0,
        "Net Non Operating Interest Income Expense": -94000000.0,
        "Interest Expense Non Operating": 99000000.0,
        "Interest Income Non Operating": 5000000.0,
        "Operating Income": 592000000.0,
        "Operating Expense": 1475000000.0,
        "Other Operating Expenses": 11000000.0,
        "Research And Development": 315000000.0,
        "Selling General And Administration": 1149000000.0,
        "Gross Profit": 2067000000.0,
        "Cost Of Revenue": 2574000000.0,
        "Total Revenue": 4641000000.0,
        "Operating Revenue": 4641000000.0
    },
    "2023-06-30": {
        "Tax Effect Of Unusual Items": -9520000.0,
        "Tax Rate For Calcs": 0.136,
        "Normalized EBITDA": 1231000000.0,
        "Total Unusual Items": -70000000.0,
        "Total Unusual Items Excluding Goodwill": -70000000.0,
        "Net Income From Continuing Operation Net Minority Interest": 407000000.0,
        "Reconciled Depreciation": 571000000.0,
        "Reconciled Cost Of Revenue": 2778000000.0,
        "EBITDA": 1161000000.0,
        "EBIT": 590000000.0,
        "Net Interest Income": -95000000.0,
        "Interest Expense": 119000000.0,
        "Interest Income": 24000000.0,
        "Normalized Income": 467480000.0,
        "Net Income From Continuing And Discontinued Operation": 407000000.0,
        "Total Expenses": 4261000000.0,
        "Total Operating Income As Reported": 549000000.0,
        "Diluted Average Shares": 287944000.0,
        "Basic Average Shares": 286317000.0,
        "Diluted EPS": 1.36,
        "Basic EPS": 1.37,
        "Diluted NI Availto Com Stockholders": 392000000.0,
        "Net Income Common Stockholders": 392000000.0,
        "Preferred Stock Dividends": 15000000.0,
        "Net Income": 407000000.0,
        "Net Income Including Noncontrolling Interests": 407000000.0,
        "Net Income Discontinuous Operations": 0.0,
        "Net Income Continuous Operations": 407000000.0,
        "Tax Provision": 64000000.0,
        "Pretax Income": 471000000.0,
        "Other Income Expense": -53000000.0,
        "Other Non Operating Income Expenses": 17000000.0,
        "Special Income Charges": -70000000.0,
        "Restructuring And Mergern Acquisition": 70000000.0,
        "Net Non Operating Interest Income Expense": -95000000.0,
        "Interest Expense Non Operating": 119000000.0,
        "Interest Income Non Operating": 24000000.0,
        "Operating Income": 617000000.0,
        "Operating Expense": 1483000000.0,
        "Other Operating Expenses": -13000000.0,
        "Research And Development": 306000000.0,
        "Selling General And Administration": 1190000000.0,
        "Gross Profit": 2100000000.0,
        "Cost Of Revenue": 2778000000.0,
        "Total Revenue": 4878000000.0,
        "Operating Revenue": 4878000000.0
    },
    "2022-03-31": {
        "Diluted EPS": 1.5,
        "Total Revenue": NaN,
        "Gross Profit": NaN,
        "Operating Income": 566,
        "EBIT": NaN,
        "Net Income": 431
    },
    "2021-12-31": {
        "Diluted EPS": 2.28,
        "Total Revenue": NaN,
        "Gross Profit": NaN,
        "Operating Income": 691,
        "EBIT": NaN,
        "Net Income": 655
    },
    "2021-09-30": {
        "Diluted EPS": 0.84,
        "Total Revenue": NaN,
        "Gross Profit": NaN,
        "Operating Income": 84,
        "EBIT": 666,
        "Net Income": 242
    },
    "2021-06-30": {
        "Diluted EPS": 1.72,
        "Total Revenue": NaN,
        "Gross Profit": NaN,
        "Operating Income": 492,
        "EBIT": NaN,
        "Net Income": 502
    },
    "2021-03-31": {
        "Diluted EPS": 0.94,
        "Total Revenue": NaN,
        "Gross Profit": NaN,
        "Operating Income": 433,
        "EBIT": 991,
        "Net Income": 277
    },
    "2020-12-31": {
        "Diluted EPS": 3.35,
        "Total Revenue": NaN,
        "Gross Profit": NaN,
        "Operating Income": NaN,
        "EBIT": NaN,
        "Net Income": 981
    },
    "2020-09-30": {
        "Diluted EPS": 0.34,
        "Total Revenue": NaN,
        "Gross Profit": NaN,
        "Operating Income": -317,
        "EBIT": 197,
        "Net Income": 105
    },
    "2020-06-30": {
        "Diluted EPS": 0.97,
        "Total Revenue": NaN,
        "Gross Profit": NaN,
        "Operating Income": 359,
        "EBIT": 893,
        "Net Income": 277
    },
    "2020-03-31": {
        "Diluted EPS": 0.53,
        "Total Revenue": NaN,
        "Gross Profit": NaN,
        "Operating Income": 369,
        "EBIT": 906,
        "Net Income": 145
    },
    "2019-12-31": {
        "Diluted EPS": 0.87,
        "Total Revenue": NaN,
        "Gross Profit": NaN,
        "Operating Income": 501,
        "EBIT": NaN,
        "Net Income": 240
    },
    "2019-09-30": {
        "Diluted EPS": 0.45,
        "Total Revenue": NaN,
        "Gross Profit": NaN,
        "Operating Income": 112,
        "EBIT": 665,
        "Net Income": 125
    },
    "2019-06-30": {
        "Diluted EPS": 1.51,
        "Total Revenue": NaN,
        "Gross Profit": NaN,
        "Operating Income": 626,
        "EBIT": NaN,
        "Net Income": 413
    },
    "2019-03-31": {
        "Diluted EPS": -0.07,
        "Total Revenue": NaN,
        "Gross Profit": NaN,
        "Operating Income": 136,
        "EBIT": 699,
        "Net Income": -18
    },
    "2018-12-31": {
        "Diluted EPS": 2.05,
        "Total Revenue": NaN,
        "Gross Profit": NaN,
        "Operating Income": 886,
        "EBIT": NaN,
        "Net Income": 562
    },
    "2018-09-30": {
        "Diluted EPS": -0.48,
        "Total Revenue": NaN,
        "Gross Profit": NaN,
        "Operating Income": 576,
        "EBIT": NaN,
        "Net Income": -173
    },
    "2018-06-30": {
        "Diluted EPS": 2.03,
        "Total Revenue": NaN,
        "Gross Profit": NaN,
        "Operating Income": 511,
        "EBIT": NaN,
        "Net Income": 556
    },
    "2018-03-31": {
        "Diluted EPS": -0.19,
        "Total Revenue": NaN,
        "Gross Profit": NaN,
        "Operating Income": 187,
        "EBIT": 740,
        "Net Income": -50
    },
    "2017-12-31": {
        "Diluted EPS": -0.76,
        "Total Revenue": NaN,
        "Gross Profit": NaN,
        "Operating Income": 235,
        "EBIT": 526,
        "Net Income": -174
    },
    "2017-09-30": {
        "Diluted EPS": 1.19,
        "Total Revenue": NaN,
        "Gross Profit": NaN,
        "Operating Income": 491,
        "EBIT": 777,
        "Net Income": 289
    },
    "2017-06-30": {
        "Diluted EPS": -0.75,
        "Total Revenue": NaN,
        "Gross Profit": NaN,
        "Operating Income": -224,
        "EBIT": 55,
        "Net Income": -165
    },
    "2017-03-31": {
        "Diluted EPS": 1.58,
        "Total Revenue": NaN,
        "Gross Profit": NaN,
        "Operating Income": 445,
        "EBIT": 706,
        "Net Income": 344
    },
    "2016-12-31": {
        "Diluted EPS": 2.58,
        "Total Revenue": NaN,
        "Gross Profit": NaN,
        "Operating Income": 810,
        "EBIT": NaN,
        "Net Income": 562
    },
    "2016-09-30": {
        "Diluted EPS": 0.07,
        "Total Revenue": NaN,
        "Gross Profit": NaN,
        "Operating Income": 97,
        "EBIT": 370,
        "Net Income": 19
    },
    "2016-06-30": {
        "Diluted EPS": 1.8,
        "Total Revenue": NaN,
        "Gross Profit": NaN,
        "Operating Income": 516,
        "EBIT": 788,
        "Net Income": 390
    },
    "2016-03-31": {
        "Diluted EPS": 1.56,
        "Total Revenue": NaN,
        "Gross Profit": NaN,
        "Operating Income": 465,
        "EBIT": 745,
        "Net Income": 338
    },
    "2015-12-31": {
        "Diluted EPS": 1.06,
        "Total Revenue": NaN,
        "Gross Profit": NaN,
        "Operating Income": 352,
        "EBIT": 641,
        "Net Income": 229
    },
    "2015-09-30": {
        "Diluted EPS": 0.78,
        "Total Revenue": NaN,
        "Gross Profit": NaN,
        "Operating Income": 295,
        "EBIT": 610,
        "Net Income": 181
    },
    "2015-06-30": {
        "Diluted EPS": 0.29,
        "Total Revenue": NaN,
        "Gross Profit": NaN,
        "Operating Income": 137,
        "EBIT": 436,
        "Net Income": 62
    },
    "2015-03-31": {
        "Diluted EPS": 1.08,
        "Total Revenue": NaN,
        "Gross Profit": NaN,
        "Operating Income": 293,
        "EBIT": 431,
        "Net Income": 216
    },
    "2014-12-31": {
        "Diluted EPS": 1.2,
        "Total Revenue": NaN,
        "Gross Profit": NaN,
        "Operating Income": 349,
        "EBIT": 488,
        "Net Income": 236
    },
    "2014-09-30": {
        "Diluted EPS": 1.52,
        "Total Revenue": NaN,
        "Gross Profit": NaN,
        "Operating Income": 401,
        "EBIT": 550,
        "Net Income": 301
    },
    "2014-06-30": {
        "Diluted EPS": 1.65,
        "Total Revenue": NaN,
        "Gross Profit": NaN,
        "Operating Income": 446,
        "EBIT": 587,
        "Net Income": 326
    },
    "2014-03-31": {
        "Diluted EPS": 1.45,
        "Total Revenue": NaN,
        "Gross Profit": NaN,
        "Operating Income": 381,
        "EBIT": 511,
        "Net Income": 287
    },
    "2013-12-31": {
        "Diluted EPS": 1.37,
        "Total Revenue": NaN,
        "Gross Profit": NaN,
        "Operating Income": 378,
        "EBIT": 520,
        "Net Income": 271
    },
    "2013-09-30": {
        "Diluted EPS": 0.45,
        "Total Revenue": NaN,
        "Gross Profit": NaN,
        "Operating Income": 77,
        "EBIT": 219,
        "Net Income": 90
    },
    "2013-06-30": {
        "Diluted EPS": 1.52,
        "Total Revenue": NaN,
        "Gross Profit": NaN,
        "Operating Income": 405,
        "EBIT": 544,
        "Net Income": 302
    },
    "2013-03-31": {
        "Diluted EPS": 1.39,
        "Total Revenue": NaN,
        "Gross Profit": NaN,
        "Operating Income": 381,
        "EBIT": 517,
        "Net Income": 276
    },
    "2012-12-31": {
        "Diluted EPS": 3.13,
        "Total Revenue": NaN,
        "Gross Profit": NaN,
        "Operating Income": 392,
        "EBIT": 521,
        "Net Income": 625
    },
    "2012-09-30": {
        "Diluted EPS": 1.4,
        "Total Revenue": NaN,
        "Gross Profit": NaN,
        "Operating Income": 389,
        "EBIT": 516,
        "Net Income": 289
    },
    "2012-06-30": {
        "Diluted EPS": 1.59,
        "Total Revenue": NaN,
        "Gross Profit": NaN,
        "Operating Income": 449,
        "EBIT": 572,
        "Net Income": 327
    },
    "2012-03-31": {
        "Diluted EPS": 1.39,
        "Total Revenue": NaN,
        "Gross Profit": 988,
        "Operating Income": 383,
        "EBIT": 511,
        "Net Income": 291
    },
    "2011-12-31": {
        "Diluted EPS": 1.21,
        "Total Revenue": NaN,
        "Gross Profit": 931,
        "Operating Income": 337,
        "EBIT": 470,
        "Net Income": 263
    },
    "2011-09-30": {
        "Diluted EPS": 1.35,
        "Total Revenue": NaN,
        "Gross Profit": 952,
        "Operating Income": 364,
        "EBIT": 494,
        "Net Income": 300
    },
    "2011-06-30": {
        "Diluted EPS": 1.53,
        "Total Revenue": NaN,
        "Gross Profit": NaN,
        "Operating Income": 447,
        "EBIT": 567,
        "Net Income": 343
    },
    "2011-03-31": {
        "Diluted EPS": 1.38,
        "Total Revenue": NaN,
        "Gross Profit": NaN,
        "Operating Income": 440,
        "EBIT": 563,
        "Net Income": 312
    },
    "2010-12-31": {
        "Diluted EPS": 1.36,
        "Total Revenue": NaN,
        "Gross Profit": 977,
        "Operating Income": 413,
        "EBIT": 536,
        "Net Income": 316
    },
    "2010-09-30": {
        "Diluted EPS": 1.66,
        "Total Revenue": NaN,
        "Gross Profit": 839,
        "Operating Income": 316,
        "EBIT": 429,
        "Net Income": 397
    },
    "2010-06-30": {
        "Diluted EPS": 1.29,
        "Total Revenue": NaN,
        "Gross Profit": 947,
        "Operating Income": 423,
        "EBIT": 553,
        "Net Income": 307
    },
    "2010-03-31": {
        "Diluted EPS": 1.24,
        "Total Revenue": NaN,
        "Gross Profit": 935,
        "Operating Income": 414,
        "EBIT": 539,
        "Net Income": 298
    },
    "2009-12-31": {
        "Diluted EPS": 1.3,
        "Total Revenue": NaN,
        "Gross Profit": 974,
        "Operating Income": 430,
        "EBIT": 553,
        "Net Income": 316
    },
    "2009-09-30": {
        "Diluted EPS": 1.28,
        "Total Revenue": NaN,
        "Gross Profit": 898,
        "Operating Income": 379,
        "EBIT": 491,
        "Net Income": 317
    },
    "2009-06-30": {
        "Diluted EPS": 1.39,
        "Total Revenue": NaN,
        "Gross Profit": 960,
        "Operating Income": 432,
        "EBIT": 550,
        "Net Income": 341
    },
    "2009-03-31": {
        "Diluted EPS": 1.06,
        "Total Revenue": NaN,
        "Gross Profit": 896,
        "Operating Income": 361,
        "EBIT": 478,
        "Net Income": 261
    },
    "2023-09-30": {
        "Tax Effect Of Unusual Items": -27381215.469613,
        "Tax Rate For Calcs": 0.154696,
        "Normalized EBITDA": 1058000000.0,
        "Total Unusual Items": -177000000.0,
        "Total Unusual Items Excluding Goodwill": -177000000.0,
        "Net Income From Continuing Operation Net Minority Interest": 154000000.0,
        "Reconciled Depreciation": 587000000.0,
        "Reconciled Cost Of Revenue": 3386000000.0,
        "EBITDA": 881000000.0,
        "EBIT": 294000000.0,
        "Net Interest Income": -104000000.0,
        "Interest Expense": 113000000.0,
        "Interest Income": 9000000.0,
        "Normalized Income": 303618784.530387,
        "Net Income From Continuing And Discontinued Operation": 108000000.0,
        "Total Expenses": 4602000000.0,
        "Total Operating Income As Reported": 349000000.0,
        "Diluted Average Shares": 292701000.0,
        "Basic Average Shares": 290590000.0,
        "Diluted EPS": 0.37,
        "Basic EPS": 0.37,
        "Diluted NI Availto Com Stockholders": 108000000.0,
        "Net Income Common Stockholders": 108000000.0,
        "Preferred Stock Dividends": 0.0,
        "Net Income": 108000000.0,
        "Net Income Including Noncontrolling Interests": 108000000.0,
        "Net Income Discontinuous Operations": -46000000.0,
        "Net Income Continuous Operations": 154000000.0,
        "Tax Provision": 28000000.0,
        "Pretax Income": 181000000.0,
        "Other Income Expense": -202000000.0,
        "Other Non Operating Income Expenses": -25000000.0,
        "Special Income Charges": -138000000.0,
        "Restructuring And Mergern Acquisition": 138000000.0,
        "Net Non Operating Interest Income Expense": -104000000.0,
        "Interest Expense Non Operating": 113000000.0,
        "Interest Income Non Operating": 9000000.0,
        "Operating Income": 485000000.0,
        "Operating Expense": 1216000000.0,
        "Other Operating Expenses": -203000000.0,
        "Research And Development": 281000000.0,
        "Selling General And Administration": 1138000000.0,
        "Gross Profit": 1701000000.0,
        "Cost Of Revenue": 3386000000.0,
        "Total Revenue": 5087000000.0,
        "Operating Revenue": 5087000000.0
    },
    "2023-12-31": {
        "Tax Effect Of Unusual Items": -16200000.0,
        "Tax Rate For Calcs": 0.216,
        "Normalized EBITDA": 1106000000.0,
        "Total Unusual Items": -75000000.0,
        "Total Unusual Items Excluding Goodwill": -75000000.0,
        "Net Income From Continuing Operation Net Minority Interest": 281000000.0,
        "Reconciled Depreciation": 561000000.0,
        "Reconciled Cost Of Revenue": 2679000000.0,
        "EBITDA": 1031000000.0,
        "EBIT": 470000000.0,
        "Net Interest Income": -77000000.0,
        "Interest Expense": 111000000.0,
        "Interest Income": 34000000.0,
        "Normalized Income": 339800000.0,
        "Net Income From Continuing And Discontinued Operation": 281000000.0,
        "Total Expenses": 4193000000.0,
        "Total Operating Income As Reported": 439000000.0,
        "Diluted Average Shares": 291398000.0,
        "Basic Average Shares": 290113000.0,
        "Diluted EPS": 0.96,
        "Basic EPS": 0.97,
        "Diluted NI Availto Com Stockholders": 281000000.0,
        "Net Income Common Stockholders": 281000000.0,
        "Preferred Stock Dividends": NaN,
        "Net Income": 281000000.0,
        "Net Income Including Noncontrolling Interests": 281000000.0,
        "Net Income Discontinuous Operations": NaN,
        "Net Income Continuous Operations": 281000000.0,
        "Tax Provision": 77000000.0,
        "Pretax Income": 359000000.0,
        "Other Income Expense": -79000000.0,
        "Other Non Operating Income Expenses": -4000000.0,
        "Special Income Charges": -75000000.0,
        "Restructuring And Mergern Acquisition": 75000000.0,
        "Net Non Operating Interest Income Expense": -77000000.0,
        "Interest Expense Non Operating": 111000000.0,
        "Interest Income Non Operating": 34000000.0,
        "Operating Income": 513000000.0,
        "Operating Expense": 1514000000.0,
        "Other Operating Expenses": 11000000.0,
        "Research And Development": 290000000.0,
        "Selling General And Administration": 1213000000.0,
        "Gross Profit": 2027000000.0,
        "Cost Of Revenue": 2679000000.0,
        "Total Revenue": 4706000000.0,
        "Operating Revenue": 4706000000.0
    },
    "2024-03-31": {
        "Tax Effect Of Unusual Items": -15251000.0,
        "Tax Rate For Calcs": 0.151,
        "Normalized EBITDA": 1430000000.0,
        "Total Unusual Items": -101000000.0,
        "Total Unusual Items Excluding Goodwill": -101000000.0,
        "Net Income From Continuing Operation Net Minority Interest": 537000000.0,
        "Reconciled Depreciation": 571000000.0,
        "Reconciled Cost Of Revenue": 2741000000.0,
        "EBITDA": 1329000000.0,
        "EBIT": 758000000.0,
        "Net Interest Income": -99000000.0,
        "Interest Expense": 125000000.0,
        "Interest Income": 26000000.0,
        "Normalized Income": 622749000.0,
        "Net Income From Continuing And Discontinued Operation": 537000000.0,
        "Total Expenses": 4210000000.0,
        "Total Operating Income As Reported": 734000000.0,
        "Diluted Average Shares": 290344000.0,
        "Basic Average Shares": 289518000.0,
        "Diluted EPS": 1.85,
        "Basic EPS": 1.85,
        "Diluted NI Availto Com Stockholders": 537000000.0,
        "Net Income Common Stockholders": 537000000.0,
        "Preferred Stock Dividends": NaN,
        "Net Income": 537000000.0,
        "Net Income Including Noncontrolling Interests": 537000000.0,
        "Net Income Discontinuous Operations": NaN,
        "Net Income Continuous Operations": 537000000.0,
        "Tax Provision": 96000000.0,
        "Pretax Income": 633000000.0,
        "Other Income Expense": -103000000.0,
        "Other Non Operating Income Expenses": -2000000.0,
        "Special Income Charges": -101000000.0,
        "Restructuring And Mergern Acquisition": 101000000.0,
        "Net Non Operating Interest Income Expense": -99000000.0,
        "Interest Expense Non Operating": 125000000.0,
        "Interest Income Non Operating": 26000000.0,
        "Operating Income": 835000000.0,
        "Operating Expense": 1469000000.0,
        "Other Operating Expenses": -23000000.0,
        "Research And Development": 299000000.0,
        "Selling General And Administration": 1193000000.0,
        "Gross Profit": 2304000000.0,
        "Cost Of Revenue": 2741000000.0,
        "Total Revenue": 5045000000.0,
        "Operating Revenue": 5045000000.0
    },
    "2024-06-30": {
        "Tax Effect Of Unusual Items": -2912000.0,
        "Tax Rate For Calcs": 0.026,
        "Normalized EBITDA": 1317000000.0,
        "Total Unusual Items": -112000000.0,
        "Total Unusual Items Excluding Goodwill": -112000000.0,
        "Net Income From Continuing Operation Net Minority Interest": 487000000.0,
        "Reconciled Depreciation": 568000000.0,
        "Reconciled Cost Of Revenue": 2683000000.0,
        "EBITDA": 1205000000.0,
        "EBIT": 637000000.0,
        "Net Interest Income": -89000000.0,
        "Interest Expense": 137000000.0,
        "Interest Income": 48000000.0,
        "Normalized Income": 596088000.0,
        "Net Income From Continuing And Discontinued Operation": 487000000.0,
        "Total Expenses": 4276000000.0,
        "Total Operating Income As Reported": 602000000.0,
        "Diluted Average Shares": 290253000.0,
        "Basic Average Shares": 289562000.0,
        "Diluted EPS": 1.68,
        "Basic EPS": 1.68,
        "Diluted NI Availto Com Stockholders": 487000000.0,
        "Net Income Common Stockholders": 487000000.0,
        "Preferred Stock Dividends": NaN,
        "Net Income": 487000000.0,
        "Net Income Including Noncontrolling Interests": 487000000.0,
        "Net Income Discontinuous Operations": NaN,
        "Net Income Continuous Operations": 487000000.0,
        "Tax Provision": 13000000.0,
        "Pretax Income": 500000000.0,
        "Other Income Expense": -125000000.0,
        "Other Non Operating Income Expenses": -13000000.0,
        "Special Income Charges": -112000000.0,
        "Restructuring And Mergern Acquisition": NaN,
        "Net Non Operating Interest Income Expense": -89000000.0,
        "Interest Expense Non Operating": 137000000.0,
        "Interest Income Non Operating": 48000000.0,
        "Operating Income": 714000000.0,
        "Operating Expense": 1593000000.0,
        "Other Operating Expenses": 98000000.0,
        "Research And Development": 299000000.0,
        "Selling General And Administration": 1196000000.0,
        "Gross Profit": 2307000000.0,
        "Cost Of Revenue": 2683000000.0,
        "Total Revenue": 4990000000.0,
        "Operating Revenue": 4990000000.0
    }
}