{
    "2023-03-31": {
        "Tax Effect Of Unusual Items": 24570.0,
        "Tax Rate For Calcs": 0.21,
        "Normalized EBITDA": -44879000.0,
        "Total Unusual Items": 117000.0,
        "Total Unusual Items Excluding Goodwill": 117000.0,
        "Net Income From Continuing Operation Net Minority Interest": -71567000.0,
        "Reconciled Depreciation": 18150000.0,
        "Reconciled Cost Of Revenue": 220924000.0,
        "EBITDA": -44762000.0,
        "EBIT": -62912000.0,
        "Net Interest Income": -9751000.0,
        "Interest Expense": 11746000.0,
        "Interest Income": 1995000.0,
        "Normalized Income": -71659430.0,
        "Net Income From Continuing And Discontinued Operation": -71567000.0,
        "Total Expenses": 338872000.0,
        "Total Operating Income As Reported": -63681000.0,
        "Diluted Average Shares": 206724000.0,
        "Basic Average Shares": 206724000.0,
        "Diluted EPS": -0.35,
        "Basic EPS": -0.35,
        "Diluted NI Availto Com Stockholders": -71567000.0,
        "Net Income Common Stockholders": -71567000.0,
        "Net Income": -71567000.0,
        "Minority Interests": 3350000.0,
        "Net Income Including Noncontrolling Interests": -74917000.0,
        "Net Income Continuous Operations": -74917000.0,
        "Tax Provision": 259000.0,
        "Pretax Income": -74658000.0,
        "Other Income Expense": -1226000.0,
        "Other Non Operating Income Expenses": -1343000.0,
        "Special Income Charges": NaN,
        "Other Special Charges": NaN,
        "Gain On Sale Of Security": 117000.0,
        "Net Non Operating Interest Income Expense": -9751000.0,
        "Interest Expense Non Operating": 11746000.0,
        "Interest Income Non Operating": 1995000.0,
        "Operating Income": -63681000.0,
        "Operating Expense": 117948000.0,
        "Research And Development": 45690000.0,
        "Selling General And Administration": 72258000.0,
        "Selling And Marketing Expense": 27111000.0,
        "General And Administrative Expense": 45147000.0,
        "Other Gand A": 45147000.0,
        "Gross Profit": 54267000.0,
        "Cost Of Revenue": 220924000.0,
        "Total Revenue": 275191000.0,
        "Operating Revenue": 275191000.0
    },
    "2022-12-31": {
        "Tax Effect Of Unusual Items": NaN,
        "Tax Rate For Calcs": NaN,
        "Normalized EBITDA": NaN,
        "Total Unusual Items": NaN,
        "Total Unusual Items Excluding Goodwill": NaN,
        "Net Income From Continuing Operation Net Minority Interest": NaN,
        "Reconciled Depreciation": NaN,
        "Reconciled Cost Of Revenue": NaN,
        "EBITDA": NaN,
        "EBIT": NaN,
        "Net Interest Income": NaN,
        "Interest Expense": NaN,
        "Interest Income": NaN,
        "Normalized Income": NaN,
        "Net Income From Continuing And Discontinued Operation": NaN,
        "Total Expenses": NaN,
        "Total Operating Income As Reported": NaN,
        "Diluted Average Shares": NaN,
        "Basic Average Shares": NaN,
        "Diluted EPS": NaN,
        "Basic EPS": NaN,
        "Diluted NI Availto Com Stockholders": NaN,
        "Net Income Common Stockholders": NaN,
        "Net Income": NaN,
        "Minority Interests": NaN,
        "Net Income Including Noncontrolling Interests": NaN,
        "Net Income Continuous Operations": NaN,
        "Tax Provision": NaN,
        "Pretax Income": NaN,
        "Other Income Expense": NaN,
        "Other Non Operating Income Expenses": NaN,
        "Special Income Charges": -4722000.0,
        "Other Special Charges": 4722000.0,
        "Gain On Sale Of Security": NaN,
        "Net Non Operating Interest Income Expense": NaN,
        "Interest Expense Non Operating": NaN,
        "Interest Income Non Operating": NaN,
        "Operating Income": NaN,
        "Operating Expense": NaN,
        "Research And Development": NaN,
        "Selling General And Administration": NaN,
        "Selling And Marketing Expense": NaN,
        "General And Administrative Expense": NaN,
        "Other Gand A": NaN,
        "Gross Profit": NaN,
        "Cost Of Revenue": NaN,
        "Total Revenue": NaN,
        "Operating Revenue": NaN
    },
    "2022-09-30": {
        "Tax Effect Of Unusual Items": NaN,
        "Tax Rate For Calcs": NaN,
        "Normalized EBITDA": NaN,
        "Total Unusual Items": NaN,
        "Total Unusual Items Excluding Goodwill": NaN,
        "Net Income From Continuing Operation Net Minority Interest": NaN,
        "Reconciled Depreciation": NaN,
        "Reconciled Cost Of Revenue": NaN,
        "EBITDA": NaN,
        "EBIT": NaN,
        "Net Interest Income": NaN,
        "Interest Expense": NaN,
        "Interest Income": NaN,
        "Normalized Income": NaN,
        "Net Income From Continuing And Discontinued Operation": NaN,
        "Total Expenses": NaN,
        "Total Operating Income As Reported": NaN,
        "Diluted Average Shares": NaN,
        "Basic Average Shares": NaN,
        "Diluted EPS": NaN,
        "Basic EPS": NaN,
        "Diluted NI Availto Com Stockholders": NaN,
        "Net Income Common Stockholders": NaN,
        "Net Income": NaN,
        "Minority Interests": NaN,
        "Net Income Including Noncontrolling Interests": NaN,
        "Net Income Continuous Operations": NaN,
        "Tax Provision": NaN,
        "Pretax Income": NaN,
        "Other Income Expense": NaN,
        "Other Non Operating Income Expenses": NaN,
        "Special Income Charges": 0.0,
        "Other Special Charges": NaN,
        "Gain On Sale Of Security": NaN,
        "Net Non Operating Interest Income Expense": NaN,
        "Interest Expense Non Operating": NaN,
        "Interest Income Non Operating": NaN,
        "Operating Income": NaN,
        "Operating Expense": NaN,
        "Research And Development": NaN,
        "Selling General And Administration": NaN,
        "Selling And Marketing Expense": NaN,
        "General And Administrative Expense": NaN,
        "Other Gand A": NaN,
        "Gross Profit": NaN,
        "Cost Of Revenue": NaN,
        "Total Revenue": NaN,
        "Operating Revenue": NaN
    },
    "2022-06-30": {
        "Tax Effect Of Unusual Items": -419.5,
        "Tax Rate For Calcs": 0.0001,
        "Normalized EBITDA": -86855000.0,
        "Total Unusual Items": -4195000.0,
        "Total Unusual Items Excluding Goodwill": -4195000.0,
        "Net Income From Continuing Operation Net Minority Interest": -118800000.0,
        "Reconciled Depreciation": 16313000.0,
        "Reconciled Cost Of Revenue": 245206000.0,
        "EBITDA": -91050000.0,
        "EBIT": -107363000.0,
        "Net Interest Income": -13618000.0,
        "Interest Expense": 13814000.0,
        "Interest Income": 196000.0,
        "Normalized Income": -114605419.5,
        "Net Income From Continuing And Discontinued Operation": -118800000.0,
        "Total Expenses": 345409000.0,
        "Total Operating Income As Reported": -102173000.0,
        "Diluted Average Shares": 178507000.0,
        "Basic Average Shares": 178507000.0,
        "Diluted EPS": -0.67,
        "Basic EPS": -0.67,
        "Diluted NI Availto Com Stockholders": -118800000.0,
        "Net Income Common Stockholders": -118800000.0,
        "Net Income": -118800000.0,
        "Minority Interests": 2365000.0,
        "Net Income Including Noncontrolling Interests": -121165000.0,
        "Net Income Continuous Operations": -121165000.0,
        "Tax Provision": -12000.0,
        "Pretax Income": -121177000.0,
        "Other Income Expense": -5386000.0,
        "Other Non Operating Income Expenses": -1191000.0,
        "Special Income Charges": -4233000.0,
        "Other Special Charges": 4233000.0,
        "Gain On Sale Of Security": 38000.0,
        "Net Non Operating Interest Income Expense": -13618000.0,
        "Interest Expense Non Operating": 13814000.0,
        "Interest Income Non Operating": 196000.0,
        "Operating Income": -102173000.0,
        "Operating Expense": 100203000.0,
        "Research And Development": 41614000.0,
        "Selling General And Administration": 58589000.0,
        "Selling And Marketing Expense": 20475000.0,
        "General And Administrative Expense": 38114000.0,
        "Other Gand A": 38114000.0,
        "Gross Profit": -1970000.0,
        "Cost Of Revenue": 245206000.0,
        "Total Revenue": 243236000.0,
        "Operating Revenue": 243236000.0
    },
    "2023-06-30": {
        "Tax Effect Of Unusual Items": NaN,
        "Tax Rate For Calcs": NaN,
        "Normalized EBITDA": NaN,
        "Total Unusual Items": NaN,
        "Total Unusual Items Excluding Goodwill": NaN,
        "Net Income From Continuing Operation Net Minority Interest": NaN,
        "Reconciled Depreciation": NaN,
        "Reconciled Cost Of Revenue": NaN,
        "EBITDA": NaN,
        "EBIT": NaN,
        "Net Interest Income": NaN,
        "Interest Expense": NaN,
        "Interest Income": NaN,
        "Normalized Income": NaN,
        "Net Income From Continuing And Discontinued Operation": NaN,
        "Total Expenses": NaN,
        "Total Operating Income As Reported": NaN,
        "Diluted Average Shares": NaN,
        "Basic Average Shares": NaN,
        "Diluted EPS": NaN,
        "Basic EPS": NaN,
        "Diluted NI Availto Com Stockholders": NaN,
        "Net Income Common Stockholders": NaN,
        "Net Income": NaN,
        "Minority Interests": NaN,
        "Net Income Including Noncontrolling Interests": NaN,
        "Net Income Continuous Operations": NaN,
        "Tax Provision": NaN,
        "Pretax Income": NaN,
        "Other Income Expense": NaN,
        "Other Non Operating Income Expenses": NaN,
        "Special Income Charges": -2873000.0,
        "Other Special Charges": 2873000.0,
        "Gain On Sale Of Security": NaN,
        "Net Non Operating Interest Income Expense": NaN,
        "Interest Expense Non Operating": NaN,
        "Interest Income Non Operating": NaN,
        "Operating Income": NaN,
        "Operating Expense": NaN,
        "Research And Development": NaN,
        "Selling General And Administration": NaN,
        "Selling And Marketing Expense": NaN,
        "General And Administrative Expense": NaN,
        "Other Gand A": NaN,
        "Gross Profit": NaN,
        "Cost Of Revenue": NaN,
        "Total Revenue": NaN,
        "Operating Revenue": NaN
    },
    "2023-09-30": {
        "Tax Effect Of Unusual Items": -321090.0,
        "Tax Rate For Calcs": 0.21,
        "Normalized EBITDA": -83251000.0,
        "Total Unusual Items": -1529000.0,
        "Total Unusual Items Excluding Goodwill": -1529000.0,
        "Net Income From Continuing Operation Net Minority Interest": -168999000.0,
        "Reconciled Depreciation": 14615000.0,
        "Reconciled Cost Of Revenue": 405482000.0,
        "EBITDA": -84780000.0,
        "EBIT": -99395000.0,
        "Net Interest Income": -60618000.0,
        "Interest Expense": 68037000.0,
        "Interest Income": 7419000.0,
        "Normalized Income": -167791090.0,
        "Net Income From Continuing And Discontinued Operation": -168999000.0,
        "Total Expenses": 503976000.0,
        "Total Operating Income As Reported": -103708000.0,
        "Diluted Average Shares": 210930000.0,
        "Basic Average Shares": 210930000.0,
        "Diluted EPS": -0.8,
        "Basic EPS": -0.8,
        "Diluted NI Availto Com Stockholders": -168999000.0,
        "Net Income Common Stockholders": -168999000.0,
        "Net Income": -168999000.0,
        "Minority Interests": -921000.0,
        "Net Income Including Noncontrolling Interests": -168078000.0,
        "Net Income Continuous Operations": -168078000.0,
        "Tax Provision": 646000.0,
        "Pretax Income": -167432000.0,
        "Other Income Expense": -3106000.0,
        "Other Non Operating Income Expenses": -1577000.0,
        "Special Income Charges": -1415000.0,
        "Other Special Charges": 1415000.0,
        "Gain On Sale Of Security": -114000.0,
        "Net Non Operating Interest Income Expense": -60618000.0,
        "Interest Expense Non Operating": 68037000.0,
        "Interest Income Non Operating": 7419000.0,
        "Operating Income": -103708000.0,
        "Operating Expense": 98494000.0,
        "Research And Development": 35126000.0,
        "Selling General And Administration": 63368000.0,
        "Selling And Marketing Expense": 20002000.0,
        "General And Administrative Expense": 43366000.0,
        "Other Gand A": 43366000.0,
        "Gross Profit": -5214000.0,
        "Cost Of Revenue": 405482000.0,
        "Total Revenue": 400268000.0,
        "Operating Revenue": 400268000.0
    },
    "2023-12-31": {
        "Tax Effect Of Unusual Items": -70435.876623,
        "Tax Rate For Calcs": 0.16457,
        "Normalized EBITDA": 32245000.0,
        "Total Unusual Items": -428000.0,
        "Total Unusual Items Excluding Goodwill": -428000.0,
        "Net Income From Continuing Operation Net Minority Interest": 4511000.0,
        "Reconciled Depreciation": 12326000.0,
        "Reconciled Cost Of Revenue": 264525000.0,
        "EBITDA": 31817000.0,
        "EBIT": 19491000.0,
        "Net Interest Income": -8449000.0,
        "Interest Expense": 14563000.0,
        "Interest Income": 6114000.0,
        "Normalized Income": 4868564.123377,
        "Net Income From Continuing And Discontinued Operation": 4511000.0,
        "Total Expenses": 343978000.0,
        "Total Operating Income As Reported": 12938000.0,
        "Diluted Average Shares": 274366000.0,
        "Basic Average Shares": 224204000.0,
        "Diluted EPS": 0.02,
        "Basic EPS": 0.02,
        "Diluted NI Availto Com Stockholders": 4511000.0,
        "Net Income Common Stockholders": 4511000.0,
        "Net Income": 4511000.0,
        "Minority Interests": 394000.0,
        "Net Income Including Noncontrolling Interests": 4117000.0,
        "Net Income Continuous Operations": 4117000.0,
        "Tax Provision": 811000.0,
        "Pretax Income": 4928000.0,
        "Other Income Expense": 439000.0,
        "Other Non Operating Income Expenses": 867000.0,
        "Special Income Charges": 0.0,
        "Other Special Charges": 0.0,
        "Gain On Sale Of Security": -428000.0,
        "Net Non Operating Interest Income Expense": -8449000.0,
        "Interest Expense Non Operating": 14563000.0,
        "Interest Income Non Operating": 6114000.0,
        "Operating Income": 12938000.0,
        "Operating Expense": 79453000.0,
        "Research And Development": 33556000.0,
        "Selling General And Administration": 45897000.0,
        "Selling And Marketing Expense": 16026000.0,
        "General And Administrative Expense": 29871000.0,
        "Other Gand A": 29871000.0,
        "Gross Profit": 92391000.0,
        "Cost Of Revenue": 264525000.0,
        "Total Revenue": 356916000.0,
        "Operating Revenue": 356916000.0
    },
    "2024-03-31": {
        "Tax Effect Of Unusual Items": 1422.0,
        "Tax Rate For Calcs": 0.009,
        "Normalized EBITDA": -30138000.0,
        "Total Unusual Items": 158000.0,
        "Total Unusual Items Excluding Goodwill": 158000.0,
        "Net Income From Continuing Operation Net Minority Interest": -57524000.0,
        "Reconciled Depreciation": 12518000.0,
        "Reconciled Cost Of Revenue": 197222000.0,
        "EBITDA": -29980000.0,
        "EBIT": -42498000.0,
        "Net Interest Income": -7015000.0,
        "Interest Expense": 14546000.0,
        "Interest Income": 7531000.0,
        "Normalized Income": -57680578.0,
        "Net Income From Continuing And Discontinued Operation": -57524000.0,
        "Total Expenses": 284315000.0,
        "Total Operating Income As Reported": -49017000.0,
        "Diluted Average Shares": 225587000.0,
        "Basic Average Shares": 225587000.0,
        "Diluted EPS": -0.25,
        "Basic EPS": -0.25,
        "Diluted NI Availto Com Stockholders": -57524000.0,
        "Net Income Common Stockholders": -57524000.0,
        "Net Income": -57524000.0,
        "Minority Interests": -981000.0,
        "Net Income Including Noncontrolling Interests": -56543000.0,
        "Net Income Continuous Operations": -56543000.0,
        "Tax Provision": -501000.0,
        "Pretax Income": -57044000.0,
        "Other Income Expense": -1012000.0,
        "Other Non Operating Income Expenses": -1170000.0,
        "Special Income Charges": NaN,
        "Other Special Charges": NaN,
        "Gain On Sale Of Security": 158000.0,
        "Net Non Operating Interest Income Expense": -7015000.0,
        "Interest Expense Non Operating": 14546000.0,
        "Interest Income Non Operating": 7531000.0,
        "Operating Income": -49017000.0,
        "Operating Expense": 87093000.0,
        "Research And Development": 35485000.0,
        "Selling General And Administration": 51608000.0,
        "Selling And Marketing Expense": 13599000.0,
        "General And Administrative Expense": 38009000.0,
        "Other Gand A": 38009000.0,
        "Gross Profit": 38076000.0,
        "Cost Of Revenue": 197222000.0,
        "Total Revenue": 235298000.0,
        "Operating Revenue": 235298000.0
    },
    "2024-06-30": {
        "Tax Effect Of Unusual Items": -5726700.0,
        "Tax Rate For Calcs": 0.21,
        "Normalized EBITDA": -4276000.0,
        "Total Unusual Items": -27270000.0,
        "Total Unusual Items Excluding Goodwill": -27270000.0,
        "Net Income From Continuing Operation Net Minority Interest": -61787000.0,
        "Reconciled Depreciation": 13407000.0,
        "Reconciled Cost Of Revenue": 267245000.0,
        "EBITDA": -31546000.0,
        "EBIT": -44953000.0,
        "Net Interest Income": -8946000.0,
        "Interest Expense": 15376000.0,
        "Interest Income": 6430000.0,
        "Normalized Income": -40243700.0,
        "Net Income From Continuing And Discontinued Operation": -61787000.0,
        "Total Expenses": 358895000.0,
        "Total Operating Income As Reported": -23128000.0,
        "Diluted Average Shares": 227167000.0,
        "Basic Average Shares": 227167000.0,
        "Diluted EPS": -0.27,
        "Basic EPS": -0.27,
        "Diluted NI Availto Com Stockholders": -61787000.0,
        "Net Income Common Stockholders": -61787000.0,
        "Net Income": -61787000.0,
        "Minority Interests": -602000.0,
        "Net Income Including Noncontrolling Interests": -61185000.0,
        "Net Income Continuous Operations": -61185000.0,
        "Tax Provision": 856000.0,
        "Pretax Income": -60329000.0,
        "Other Income Expense": -28255000.0,
        "Other Non Operating Income Expenses": -985000.0,
        "Special Income Charges": -27182000.0,
        "Other Special Charges": 27182000.0,
        "Gain On Sale Of Security": -88000.0,
        "Net Non Operating Interest Income Expense": -8946000.0,
        "Interest Expense Non Operating": 15376000.0,
        "Interest Income Non Operating": 6430000.0,
        "Operating Income": -23128000.0,
        "Operating Expense": 91650000.0,
        "Research And Development": 37364000.0,
        "Selling General And Administration": 54286000.0,
        "Selling And Marketing Expense": 17901000.0,
        "General And Administrative Expense": 36385000.0,
        "Other Gand A": 36385000.0,
        "Gross Profit": 68522000.0,
        "Cost Of Revenue": 267245000.0,
        "Total Revenue": 335767000.0,
        "Operating Revenue": 335767000.0
    },
    "2024-09-30": {
        "Tax Effect Of Unusual Items": -81060.0,
        "Tax Rate For Calcs": 0.21,
        "Normalized EBITDA": 15866000.0,
        "Total Unusual Items": -386000.0,
        "Total Unusual Items Excluding Goodwill": -386000.0,
        "Net Income From Continuing Operation Net Minority Interest": -14711000.0,
        "Reconciled Depreciation": 13240000.0,
        "Reconciled Cost Of Revenue": 251665000.0,
        "EBITDA": 15480000.0,
        "EBIT": 2240000.0,
        "Net Interest Income": -10307000.0,
        "Interest Expense": 16763000.0,
        "Interest Income": 6456000.0,
        "Normalized Income": -14406060.0,
        "Net Income From Continuing And Discontinued Operation": -14711000.0,
        "Total Expenses": 340050000.0,
        "Total Operating Income As Reported": -9651000.0,
        "Diluted Average Shares": 227957000.0,
        "Basic Average Shares": 227957000.0,
        "Diluted EPS": -0.06,
        "Basic EPS": -0.06,
        "Diluted NI Availto Com Stockholders": -14711000.0,
        "Net Income Common Stockholders": -14711000.0,
        "Net Income": -14711000.0,
        "Minority Interests": -79000.0,
        "Net Income Including Noncontrolling Interests": -14632000.0,
        "Net Income Continuous Operations": -14632000.0,
        "Tax Provision": 109000.0,
        "Pretax Income": -14523000.0,
        "Other Income Expense": 5435000.0,
        "Other Non Operating Income Expenses": 5821000.0,
        "Special Income Charges": 0.0,
        "Other Special Charges": NaN,
        "Gain On Sale Of Security": -386000.0,
        "Net Non Operating Interest Income Expense": -10307000.0,
        "Interest Expense Non Operating": 16763000.0,
        "Interest Income Non Operating": 6456000.0,
        "Operating Income": -9651000.0,
        "Operating Expense": 88385000.0,
        "Research And Development": 36315000.0,
        "Selling General And Administration": 52070000.0,
        "Selling And Marketing Expense": 14667000.0,
        "General And Administrative Expense": 37403000.0,
        "Other Gand A": 37403000.0,
        "Gross Profit": 78734000.0,
        "Cost Of Revenue": 251665000.0,
        "Total Revenue": 330399000.0,
        "Operating Revenue": 330399000.0
    }
}