{
    "2023-03-31": {
        "Tax Effect Of Unusual Items": NaN,
        "Tax Rate For Calcs": NaN,
        "Normalized EBITDA": NaN,
        "Total Unusual Items": NaN,
        "Total Unusual Items Excluding Goodwill": NaN,
        "Net Income From Continuing Operation Net Minority Interest": NaN,
        "Reconciled Depreciation": NaN,
        "EBITDA": NaN,
        "EBIT": NaN,
        "Net Interest Income": NaN,
        "Interest Income": NaN,
        "Normalized Income": NaN,
        "Net Income From Continuing And Discontinued Operation": NaN,
        "Total Expenses": NaN,
        "Total Operating Income As Reported": NaN,
        "Diluted Average Shares": NaN,
        "Basic Average Shares": NaN,
        "Diluted EPS": NaN,
        "Basic EPS": NaN,
        "Diluted NI Availto Com Stockholders": NaN,
        "Net Income Common Stockholders": NaN,
        "Net Income": NaN,
        "Net Income Including Noncontrolling Interests": NaN,
        "Net Income Continuous Operations": NaN,
        "Earnings From Equity Interest Net Of Tax": NaN,
        "Tax Provision": NaN,
        "Pretax Income": NaN,
        "Other Income Expense": NaN,
        "Special Income Charges": NaN,
        "Restructuring And Mergern Acquisition": NaN,
        "Gain On Sale Of Security": NaN,
        "Net Non Operating Interest Income Expense": NaN,
        "Total Other Finance Cost": -9961000.0,
        "Interest Income Non Operating": NaN,
        "Operating Income": NaN,
        "Operating Expense": NaN,
        "Research And Development": NaN,
        "Selling General And Administration": NaN,
        "General And Administrative Expense": NaN,
        "Other Gand A": NaN,
        "Salaries And Wages": NaN,
        "Total Revenue": NaN,
        "Operating Revenue": NaN
    },
    "2022-12-31": {
        "Tax Effect Of Unusual Items": NaN,
        "Tax Rate For Calcs": NaN,
        "Normalized EBITDA": NaN,
        "Total Unusual Items": NaN,
        "Total Unusual Items Excluding Goodwill": NaN,
        "Net Income From Continuing Operation Net Minority Interest": NaN,
        "Reconciled Depreciation": NaN,
        "EBITDA": NaN,
        "EBIT": NaN,
        "Net Interest Income": NaN,
        "Interest Income": NaN,
        "Normalized Income": NaN,
        "Net Income From Continuing And Discontinued Operation": NaN,
        "Total Expenses": NaN,
        "Total Operating Income As Reported": NaN,
        "Diluted Average Shares": NaN,
        "Basic Average Shares": NaN,
        "Diluted EPS": NaN,
        "Basic EPS": NaN,
        "Diluted NI Availto Com Stockholders": NaN,
        "Net Income Common Stockholders": NaN,
        "Net Income": NaN,
        "Net Income Including Noncontrolling Interests": NaN,
        "Net Income Continuous Operations": NaN,
        "Earnings From Equity Interest Net Of Tax": NaN,
        "Tax Provision": 1000000.0,
        "Pretax Income": NaN,
        "Other Income Expense": NaN,
        "Special Income Charges": NaN,
        "Restructuring And Mergern Acquisition": NaN,
        "Gain On Sale Of Security": NaN,
        "Net Non Operating Interest Income Expense": NaN,
        "Total Other Finance Cost": -7611000.0,
        "Interest Income Non Operating": NaN,
        "Operating Income": NaN,
        "Operating Expense": NaN,
        "Research And Development": NaN,
        "Selling General And Administration": NaN,
        "General And Administrative Expense": NaN,
        "Other Gand A": NaN,
        "Salaries And Wages": NaN,
        "Total Revenue": NaN,
        "Operating Revenue": NaN
    },
    "2022-09-30": {
        "Tax Effect Of Unusual Items": NaN,
        "Tax Rate For Calcs": NaN,
        "Normalized EBITDA": NaN,
        "Total Unusual Items": NaN,
        "Total Unusual Items Excluding Goodwill": NaN,
        "Net Income From Continuing Operation Net Minority Interest": NaN,
        "Reconciled Depreciation": NaN,
        "EBITDA": NaN,
        "EBIT": NaN,
        "Net Interest Income": NaN,
        "Interest Income": 4982000.0,
        "Normalized Income": NaN,
        "Net Income From Continuing And Discontinued Operation": NaN,
        "Total Expenses": NaN,
        "Total Operating Income As Reported": NaN,
        "Diluted Average Shares": NaN,
        "Basic Average Shares": NaN,
        "Diluted EPS": NaN,
        "Basic EPS": NaN,
        "Diluted NI Availto Com Stockholders": NaN,
        "Net Income Common Stockholders": NaN,
        "Net Income": NaN,
        "Net Income Including Noncontrolling Interests": NaN,
        "Net Income Continuous Operations": NaN,
        "Earnings From Equity Interest Net Of Tax": -25500000.0,
        "Tax Provision": 2410000.0,
        "Pretax Income": NaN,
        "Other Income Expense": NaN,
        "Special Income Charges": NaN,
        "Restructuring And Mergern Acquisition": NaN,
        "Earnings From Equity Interest": -25500000.0,
        "Gain On Sale Of Security": NaN,
        "Net Non Operating Interest Income Expense": NaN,
        "Total Other Finance Cost": -4982000.0,
        "Interest Income Non Operating": 4982000.0,
        "Operating Income": NaN,
        "Operating Expense": NaN,
        "Research And Development": NaN,
        "Selling General And Administration": NaN,
        "General And Administrative Expense": NaN,
        "Other Gand A": NaN,
        "Salaries And Wages": NaN,
        "Total Revenue": NaN,
        "Operating Revenue": NaN
    },
    "2022-06-30": {
        "Tax Effect Of Unusual Items": 0.0,
        "Tax Rate For Calcs": 0.0,
        "Normalized EBITDA": -89922000.0,
        "Total Unusual Items": 7956000.0,
        "Total Unusual Items Excluding Goodwill": 7956000.0,
        "Net Income From Continuing Operation Net Minority Interest": -71950000.0,
        "Reconciled Depreciation": 3418000.0,
        "EBITDA": -81966000.0,
        "EBIT": -81966000.0,
        "Net Interest Income": 2060000.0,
        "Normalized Income": -79906000.0,
        "Net Income From Continuing And Discontinued Operation": -71950000.0,
        "Total Expenses": 98618000.0,
        "Total Operating Income As Reported": -81966000.0,
        "Diluted Average Shares": 70210227.0,
        "Basic Average Shares": 70210227.0,
        "Diluted EPS": -1.02,
        "Basic EPS": -1.02,
        "Diluted NI Availto Com Stockholders": -71950000.0,
        "Net Income Common Stockholders": -71950000.0,
        "Net Income": -71950000.0,
        "Net Income Including Noncontrolling Interests": -71950000.0,
        "Net Income Continuous Operations": -71950000.0,
        "Earnings From Equity Interest Net Of Tax": NaN,
        "Tax Provision": NaN,
        "Pretax Income": -71950000.0,
        "Other Income Expense": 7956000.0,
        "Special Income Charges": -120000.0,
        "Restructuring And Mergern Acquisition": 120000.0,
        "Earnings From Equity Interest": NaN,
        "Gain On Sale Of Security": 8076000.0,
        "Net Non Operating Interest Income Expense": 2060000.0,
        "Total Other Finance Cost": -2060000.0,
        "Operating Income": -81966000.0,
        "Operating Expense": 98618000.0,
        "Research And Development": 74556000.0,
        "Selling General And Administration": 24062000.0,
        "General And Administrative Expense": 24062000.0,
        "Other Gand A": 24062000.0,
        "Salaries And Wages": NaN,
        "Total Revenue": 16652000.0,
        "Operating Revenue": 16652000.0
    },
    "2022-03-31": {
        "Diluted EPS": -1.01,
        "Total Revenue": 8,
        "Gross Profit": 8,
        "Operating Income": -76,
        "EBIT": -73,
        "Net Income": -69
    },
    "2021-12-31": {
        "Diluted EPS": -0.77,
        "Total Revenue": 51,
        "Gross Profit": 51,
        "Operating Income": -63,
        "EBIT": -61,
        "Net Income": -65
    },
    "2021-09-30": {
        "Diluted EPS": -0.42,
        "Total Revenue": 1,
        "Gross Profit": 1,
        "Operating Income": -70,
        "EBIT": -68,
        "Net Income": -28
    },
    "2021-06-30": {
        "Diluted EPS": -1.23,
        "Total Revenue": 0,
        "Gross Profit": 0,
        "Operating Income": -59,
        "EBIT": -57,
        "Net Income": -76
    },
    "2021-03-31": {
        "Diluted EPS": -3.35,
        "Total Revenue": 0,
        "Gross Profit": 0,
        "Operating Income": -200,
        "EBIT": -199,
        "Net Income": -202
    },
    "2020-12-31": {
        "Diluted EPS": -1.78,
        "Total Revenue": 0,
        "Gross Profit": 0,
        "Operating Income": -41,
        "EBIT": -39,
        "Net Income": -95
    },
    "2020-09-30": {
        "Diluted EPS": -0.69,
        "Total Revenue": 0,
        "Gross Profit": 0,
        "Operating Income": -37,
        "EBIT": -36,
        "Net Income": -34
    },
    "2020-06-30": {
        "Diluted EPS": -0.69,
        "Total Revenue": 0,
        "Gross Profit": 0,
        "Operating Income": -26,
        "EBIT": -25,
        "Net Income": -34
    },
    "2020-03-31": {
        "Diluted EPS": -1.03,
        "Total Revenue": 0,
        "Gross Profit": 0,
        "Operating Income": -28,
        "EBIT": -27,
        "Net Income": -32
    },
    "2019-12-31": {
        "Diluted EPS": -4.5,
        "Total Revenue": 0,
        "Gross Profit": 0,
        "Operating Income": -26,
        "EBIT": -26,
        "Net Income": -28
    },
    "2019-09-30": {
        "Diluted EPS": -3.31,
        "Total Revenue": 0,
        "Gross Profit": 0,
        "Operating Income": -18,
        "EBIT": -17,
        "Net Income": -22
    },
    "2019-06-30": {
        "Diluted EPS": -3.38,
        "Total Revenue": 0,
        "Gross Profit": 0,
        "Operating Income": -18,
        "EBIT": -17,
        "Net Income": -21
    },
    "2019-03-31": {
        "Diluted EPS": -2.86,
        "Total Revenue": NaN,
        "Gross Profit": NaN,
        "Operating Income": -13,
        "EBIT": -12,
        "Net Income": -14
    },
    "2018-12-31": {
        "Diluted EPS": 0.0,
        "Total Revenue": NaN,
        "Gross Profit": NaN,
        "Operating Income": NaN,
        "EBIT": NaN,
        "Net Income": NaN
    },
    "2023-06-30": {
        "Tax Effect Of Unusual Items": 0.0,
        "Tax Rate For Calcs": 0.0,
        "Normalized EBITDA": -104751000.0,
        "Total Unusual Items": 7419000.0,
        "Total Unusual Items Excluding Goodwill": 7419000.0,
        "Net Income From Continuing Operation Net Minority Interest": -82776000.0,
        "Reconciled Depreciation": 4816000.0,
        "EBITDA": -97332000.0,
        "EBIT": -102148000.0,
        "Net Interest Income": 11953000.0,
        "Interest Income": NaN,
        "Normalized Income": -90195000.0,
        "Net Income From Continuing And Discontinued Operation": -82776000.0,
        "Total Expenses": 122264000.0,
        "Total Operating Income As Reported": -102148000.0,
        "Diluted Average Shares": 76335175.0,
        "Basic Average Shares": 76335175.0,
        "Diluted EPS": -1.08,
        "Basic EPS": -1.08,
        "Diluted NI Availto Com Stockholders": -82776000.0,
        "Net Income Common Stockholders": -82776000.0,
        "Net Income": -82776000.0,
        "Net Income Including Noncontrolling Interests": -82776000.0,
        "Net Income Continuous Operations": -82776000.0,
        "Earnings From Equity Interest Net Of Tax": NaN,
        "Tax Provision": 0.0,
        "Pretax Income": -82776000.0,
        "Other Income Expense": 7419000.0,
        "Special Income Charges": 2171000.0,
        "Restructuring And Mergern Acquisition": -2171000.0,
        "Gain On Sale Of Security": 5248000.0,
        "Net Non Operating Interest Income Expense": 11953000.0,
        "Total Other Finance Cost": -11953000.0,
        "Interest Income Non Operating": NaN,
        "Operating Income": -102148000.0,
        "Operating Expense": 122264000.0,
        "Research And Development": 97608000.0,
        "Selling General And Administration": 24656000.0,
        "General And Administrative Expense": 24656000.0,
        "Other Gand A": 24656000.0,
        "Salaries And Wages": 10757000.0,
        "Total Revenue": 20116000.0,
        "Operating Revenue": 20116000.0
    },
    "2023-09-30": {
        "Tax Effect Of Unusual Items": 0.0,
        "Tax Rate For Calcs": 0.0,
        "Normalized EBITDA": -102561000.0,
        "Total Unusual Items": -519000.0,
        "Total Unusual Items Excluding Goodwill": -519000.0,
        "Net Income From Continuing Operation Net Minority Interest": -96088000.0,
        "Reconciled Depreciation": 5187000.0,
        "EBITDA": -103080000.0,
        "EBIT": -108267000.0,
        "Net Interest Income": 12698000.0,
        "Interest Income": 12698000.0,
        "Normalized Income": -95569000.0,
        "Net Income From Continuing And Discontinued Operation": -96088000.0,
        "Total Expenses": 125460000.0,
        "Total Operating Income As Reported": -108267000.0,
        "Diluted Average Shares": 79024647.0,
        "Basic Average Shares": 79024647.0,
        "Diluted EPS": -1.22,
        "Basic EPS": -1.22,
        "Diluted NI Availto Com Stockholders": -96088000.0,
        "Net Income Common Stockholders": -96088000.0,
        "Net Income": -96088000.0,
        "Net Income Including Noncontrolling Interests": -96088000.0,
        "Net Income Continuous Operations": -96088000.0,
        "Earnings From Equity Interest Net Of Tax": 0.0,
        "Tax Provision": 0.0,
        "Pretax Income": -96088000.0,
        "Other Income Expense": -519000.0,
        "Special Income Charges": 6002000.0,
        "Restructuring And Mergern Acquisition": -6002000.0,
        "Gain On Sale Of Security": -6521000.0,
        "Net Non Operating Interest Income Expense": 12698000.0,
        "Total Other Finance Cost": NaN,
        "Interest Income Non Operating": 12698000.0,
        "Operating Income": -108267000.0,
        "Operating Expense": 125460000.0,
        "Research And Development": 100050000.0,
        "Selling General And Administration": 25410000.0,
        "General And Administrative Expense": 25410000.0,
        "Other Gand A": 25410000.0,
        "Salaries And Wages": NaN,
        "Total Revenue": 17193000.0,
        "Operating Revenue": 17193000.0
    },
    "2023-12-31": {
        "Tax Effect Of Unusual Items": -7191.817595,
        "Tax Rate For Calcs": 0.009475,
        "Normalized EBITDA": 138979000.0,
        "Total Unusual Items": -759000.0,
        "Total Unusual Items Excluding Goodwill": -759000.0,
        "Net Income From Continuing Operation Net Minority Interest": 142797000.0,
        "Reconciled Depreciation": 5362000.0,
        "EBITDA": 138220000.0,
        "EBIT": 132858000.0,
        "Net Interest Income": 12064000.0,
        "Interest Income": NaN,
        "Normalized Income": 143548808.182405,
        "Net Income From Continuing And Discontinued Operation": 142797000.0,
        "Total Expenses": 183334000.0,
        "Total Operating Income As Reported": 132858000.0,
        "Diluted Average Shares": 82702302.0,
        "Basic Average Shares": 80858517.0,
        "Diluted EPS": 1.73,
        "Basic EPS": 1.77,
        "Diluted NI Availto Com Stockholders": 142797000.0,
        "Net Income Common Stockholders": 142797000.0,
        "Net Income": 142797000.0,
        "Net Income Including Noncontrolling Interests": 142797000.0,
        "Net Income Continuous Operations": 142797000.0,
        "Earnings From Equity Interest Net Of Tax": 0.0,
        "Tax Provision": 1366000.0,
        "Pretax Income": 144163000.0,
        "Other Income Expense": -759000.0,
        "Special Income Charges": 1863000.0,
        "Restructuring And Mergern Acquisition": -1863000.0,
        "Gain On Sale Of Security": -2622000.0,
        "Net Non Operating Interest Income Expense": 12064000.0,
        "Total Other Finance Cost": NaN,
        "Interest Income Non Operating": NaN,
        "Operating Income": 132858000.0,
        "Operating Expense": 183334000.0,
        "Research And Development": 140077000.0,
        "Selling General And Administration": 43257000.0,
        "General And Administrative Expense": 43257000.0,
        "Other Gand A": 43257000.0,
        "Salaries And Wages": NaN,
        "Total Revenue": 316192000.0,
        "Operating Revenue": 316192000.0
    },
    "2024-03-31": {
        "Tax Effect Of Unusual Items": 0.0,
        "Tax Rate For Calcs": 0.0,
        "Normalized EBITDA": -92315000.0,
        "Total Unusual Items": -6386000.0,
        "Total Unusual Items Excluding Goodwill": -6386000.0,
        "Net Income From Continuing Operation Net Minority Interest": -98669000.0,
        "Reconciled Depreciation": 5431000.0,
        "EBITDA": -98701000.0,
        "EBIT": -104132000.0,
        "Net Interest Income": 11849000.0,
        "Interest Income": NaN,
        "Normalized Income": -92283000.0,
        "Net Income From Continuing And Discontinued Operation": -98669000.0,
        "Total Expenses": 111542000.0,
        "Total Operating Income As Reported": -104132000.0,
        "Diluted Average Shares": 81698633.0,
        "Basic Average Shares": 81698633.0,
        "Diluted EPS": -1.21,
        "Basic EPS": -1.21,
        "Diluted NI Availto Com Stockholders": -98669000.0,
        "Net Income Common Stockholders": -98669000.0,
        "Net Income": -98669000.0,
        "Net Income Including Noncontrolling Interests": -98669000.0,
        "Net Income Continuous Operations": -98669000.0,
        "Earnings From Equity Interest Net Of Tax": NaN,
        "Tax Provision": NaN,
        "Pretax Income": -98669000.0,
        "Other Income Expense": -6386000.0,
        "Special Income Charges": -133000.0,
        "Restructuring And Mergern Acquisition": 133000.0,
        "Gain On Sale Of Security": -6253000.0,
        "Net Non Operating Interest Income Expense": 11849000.0,
        "Total Other Finance Cost": -11849000.0,
        "Interest Income Non Operating": NaN,
        "Operating Income": -104132000.0,
        "Operating Expense": 111542000.0,
        "Research And Development": 84818000.0,
        "Selling General And Administration": 26724000.0,
        "General And Administrative Expense": 26724000.0,
        "Other Gand A": 26724000.0,
        "Salaries And Wages": NaN,
        "Total Revenue": 7410000.0,
        "Operating Revenue": 7410000.0
    },
    "2024-06-30": {
        "Tax Effect Of Unusual Items": -64470.0,
        "Tax Rate For Calcs": 0.21,
        "Normalized EBITDA": -99012000.0,
        "Total Unusual Items": -307000.0,
        "Total Unusual Items Excluding Goodwill": -307000.0,
        "Net Income From Continuing Operation Net Minority Interest": -91051000.0,
        "Reconciled Depreciation": 5576000.0,
        "EBITDA": -99319000.0,
        "EBIT": -104895000.0,
        "Net Interest Income": 14190000.0,
        "Interest Income": NaN,
        "Normalized Income": -90808470.0,
        "Net Income From Continuing And Discontinued Operation": -91051000.0,
        "Total Expenses": 116667000.0,
        "Total Operating Income As Reported": -104895000.0,
        "Diluted Average Shares": 82312467.0,
        "Basic Average Shares": 82312467.0,
        "Diluted EPS": -1.11,
        "Basic EPS": -1.11,
        "Diluted NI Availto Com Stockholders": -91051000.0,
        "Net Income Common Stockholders": -91051000.0,
        "Net Income": -91051000.0,
        "Net Income Including Noncontrolling Interests": -91051000.0,
        "Net Income Continuous Operations": -91051000.0,
        "Earnings From Equity Interest Net Of Tax": NaN,
        "Tax Provision": 39000.0,
        "Pretax Income": -91012000.0,
        "Other Income Expense": -307000.0,
        "Special Income Charges": 1779000.0,
        "Restructuring And Mergern Acquisition": -1779000.0,
        "Gain On Sale Of Security": -2086000.0,
        "Net Non Operating Interest Income Expense": 14190000.0,
        "Total Other Finance Cost": -14190000.0,
        "Interest Income Non Operating": NaN,
        "Operating Income": -104895000.0,
        "Operating Expense": 116667000.0,
        "Research And Development": 87041000.0,
        "Selling General And Administration": 29626000.0,
        "General And Administrative Expense": 29626000.0,
        "Other Gand A": 29626000.0,
        "Salaries And Wages": NaN,
        "Total Revenue": 11772000.0,
        "Operating Revenue": 11772000.0
    }
}