{
    "2023-03-31": {
        "Tax Effect Of Unusual Items": 0.0,
        "Tax Rate For Calcs": 0.21,
        "Normalized EBITDA": -3498000.0,
        "Net Income From Continuing Operation Net Minority Interest": -3831000.0,
        "Reconciled Depreciation": 332000.0,
        "Reconciled Cost Of Revenue": 13015000.0,
        "EBITDA": -3498000.0,
        "EBIT": -3830000.0,
        "Net Interest Income": 1000.0,
        "Interest Expense": 0.0,
        "Interest Income": 1000.0,
        "Normalized Income": -3831000.0,
        "Net Income From Continuing And Discontinued Operation": -3831000.0,
        "Total Expenses": 16861000.0,
        "Total Operating Income As Reported": -3841000.0,
        "Diluted Average Shares": 10214000.0,
        "Basic Average Shares": 10214000.0,
        "Diluted EPS": -0.38,
        "Basic EPS": -0.38,
        "Diluted NI Availto Com Stockholders": -3831000.0,
        "Net Income Common Stockholders": -3831000.0,
        "Net Income": -3831000.0,
        "Net Income Including Noncontrolling Interests": -3831000.0,
        "Net Income Continuous Operations": -3831000.0,
        "Tax Provision": 1000.0,
        "Pretax Income": -3830000.0,
        "Other Income Expense": 10000.0,
        "Other Non Operating Income Expenses": 10000.0,
        "Net Non Operating Interest Income Expense": 1000.0,
        "Interest Expense Non Operating": 0.0,
        "Interest Income Non Operating": 1000.0,
        "Operating Income": -3841000.0,
        "Operating Expense": 3846000.0,
        "Other Operating Expenses": 3846000.0,
        "Gross Profit": 5000.0,
        "Cost Of Revenue": 13015000.0,
        "Total Revenue": 13020000.0,
        "Operating Revenue": 13079000.0
    },
    "2022-12-31": {
        "Tax Effect Of Unusual Items": NaN,
        "Tax Rate For Calcs": NaN,
        "Normalized EBITDA": NaN,
        "Net Income From Continuing Operation Net Minority Interest": NaN,
        "Reconciled Depreciation": NaN,
        "Reconciled Cost Of Revenue": NaN,
        "EBITDA": NaN,
        "EBIT": NaN,
        "Net Interest Income": NaN,
        "Interest Expense": NaN,
        "Interest Income": NaN,
        "Normalized Income": NaN,
        "Net Income From Continuing And Discontinued Operation": NaN,
        "Total Expenses": NaN,
        "Total Operating Income As Reported": NaN,
        "Diluted Average Shares": 10153000.0,
        "Basic Average Shares": 10153000.0,
        "Diluted EPS": -0.77,
        "Basic EPS": -0.77,
        "Diluted NI Availto Com Stockholders": NaN,
        "Net Income Common Stockholders": NaN,
        "Net Income": NaN,
        "Net Income Including Noncontrolling Interests": NaN,
        "Net Income Continuous Operations": NaN,
        "Tax Provision": NaN,
        "Pretax Income": NaN,
        "Other Income Expense": NaN,
        "Other Non Operating Income Expenses": NaN,
        "Net Non Operating Interest Income Expense": NaN,
        "Interest Expense Non Operating": NaN,
        "Interest Income Non Operating": NaN,
        "Operating Income": NaN,
        "Operating Expense": NaN,
        "Other Operating Expenses": 7116000.0,
        "Gross Profit": NaN,
        "Cost Of Revenue": NaN,
        "Total Revenue": NaN,
        "Operating Revenue": NaN
    },
    "2022-09-30": {
        "Tax Effect Of Unusual Items": 0.0,
        "Tax Rate For Calcs": 0.0,
        "Normalized EBITDA": -6483000.0,
        "Net Income From Continuing Operation Net Minority Interest": -6789000.0,
        "Reconciled Depreciation": 306000.0,
        "Reconciled Cost Of Revenue": 6950000.0,
        "EBITDA": -6483000.0,
        "EBIT": -6789000.0,
        "Net Interest Income": 18000.0,
        "Interest Expense": 0.0,
        "Interest Income": 18000.0,
        "Normalized Income": -6789000.0,
        "Net Income From Continuing And Discontinued Operation": -6789000.0,
        "Total Expenses": 13418000.0,
        "Total Operating Income As Reported": -6807000.0,
        "Diluted Average Shares": 10088000.0,
        "Basic Average Shares": 10088000.0,
        "Diluted EPS": -0.67,
        "Basic EPS": -0.67,
        "Diluted NI Availto Com Stockholders": -6789000.0,
        "Net Income Common Stockholders": -6789000.0,
        "Net Income": -6789000.0,
        "Net Income Including Noncontrolling Interests": -6789000.0,
        "Net Income Continuous Operations": -6789000.0,
        "Tax Provision": 0.0,
        "Pretax Income": -6789000.0,
        "Other Income Expense": NaN,
        "Other Non Operating Income Expenses": NaN,
        "Net Non Operating Interest Income Expense": 18000.0,
        "Interest Expense Non Operating": 0.0,
        "Interest Income Non Operating": 18000.0,
        "Operating Income": -6807000.0,
        "Operating Expense": 6468000.0,
        "Other Operating Expenses": 6468000.0,
        "Gross Profit": -339000.0,
        "Cost Of Revenue": 6950000.0,
        "Total Revenue": 6611000.0,
        "Operating Revenue": 6633000.0
    },
    "2022-06-30": {
        "Tax Effect Of Unusual Items": 0.0,
        "Tax Rate For Calcs": 0.4,
        "Normalized EBITDA": -2511000.0,
        "Net Income From Continuing Operation Net Minority Interest": -2803000.0,
        "Reconciled Depreciation": 290000.0,
        "Reconciled Cost Of Revenue": 4044000.0,
        "EBITDA": -2511000.0,
        "EBIT": -2801000.0,
        "Net Interest Income": 14000.0,
        "Interest Expense": 1000.0,
        "Interest Income": 15000.0,
        "Normalized Income": -2803000.0,
        "Net Income From Continuing And Discontinued Operation": -2803000.0,
        "Total Expenses": 6534000.0,
        "Total Operating Income As Reported": -2816000.0,
        "Diluted Average Shares": 10075000.0,
        "Basic Average Shares": 10075000.0,
        "Diluted EPS": -0.28,
        "Basic EPS": -0.28,
        "Diluted NI Availto Com Stockholders": -2803000.0,
        "Net Income Common Stockholders": -2803000.0,
        "Net Income": -2803000.0,
        "Net Income Including Noncontrolling Interests": -2803000.0,
        "Net Income Continuous Operations": -2803000.0,
        "Tax Provision": 1000.0,
        "Pretax Income": -2802000.0,
        "Other Income Expense": NaN,
        "Other Non Operating Income Expenses": NaN,
        "Net Non Operating Interest Income Expense": 14000.0,
        "Interest Expense Non Operating": 1000.0,
        "Interest Income Non Operating": 15000.0,
        "Operating Income": -2816000.0,
        "Operating Expense": 2490000.0,
        "Other Operating Expenses": 2490000.0,
        "Gross Profit": -326000.0,
        "Cost Of Revenue": 4044000.0,
        "Total Revenue": 3718000.0,
        "Operating Revenue": 3720000.0
    },
    "2022-03-31": {
        "Diluted EPS": -0.24,
        "Total Revenue": 4,
        "Gross Profit": 0,
        "Operating Income": -2,
        "EBIT": -2,
        "Net Income": -2
    },
    "2021-12-31": {
        "Diluted EPS": -0.23,
        "Total Revenue": 3,
        "Gross Profit": 0,
        "Operating Income": -2,
        "EBIT": -2,
        "Net Income": -2
    },
    "2021-09-30": {
        "Diluted EPS": -0.19,
        "Total Revenue": 2,
        "Gross Profit": 0,
        "Operating Income": -2,
        "EBIT": -2,
        "Net Income": -2
    },
    "2021-06-30": {
        "Diluted EPS": -0.18,
        "Total Revenue": 2,
        "Gross Profit": 0,
        "Operating Income": -2,
        "EBIT": -2,
        "Net Income": -2
    },
    "2021-03-31": {
        "Diluted EPS": -0.14,
        "Total Revenue": 1,
        "Gross Profit": 0,
        "Operating Income": -1,
        "EBIT": -1,
        "Net Income": -1
    },
    "2020-12-31": {
        "Diluted EPS": -0.34,
        "Total Revenue": 2,
        "Gross Profit": -1,
        "Operating Income": -2,
        "EBIT": -2,
        "Net Income": -2
    },
    "2020-09-30": {
        "Diluted EPS": -0.17,
        "Total Revenue": 1,
        "Gross Profit": 0,
        "Operating Income": -1,
        "EBIT": -1,
        "Net Income": -1
    },
    "2020-06-30": {
        "Diluted EPS": -0.16,
        "Total Revenue": 1,
        "Gross Profit": 0,
        "Operating Income": -1,
        "EBIT": -1,
        "Net Income": -1
    },
    "2020-03-31": {
        "Diluted EPS": -0.17,
        "Total Revenue": 1,
        "Gross Profit": 0,
        "Operating Income": -1,
        "EBIT": -1,
        "Net Income": -1
    },
    "2019-12-31": {
        "Diluted EPS": -0.24,
        "Total Revenue": 0,
        "Gross Profit": -1,
        "Operating Income": -1,
        "EBIT": -1,
        "Net Income": -1
    },
    "2019-09-30": {
        "Diluted EPS": -0.12,
        "Total Revenue": 2,
        "Gross Profit": 0,
        "Operating Income": -1,
        "EBIT": -1,
        "Net Income": -1
    },
    "2019-06-30": {
        "Diluted EPS": -0.21,
        "Total Revenue": 2,
        "Gross Profit": 0,
        "Operating Income": -1,
        "EBIT": 0,
        "Net Income": -1
    },
    "2019-03-31": {
        "Diluted EPS": -0.31,
        "Total Revenue": 1,
        "Gross Profit": 0,
        "Operating Income": -1,
        "EBIT": 0,
        "Net Income": -1
    },
    "2018-12-31": {
        "Diluted EPS": -0.41,
        "Total Revenue": 2,
        "Gross Profit": 0,
        "Operating Income": -1,
        "EBIT": -1,
        "Net Income": -1
    },
    "2018-09-30": {
        "Diluted EPS": -0.21,
        "Total Revenue": 1,
        "Gross Profit": 0,
        "Operating Income": 0,
        "EBIT": 0,
        "Net Income": -1
    },
    "2018-06-30": {
        "Diluted EPS": -0.27,
        "Total Revenue": 1,
        "Gross Profit": 0,
        "Operating Income": -1,
        "EBIT": 0,
        "Net Income": -1
    },
    "2018-03-31": {
        "Diluted EPS": -0.35,
        "Total Revenue": 3,
        "Gross Profit": 0,
        "Operating Income": -1,
        "EBIT": 0,
        "Net Income": -1
    },
    "2017-12-31": {
        "Diluted EPS": -0.5,
        "Total Revenue": 0,
        "Gross Profit": 0,
        "Operating Income": -1,
        "EBIT": -1,
        "Net Income": -1
    },
    "2017-09-30": {
        "Diluted EPS": 0.0,
        "Total Revenue": 0,
        "Gross Profit": 0,
        "Operating Income": 0,
        "EBIT": 0,
        "Net Income": -1
    },
    "2017-06-30": {
        "Diluted EPS": 0.0,
        "Total Revenue": 1,
        "Gross Profit": 0,
        "Operating Income": -1,
        "EBIT": -1,
        "Net Income": -1
    },
    "2017-03-31": {
        "Diluted EPS": -0.5,
        "Total Revenue": 0,
        "Gross Profit": 0,
        "Operating Income": -1,
        "EBIT": -1,
        "Net Income": -1
    },
    "2016-12-31": {
        "Diluted EPS": 0.5,
        "Total Revenue": 2,
        "Gross Profit": 0,
        "Operating Income": -1,
        "EBIT": -1,
        "Net Income": -1
    },
    "2016-09-30": {
        "Diluted EPS": -0.5,
        "Total Revenue": 1,
        "Gross Profit": 0,
        "Operating Income": -1,
        "EBIT": -1,
        "Net Income": -1
    },
    "2016-06-30": {
        "Diluted EPS": -0.5,
        "Total Revenue": 0,
        "Gross Profit": 0,
        "Operating Income": -1,
        "EBIT": -1,
        "Net Income": -1
    },
    "2016-03-31": {
        "Diluted EPS": -0.5,
        "Total Revenue": 0,
        "Gross Profit": 0,
        "Operating Income": -1,
        "EBIT": 0,
        "Net Income": -1
    },
    "2015-12-31": {
        "Diluted EPS": 0.0,
        "Total Revenue": 1,
        "Gross Profit": 1,
        "Operating Income": 1,
        "EBIT": 1,
        "Net Income": 0
    },
    "2015-06-30": {
        "Diluted EPS": 0.0,
        "Total Revenue": NaN,
        "Gross Profit": NaN,
        "Operating Income": NaN,
        "EBIT": NaN,
        "Net Income": NaN
    },
    "2015-03-31": {
        "Diluted EPS": 0.0,
        "Total Revenue": NaN,
        "Gross Profit": NaN,
        "Operating Income": NaN,
        "EBIT": NaN,
        "Net Income": NaN
    },
    "2023-06-30": {
        "Tax Effect Of Unusual Items": 0.0,
        "Tax Rate For Calcs": 0.21,
        "Normalized EBITDA": -3157000.0,
        "Net Income From Continuing Operation Net Minority Interest": -3530000.0,
        "Reconciled Depreciation": 359000.0,
        "Reconciled Cost Of Revenue": 17318000.0,
        "EBITDA": -3157000.0,
        "EBIT": -3516000.0,
        "Net Interest Income": 22000.0,
        "Interest Expense": 2000.0,
        "Interest Income": 24000.0,
        "Normalized Income": -3530000.0,
        "Net Income From Continuing And Discontinued Operation": -3530000.0,
        "Total Expenses": 21360000.0,
        "Total Operating Income As Reported": -3541000.0,
        "Diluted Average Shares": 10990000.0,
        "Basic Average Shares": 10990000.0,
        "Diluted EPS": -0.32,
        "Basic EPS": -0.32,
        "Diluted NI Availto Com Stockholders": -3530000.0,
        "Net Income Common Stockholders": -3530000.0,
        "Net Income": -3530000.0,
        "Net Income Including Noncontrolling Interests": -3530000.0,
        "Net Income Continuous Operations": -3530000.0,
        "Tax Provision": 12000.0,
        "Pretax Income": -3518000.0,
        "Other Income Expense": 1000.0,
        "Other Non Operating Income Expenses": 1000.0,
        "Net Non Operating Interest Income Expense": 22000.0,
        "Interest Expense Non Operating": 2000.0,
        "Interest Income Non Operating": 24000.0,
        "Operating Income": -3541000.0,
        "Operating Expense": 4042000.0,
        "Other Operating Expenses": 4042000.0,
        "Gross Profit": 501000.0,
        "Cost Of Revenue": 17318000.0,
        "Total Revenue": 17819000.0,
        "Operating Revenue": 17949000.0
    },
    "2023-09-30": {
        "Tax Effect Of Unusual Items": 0.0,
        "Tax Rate For Calcs": 0.0,
        "Normalized EBITDA": -3262000.0,
        "Net Income From Continuing Operation Net Minority Interest": -3629000.0,
        "Reconciled Depreciation": 363000.0,
        "Reconciled Cost Of Revenue": 16203000.0,
        "EBITDA": -3262000.0,
        "EBIT": -3625000.0,
        "Net Interest Income": 132000.0,
        "Interest Expense": 4000.0,
        "Interest Income": 136000.0,
        "Normalized Income": -3629000.0,
        "Net Income From Continuing And Discontinued Operation": -3629000.0,
        "Total Expenses": 20240000.0,
        "Total Operating Income As Reported": -3754000.0,
        "Diluted Average Shares": 13936000.0,
        "Basic Average Shares": 13936000.0,
        "Diluted EPS": -0.26,
        "Basic EPS": -0.26,
        "Diluted NI Availto Com Stockholders": -3629000.0,
        "Net Income Common Stockholders": -3629000.0,
        "Net Income": -3629000.0,
        "Net Income Including Noncontrolling Interests": -3629000.0,
        "Net Income Continuous Operations": -3629000.0,
        "Tax Provision": 0.0,
        "Pretax Income": -3629000.0,
        "Other Income Expense": -7000.0,
        "Other Non Operating Income Expenses": -7000.0,
        "Net Non Operating Interest Income Expense": 132000.0,
        "Interest Expense Non Operating": 4000.0,
        "Interest Income Non Operating": 136000.0,
        "Operating Income": -3754000.0,
        "Operating Expense": 4037000.0,
        "Other Operating Expenses": 4037000.0,
        "Gross Profit": 283000.0,
        "Cost Of Revenue": 16203000.0,
        "Total Revenue": 16486000.0,
        "Operating Revenue": 16581000.0
    },
    "2023-12-31": {
        "Tax Effect Of Unusual Items": 0.0,
        "Tax Rate For Calcs": 0.000197,
        "Normalized EBITDA": -4257000.0,
        "Net Income From Continuing Operation Net Minority Interest": -5070000.0,
        "Reconciled Depreciation": 808000.0,
        "Reconciled Cost Of Revenue": 19613000.0,
        "EBITDA": -4257000.0,
        "EBIT": -5065000.0,
        "Net Interest Income": 94000.0,
        "Interest Expense": 6000.0,
        "Interest Income": 100000.0,
        "Normalized Income": -5070000.0,
        "Net Income From Continuing And Discontinued Operation": -5070000.0,
        "Total Expenses": 25153000.0,
        "Total Operating Income As Reported": -5125000.0,
        "Diluted Average Shares": NaN,
        "Basic Average Shares": NaN,
        "Diluted EPS": NaN,
        "Basic EPS": NaN,
        "Diluted NI Availto Com Stockholders": -5070000.0,
        "Net Income Common Stockholders": -5070000.0,
        "Net Income": -5070000.0,
        "Net Income Including Noncontrolling Interests": -5070000.0,
        "Net Income Continuous Operations": -5070000.0,
        "Tax Provision": -1000.0,
        "Pretax Income": -5071000.0,
        "Other Income Expense": -40000.0,
        "Other Non Operating Income Expenses": -40000.0,
        "Net Non Operating Interest Income Expense": 94000.0,
        "Interest Expense Non Operating": 6000.0,
        "Interest Income Non Operating": 100000.0,
        "Operating Income": -5125000.0,
        "Operating Expense": 5540000.0,
        "Other Operating Expenses": 5540000.0,
        "Gross Profit": 415000.0,
        "Cost Of Revenue": 19613000.0,
        "Total Revenue": 20027000.0,
        "Operating Revenue": 20079000.0
    },
    "2024-03-31": {
        "Tax Effect Of Unusual Items": 0.0,
        "Tax Rate For Calcs": 0.0,
        "Normalized EBITDA": -2103000.0,
        "Net Income From Continuing Operation Net Minority Interest": -3037000.0,
        "Reconciled Depreciation": 930000.0,
        "Reconciled Cost Of Revenue": 13082000.0,
        "EBITDA": -2103000.0,
        "EBIT": -3033000.0,
        "Net Interest Income": 67000.0,
        "Interest Expense": 4000.0,
        "Interest Income": 71000.0,
        "Normalized Income": -3037000.0,
        "Net Income From Continuing And Discontinued Operation": -3037000.0,
        "Total Expenses": 17609000.0,
        "Total Operating Income As Reported": -3048000.0,
        "Diluted Average Shares": 14422000.0,
        "Basic Average Shares": 14422000.0,
        "Diluted EPS": -0.21,
        "Basic EPS": -0.21,
        "Diluted NI Availto Com Stockholders": -3037000.0,
        "Net Income Common Stockholders": -3037000.0,
        "Net Income": -3037000.0,
        "Net Income Including Noncontrolling Interests": -3037000.0,
        "Net Income Continuous Operations": -3037000.0,
        "Tax Provision": 0.0,
        "Pretax Income": -3037000.0,
        "Other Income Expense": -56000.0,
        "Other Non Operating Income Expenses": -56000.0,
        "Net Non Operating Interest Income Expense": 67000.0,
        "Interest Expense Non Operating": 4000.0,
        "Interest Income Non Operating": 71000.0,
        "Operating Income": -3048000.0,
        "Operating Expense": 4527000.0,
        "Other Operating Expenses": NaN,
        "Gross Profit": 1479000.0,
        "Cost Of Revenue": 13082000.0,
        "Total Revenue": 14560000.0,
        "Operating Revenue": 14640000.0
    }
}