{
    "2023-12-31": {
        "Tax Effect Of Unusual Items": 0.0,
        "Tax Rate For Calcs": 0.0,
        "Normalized EBITDA": -562000.0,
        "Total Unusual Items": -845000.0,
        "Total Unusual Items Excluding Goodwill": -845000.0,
        "Net Income From Continuing Operation Net Minority Interest": -4023000.0,
        "Reconciled Depreciation": 2123000.0,
        "Reconciled Cost Of Revenue": 2422000.0,
        "EBITDA": -1407000.0,
        "EBIT": -3530000.0,
        "Net Interest Income": -3017000.0,
        "Interest Expense": 3017000.0,
        "Normalized Income": -3178000.0,
        "Net Income From Continuing And Discontinued Operation": -4023000.0,
        "Total Expenses": 10604000.0,
        "Diluted Average Shares": NaN,
        "Basic Average Shares": NaN,
        "Diluted EPS": NaN,
        "Basic EPS": NaN,
        "Diluted NI Availto Com Stockholders": -4585000.0,
        "Net Income Common Stockholders": -4585000.0,
        "Preferred Stock Dividends": 562000.0,
        "Net Income": -4023000.0,
        "Minority Interests": 2524000.0,
        "Net Income Including Noncontrolling Interests": -6547000.0,
        "Net Income Continuous Operations": -6547000.0,
        "Pretax Income": -6547000.0,
        "Other Income Expense": -818000.0,
        "Other Non Operating Income Expenses": 27000.0,
        "Special Income Charges": -845000.0,
        "Impairment Of Capital Assets": 282000.0,
        "Restructuring And Mergern Acquisition": 563000.0,
        "Gain On Sale Of Security": 0.0,
        "Net Non Operating Interest Income Expense": -3017000.0,
        "Interest Expense Non Operating": 3017000.0,
        "Operating Income": -2712000.0,
        "Operating Expense": 8182000.0,
        "Other Operating Expenses": 1514000.0,
        "Depreciation Amortization Depletion Income Statement": 2123000.0,
        "Depreciation And Amortization In Income Statement": 2123000.0,
        "Selling General And Administration": 4545000.0,
        "General And Administrative Expense": 4545000.0,
        "Other Gand A": 4545000.0,
        "Gross Profit": 5470000.0,
        "Cost Of Revenue": 2422000.0,
        "Total Revenue": 7892000.0,
        "Operating Revenue": 7892000.0
    },
    "2023-09-30": {
        "Tax Effect Of Unusual Items": 0.0,
        "Tax Rate For Calcs": 0.0,
        "Normalized EBITDA": -14819000.0,
        "Total Unusual Items": -4072000.0,
        "Total Unusual Items Excluding Goodwill": -4072000.0,
        "Net Income From Continuing Operation Net Minority Interest": -17835000.0,
        "Reconciled Depreciation": 2133000.0,
        "Reconciled Cost Of Revenue": 2191000.0,
        "EBITDA": -18891000.0,
        "EBIT": -21024000.0,
        "Net Interest Income": -3618000.0,
        "Interest Expense": 3618000.0,
        "Normalized Income": -13763000.0,
        "Net Income From Continuing And Discontinued Operation": -17835000.0,
        "Total Expenses": 26136000.0,
        "Diluted Average Shares": 13089848.0,
        "Basic Average Shares": 13089848.0,
        "Diluted EPS": -1.77,
        "Basic EPS": -1.77,
        "Diluted NI Availto Com Stockholders": -23125000.0,
        "Net Income Common Stockholders": -23125000.0,
        "Preferred Stock Dividends": 5290000.0,
        "Net Income": -17835000.0,
        "Minority Interests": 6807000.0,
        "Net Income Including Noncontrolling Interests": -24642000.0,
        "Net Income Continuous Operations": -24642000.0,
        "Pretax Income": -24642000.0,
        "Other Income Expense": -2951000.0,
        "Other Non Operating Income Expenses": 1121000.0,
        "Special Income Charges": -4072000.0,
        "Impairment Of Capital Assets": 8700000.0,
        "Restructuring And Mergern Acquisition": -4628000.0,
        "Gain On Sale Of Security": NaN,
        "Net Non Operating Interest Income Expense": -3618000.0,
        "Interest Expense Non Operating": 3618000.0,
        "Operating Income": -18073000.0,
        "Operating Expense": 23944000.0,
        "Other Operating Expenses": 17332000.0,
        "Depreciation Amortization Depletion Income Statement": 2132000.0,
        "Depreciation And Amortization In Income Statement": 2132000.0,
        "Selling General And Administration": 4480000.0,
        "General And Administrative Expense": 4480000.0,
        "Other Gand A": 4480000.0,
        "Gross Profit": 5871000.0,
        "Cost Of Revenue": 2192000.0,
        "Total Revenue": 8063000.0,
        "Operating Revenue": 8063000.0
    },
    "2023-03-31": {
        "Tax Effect Of Unusual Items": NaN,
        "Tax Rate For Calcs": NaN,
        "Normalized EBITDA": NaN,
        "Total Unusual Items": NaN,
        "Total Unusual Items Excluding Goodwill": NaN,
        "Net Income From Continuing Operation Net Minority Interest": NaN,
        "Reconciled Depreciation": NaN,
        "Reconciled Cost Of Revenue": NaN,
        "EBITDA": NaN,
        "EBIT": NaN,
        "Net Interest Income": NaN,
        "Interest Expense": NaN,
        "Normalized Income": NaN,
        "Net Income From Continuing And Discontinued Operation": NaN,
        "Total Expenses": NaN,
        "Diluted Average Shares": NaN,
        "Basic Average Shares": NaN,
        "Diluted EPS": NaN,
        "Basic EPS": NaN,
        "Diluted NI Availto Com Stockholders": NaN,
        "Net Income Common Stockholders": NaN,
        "Preferred Stock Dividends": NaN,
        "Net Income": NaN,
        "Minority Interests": NaN,
        "Net Income Including Noncontrolling Interests": NaN,
        "Net Income Continuous Operations": NaN,
        "Pretax Income": NaN,
        "Other Income Expense": NaN,
        "Other Non Operating Income Expenses": NaN,
        "Special Income Charges": NaN,
        "Impairment Of Capital Assets": NaN,
        "Restructuring And Mergern Acquisition": NaN,
        "Gain On Sale Of Security": 660000.0,
        "Net Non Operating Interest Income Expense": NaN,
        "Interest Expense Non Operating": NaN,
        "Operating Income": NaN,
        "Operating Expense": NaN,
        "Other Operating Expenses": 33000.0,
        "Depreciation Amortization Depletion Income Statement": NaN,
        "Depreciation And Amortization In Income Statement": NaN,
        "Selling General And Administration": NaN,
        "General And Administrative Expense": NaN,
        "Other Gand A": NaN,
        "Gross Profit": NaN,
        "Cost Of Revenue": NaN,
        "Total Revenue": NaN,
        "Operating Revenue": NaN
    },
    "2024-03-31": {
        "Tax Effect Of Unusual Items": 0.0,
        "Tax Rate For Calcs": 0.0,
        "Normalized EBITDA": 1628000.0,
        "Total Unusual Items": 455000.0,
        "Total Unusual Items Excluding Goodwill": 455000.0,
        "Net Income From Continuing Operation Net Minority Interest": -2098000.0,
        "Reconciled Depreciation": 2093000.0,
        "Reconciled Cost Of Revenue": 3425000.0,
        "EBITDA": 2083000.0,
        "EBIT": -10000.0,
        "Net Interest Income": -2979000.0,
        "Interest Expense": 2979000.0,
        "Normalized Income": -2553000.0,
        "Net Income From Continuing And Discontinued Operation": -2098000.0,
        "Total Expenses": 9224000.0,
        "Diluted Average Shares": 28237352.0,
        "Basic Average Shares": 28237352.0,
        "Diluted EPS": -0.09,
        "Basic EPS": -0.09,
        "Diluted NI Availto Com Stockholders": -2626000.0,
        "Net Income Common Stockholders": -2626000.0,
        "Preferred Stock Dividends": 528000.0,
        "Net Income": -2098000.0,
        "Minority Interests": 891000.0,
        "Net Income Including Noncontrolling Interests": -2989000.0,
        "Net Income Continuous Operations": -2989000.0,
        "Pretax Income": -2989000.0,
        "Other Income Expense": 387000.0,
        "Other Non Operating Income Expenses": -68000.0,
        "Special Income Charges": 497000.0,
        "Impairment Of Capital Assets": 157000.0,
        "Restructuring And Mergern Acquisition": -654000.0,
        "Gain On Sale Of Security": -42000.0,
        "Net Non Operating Interest Income Expense": -2979000.0,
        "Interest Expense Non Operating": 2979000.0,
        "Operating Income": -397000.0,
        "Operating Expense": 5799000.0,
        "Other Operating Expenses": NaN,
        "Depreciation Amortization Depletion Income Statement": 2093000.0,
        "Depreciation And Amortization In Income Statement": 2093000.0,
        "Selling General And Administration": 3706000.0,
        "General And Administrative Expense": 3706000.0,
        "Other Gand A": 3706000.0,
        "Gross Profit": 5402000.0,
        "Cost Of Revenue": 3425000.0,
        "Total Revenue": 8827000.0,
        "Operating Revenue": 8827000.0
    },
    "2022-12-31": {
        "Tax Effect Of Unusual Items": NaN,
        "Tax Rate For Calcs": NaN,
        "Normalized EBITDA": NaN,
        "Total Unusual Items": NaN,
        "Total Unusual Items Excluding Goodwill": NaN,
        "Net Income From Continuing Operation Net Minority Interest": NaN,
        "Reconciled Depreciation": NaN,
        "Reconciled Cost Of Revenue": NaN,
        "EBITDA": NaN,
        "EBIT": NaN,
        "Net Interest Income": NaN,
        "Interest Expense": NaN,
        "Normalized Income": NaN,
        "Net Income From Continuing And Discontinued Operation": NaN,
        "Total Expenses": NaN,
        "Diluted Average Shares": NaN,
        "Basic Average Shares": NaN,
        "Diluted EPS": NaN,
        "Basic EPS": NaN,
        "Diluted NI Availto Com Stockholders": NaN,
        "Net Income Common Stockholders": NaN,
        "Preferred Stock Dividends": NaN,
        "Net Income": NaN,
        "Minority Interests": NaN,
        "Net Income Including Noncontrolling Interests": NaN,
        "Net Income Continuous Operations": NaN,
        "Pretax Income": NaN,
        "Other Income Expense": NaN,
        "Other Non Operating Income Expenses": NaN,
        "Special Income Charges": NaN,
        "Other Special Charges": 0.0,
        "Impairment Of Capital Assets": NaN,
        "Restructuring And Mergern Acquisition": NaN,
        "Gain On Sale Of Security": 0.0,
        "Net Non Operating Interest Income Expense": NaN,
        "Interest Expense Non Operating": NaN,
        "Operating Income": NaN,
        "Operating Expense": NaN,
        "Other Operating Expenses": 900000.0,
        "Depreciation Amortization Depletion Income Statement": NaN,
        "Depreciation And Amortization In Income Statement": NaN,
        "Selling General And Administration": NaN,
        "General And Administrative Expense": NaN,
        "Other Gand A": NaN,
        "Gross Profit": NaN,
        "Cost Of Revenue": NaN,
        "Total Revenue": NaN,
        "Operating Revenue": NaN
    },
    "2022-09-30": {
        "Tax Effect Of Unusual Items": NaN,
        "Tax Rate For Calcs": NaN,
        "Normalized EBITDA": NaN,
        "Total Unusual Items": NaN,
        "Total Unusual Items Excluding Goodwill": NaN,
        "Net Income From Continuing Operation Net Minority Interest": NaN,
        "Reconciled Depreciation": NaN,
        "Reconciled Cost Of Revenue": NaN,
        "EBITDA": NaN,
        "EBIT": NaN,
        "Net Interest Income": NaN,
        "Interest Expense": NaN,
        "Normalized Income": NaN,
        "Net Income From Continuing And Discontinued Operation": NaN,
        "Total Expenses": NaN,
        "Diluted Average Shares": 13089848.0,
        "Basic Average Shares": 13089848.0,
        "Diluted EPS": -0.22,
        "Basic EPS": -0.22,
        "Diluted NI Availto Com Stockholders": NaN,
        "Net Income Common Stockholders": NaN,
        "Preferred Stock Dividends": NaN,
        "Net Income": NaN,
        "Minority Interests": NaN,
        "Net Income Including Noncontrolling Interests": NaN,
        "Net Income Continuous Operations": NaN,
        "Pretax Income": NaN,
        "Other Income Expense": NaN,
        "Other Non Operating Income Expenses": NaN,
        "Special Income Charges": NaN,
        "Other Special Charges": NaN,
        "Impairment Of Capital Assets": 0.0,
        "Restructuring And Mergern Acquisition": NaN,
        "Gain On Sale Of Security": -52000.0,
        "Net Non Operating Interest Income Expense": NaN,
        "Interest Expense Non Operating": NaN,
        "Operating Income": NaN,
        "Operating Expense": NaN,
        "Other Operating Expenses": 1971000.0,
        "Depreciation Amortization Depletion Income Statement": NaN,
        "Depreciation And Amortization In Income Statement": NaN,
        "Selling General And Administration": NaN,
        "General And Administrative Expense": NaN,
        "Other Gand A": NaN,
        "Gross Profit": NaN,
        "Cost Of Revenue": NaN,
        "Total Revenue": NaN,
        "Operating Revenue": NaN
    },
    "2024-06-30": {
        "Tax Effect Of Unusual Items": 0.0,
        "Tax Rate For Calcs": 0.0,
        "Normalized EBITDA": 2404000.0,
        "Total Unusual Items": 310000.0,
        "Total Unusual Items Excluding Goodwill": 310000.0,
        "Net Income From Continuing Operation Net Minority Interest": -1357000.0,
        "Reconciled Depreciation": 2096000.0,
        "Reconciled Cost Of Revenue": 3633000.0,
        "EBITDA": 2714000.0,
        "EBIT": 618000.0,
        "Net Interest Income": -3087000.0,
        "Interest Expense": 3087000.0,
        "Normalized Income": -1667000.0,
        "Net Income From Continuing And Discontinued Operation": -1357000.0,
        "Total Expenses": 8898000.0,
        "Diluted Average Shares": 29225378.0,
        "Basic Average Shares": 29225378.0,
        "Diluted EPS": -0.06,
        "Basic EPS": -0.06,
        "Diluted NI Availto Com Stockholders": -1843000.0,
        "Net Income Common Stockholders": -1843000.0,
        "Preferred Stock Dividends": 486000.0,
        "Net Income": -1357000.0,
        "Minority Interests": 1112000.0,
        "Net Income Including Noncontrolling Interests": -2469000.0,
        "Net Income Continuous Operations": -2469000.0,
        "Pretax Income": -2469000.0,
        "Other Income Expense": 250000.0,
        "Other Non Operating Income Expenses": -60000.0,
        "Special Income Charges": 310000.0,
        "Impairment Of Capital Assets": 0.0,
        "Restructuring And Mergern Acquisition": -310000.0,
        "Gain On Sale Of Security": NaN,
        "Net Non Operating Interest Income Expense": -3087000.0,
        "Interest Expense Non Operating": 3087000.0,
        "Operating Income": 368000.0,
        "Operating Expense": 5265000.0,
        "Other Operating Expenses": NaN,
        "Depreciation Amortization Depletion Income Statement": 2096000.0,
        "Depreciation And Amortization In Income Statement": 2096000.0,
        "Selling General And Administration": 3169000.0,
        "General And Administrative Expense": 3169000.0,
        "Other Gand A": 3169000.0,
        "Gross Profit": 5633000.0,
        "Cost Of Revenue": 3633000.0,
        "Total Revenue": 9266000.0,
        "Operating Revenue": 9266000.0
    },
    "2023-06-30": {
        "Tax Effect Of Unusual Items": NaN,
        "Tax Rate For Calcs": NaN,
        "Normalized EBITDA": NaN,
        "Total Unusual Items": NaN,
        "Total Unusual Items Excluding Goodwill": NaN,
        "Net Income From Continuing Operation Net Minority Interest": NaN,
        "Reconciled Depreciation": NaN,
        "Reconciled Cost Of Revenue": NaN,
        "EBITDA": NaN,
        "EBIT": NaN,
        "Net Interest Income": NaN,
        "Interest Expense": NaN,
        "Normalized Income": NaN,
        "Net Income From Continuing And Discontinued Operation": NaN,
        "Total Expenses": NaN,
        "Diluted Average Shares": 13089848.0,
        "Basic Average Shares": 13089848.0,
        "Diluted EPS": -0.19,
        "Basic EPS": -0.19,
        "Diluted NI Availto Com Stockholders": NaN,
        "Net Income Common Stockholders": NaN,
        "Preferred Stock Dividends": NaN,
        "Net Income": NaN,
        "Minority Interests": NaN,
        "Net Income Including Noncontrolling Interests": NaN,
        "Net Income Continuous Operations": NaN,
        "Pretax Income": NaN,
        "Other Income Expense": NaN,
        "Other Non Operating Income Expenses": NaN,
        "Special Income Charges": NaN,
        "Impairment Of Capital Assets": NaN,
        "Restructuring And Mergern Acquisition": NaN,
        "Gain On Sale Of Security": NaN,
        "Net Non Operating Interest Income Expense": NaN,
        "Interest Expense Non Operating": NaN,
        "Operating Income": NaN,
        "Operating Expense": NaN,
        "Other Operating Expenses": 84000.0,
        "Depreciation Amortization Depletion Income Statement": NaN,
        "Depreciation And Amortization In Income Statement": NaN,
        "Selling General And Administration": NaN,
        "General And Administrative Expense": NaN,
        "Other Gand A": NaN,
        "Gross Profit": NaN,
        "Cost Of Revenue": NaN,
        "Total Revenue": NaN,
        "Operating Revenue": NaN
    },
    "2024-09-30": {
        "Tax Effect Of Unusual Items": 0.0,
        "Tax Rate For Calcs": 0.0,
        "Normalized EBITDA": 3396000.0,
        "Total Unusual Items": 166000.0,
        "Total Unusual Items Excluding Goodwill": 166000.0,
        "Net Income From Continuing Operation Net Minority Interest": -1311000.0,
        "Reconciled Depreciation": 2104000.0,
        "Reconciled Cost Of Revenue": 3664000.0,
        "EBITDA": 3562000.0,
        "EBIT": 1458000.0,
        "Net Interest Income": -3348000.0,
        "Interest Expense": 3348000.0,
        "Normalized Income": -1477000.0,
        "Net Income From Continuing And Discontinued Operation": -1311000.0,
        "Total Expenses": 8848000.0,
        "Diluted Average Shares": 30615113.0,
        "Basic Average Shares": 30615113.0,
        "Diluted EPS": -0.06,
        "Basic EPS": -0.06,
        "Diluted NI Availto Com Stockholders": -1751000.0,
        "Net Income Common Stockholders": -1751000.0,
        "Preferred Stock Dividends": 440000.0,
        "Net Income": -1311000.0,
        "Minority Interests": 579000.0,
        "Net Income Including Noncontrolling Interests": -1890000.0,
        "Net Income Continuous Operations": -1890000.0,
        "Pretax Income": -1890000.0,
        "Other Income Expense": 548000.0,
        "Other Non Operating Income Expenses": 382000.0,
        "Special Income Charges": 179000.0,
        "Impairment Of Capital Assets": 0.0,
        "Restructuring And Mergern Acquisition": -179000.0,
        "Gain On Sale Of Security": -13000.0,
        "Net Non Operating Interest Income Expense": -3348000.0,
        "Interest Expense Non Operating": 3348000.0,
        "Operating Income": 910000.0,
        "Operating Expense": 5184000.0,
        "Other Operating Expenses": NaN,
        "Depreciation Amortization Depletion Income Statement": 2104000.0,
        "Depreciation And Amortization In Income Statement": 2104000.0,
        "Selling General And Administration": 3080000.0,
        "General And Administrative Expense": 3080000.0,
        "Other Gand A": 3080000.0,
        "Gross Profit": 6094000.0,
        "Cost Of Revenue": 3664000.0,
        "Total Revenue": 9758000.0,
        "Operating Revenue": 9758000.0
    }
}