{
    "2023-03-31": {
        "Tax Effect Of Unusual Items": NaN,
        "Tax Rate For Calcs": NaN,
        "Normalized EBITDA": NaN,
        "Total Unusual Items": NaN,
        "Total Unusual Items Excluding Goodwill": NaN,
        "Net Income From Continuing Operation Net Minority Interest": NaN,
        "Reconciled Depreciation": NaN,
        "Reconciled Cost Of Revenue": NaN,
        "EBITDA": NaN,
        "EBIT": NaN,
        "Net Interest Income": NaN,
        "Interest Expense": NaN,
        "Normalized Income": NaN,
        "Net Income From Continuing And Discontinued Operation": NaN,
        "Total Expenses": NaN,
        "Total Operating Income As Reported": NaN,
        "Diluted Average Shares": 122500000.0,
        "Basic Average Shares": 120700000.0,
        "Diluted EPS": 1.42,
        "Basic EPS": 1.44,
        "Diluted NI Availto Com Stockholders": NaN,
        "Net Income Common Stockholders": NaN,
        "Net Income": NaN,
        "Net Income Including Noncontrolling Interests": NaN,
        "Net Income Continuous Operations": NaN,
        "Tax Provision": NaN,
        "Pretax Income": NaN,
        "Other Income Expense": NaN,
        "Other Non Operating Income Expenses": NaN,
        "Special Income Charges": NaN,
        "Restructuring And Mergern Acquisition": NaN,
        "Net Non Operating Interest Income Expense": NaN,
        "Interest Expense Non Operating": NaN,
        "Operating Income": NaN,
        "Operating Expense": NaN,
        "Depreciation Amortization Depletion Income Statement": NaN,
        "Depreciation And Amortization In Income Statement": NaN,
        "Amortization": NaN,
        "Amortization Of Intangibles Income Statement": NaN,
        "Selling General And Administration": NaN,
        "Gross Profit": NaN,
        "Cost Of Revenue": NaN,
        "Total Revenue": NaN,
        "Operating Revenue": NaN
    },
    "2022-12-31": {
        "Tax Effect Of Unusual Items": -2782608.695652,
        "Tax Rate For Calcs": 0.231884,
        "Normalized EBITDA": 420000000.0,
        "Total Unusual Items": -12000000.0,
        "Total Unusual Items Excluding Goodwill": -12000000.0,
        "Net Income From Continuing Operation Net Minority Interest": 106000000.0,
        "Reconciled Depreciation": 199000000.0,
        "Reconciled Cost Of Revenue": 2403000000.0,
        "EBITDA": 408000000.0,
        "EBIT": 209000000.0,
        "Net Interest Income": -71000000.0,
        "Interest Expense": 71000000.0,
        "Normalized Income": 115217391.304348,
        "Net Income From Continuing And Discontinued Operation": 106000000.0,
        "Total Expenses": 2838000000.0,
        "Total Operating Income As Reported": 210000000.0,
        "Diluted Average Shares": 125200000.0,
        "Basic Average Shares": 123700000.0,
        "Diluted EPS": 0.85,
        "Basic EPS": 0.86,
        "Diluted NI Availto Com Stockholders": 106000000.0,
        "Net Income Common Stockholders": 106000000.0,
        "Net Income": 106000000.0,
        "Net Income Including Noncontrolling Interests": 106000000.0,
        "Net Income Continuous Operations": 106000000.0,
        "Tax Provision": 32000000.0,
        "Pretax Income": 138000000.0,
        "Other Income Expense": -13000000.0,
        "Other Non Operating Income Expenses": -1000000.0,
        "Special Income Charges": -12000000.0,
        "Restructuring And Mergern Acquisition": 12000000.0,
        "Net Non Operating Interest Income Expense": -71000000.0,
        "Interest Expense Non Operating": 71000000.0,
        "Operating Income": 222000000.0,
        "Operating Expense": 296000000.0,
        "Depreciation Amortization Depletion Income Statement": 60000000.0,
        "Depreciation And Amortization In Income Statement": 60000000.0,
        "Amortization": 60000000.0,
        "Amortization Of Intangibles Income Statement": 60000000.0,
        "Selling General And Administration": 236000000.0,
        "Gross Profit": 518000000.0,
        "Cost Of Revenue": 2542000000.0,
        "Total Revenue": 3060000000.0,
        "Operating Revenue": 3060000000.0
    },
    "2022-09-30": {
        "Tax Effect Of Unusual Items": -395256.916996,
        "Tax Rate For Calcs": 0.079051,
        "Normalized EBITDA": 531000000.0,
        "Total Unusual Items": -5000000.0,
        "Total Unusual Items Excluding Goodwill": -5000000.0,
        "Net Income From Continuing Operation Net Minority Interest": 233000000.0,
        "Reconciled Depreciation": 199000000.0,
        "Reconciled Cost Of Revenue": 2696000000.0,
        "EBITDA": 526000000.0,
        "EBIT": 327000000.0,
        "Net Interest Income": -74000000.0,
        "Interest Expense": 74000000.0,
        "Normalized Income": 237604743.083004,
        "Net Income From Continuing And Discontinued Operation": 233000000.0,
        "Total Expenses": 3080000000.0,
        "Total Operating Income As Reported": 336000000.0,
        "Diluted Average Shares": 126000000.0,
        "Basic Average Shares": 124700000.0,
        "Diluted EPS": 1.85,
        "Basic EPS": 1.87,
        "Diluted NI Availto Com Stockholders": 233000000.0,
        "Net Income Common Stockholders": 233000000.0,
        "Net Income": 233000000.0,
        "Net Income Including Noncontrolling Interests": 233000000.0,
        "Net Income Continuous Operations": 233000000.0,
        "Tax Provision": 20000000.0,
        "Pretax Income": 253000000.0,
        "Other Income Expense": -14000000.0,
        "Other Non Operating Income Expenses": -9000000.0,
        "Special Income Charges": -5000000.0,
        "Restructuring And Mergern Acquisition": 5000000.0,
        "Net Non Operating Interest Income Expense": -74000000.0,
        "Interest Expense Non Operating": 74000000.0,
        "Operating Income": 341000000.0,
        "Operating Expense": 246000000.0,
        "Depreciation Amortization Depletion Income Statement": 61000000.0,
        "Depreciation And Amortization In Income Statement": 61000000.0,
        "Amortization": 61000000.0,
        "Amortization Of Intangibles Income Statement": 61000000.0,
        "Selling General And Administration": 185000000.0,
        "Gross Profit": 587000000.0,
        "Cost Of Revenue": 2834000000.0,
        "Total Revenue": 3421000000.0,
        "Operating Revenue": 3421000000.0
    },
    "2022-06-30": {
        "Tax Effect Of Unusual Items": -1405405.405405,
        "Tax Rate For Calcs": 0.200772,
        "Normalized EBITDA": 399000000.0,
        "Total Unusual Items": -7000000.0,
        "Total Unusual Items Excluding Goodwill": -7000000.0,
        "Net Income From Continuing Operation Net Minority Interest": 207000000.0,
        "Reconciled Depreciation": 63000000.0,
        "Reconciled Cost Of Revenue": 3105000000.0,
        "EBITDA": 392000000.0,
        "EBIT": 329000000.0,
        "Net Interest Income": -70000000.0,
        "Interest Expense": 70000000.0,
        "Normalized Income": 212594594.594595,
        "Net Income From Continuing And Discontinued Operation": 207000000.0,
        "Total Expenses": 3383000000.0,
        "Total Operating Income As Reported": 336000000.0,
        "Diluted Average Shares": 130700000.0,
        "Basic Average Shares": 128600000.0,
        "Diluted EPS": 1.58,
        "Basic EPS": 1.61,
        "Diluted NI Availto Com Stockholders": 207000000.0,
        "Net Income Common Stockholders": 207000000.0,
        "Net Income": 207000000.0,
        "Net Income Including Noncontrolling Interests": 207000000.0,
        "Net Income Continuous Operations": 207000000.0,
        "Tax Provision": 52000000.0,
        "Pretax Income": 259000000.0,
        "Other Income Expense": -14000000.0,
        "Other Non Operating Income Expenses": -7000000.0,
        "Special Income Charges": -7000000.0,
        "Restructuring And Mergern Acquisition": 7000000.0,
        "Net Non Operating Interest Income Expense": -70000000.0,
        "Interest Expense Non Operating": 70000000.0,
        "Operating Income": 343000000.0,
        "Operating Expense": 278000000.0,
        "Depreciation Amortization Depletion Income Statement": 63000000.0,
        "Depreciation And Amortization In Income Statement": 63000000.0,
        "Amortization": 63000000.0,
        "Amortization Of Intangibles Income Statement": 63000000.0,
        "Selling General And Administration": 215000000.0,
        "Gross Profit": 621000000.0,
        "Cost Of Revenue": 3105000000.0,
        "Total Revenue": 3726000000.0,
        "Operating Revenue": 3726000000.0
    },
    "2022-03-31": {
        "Diluted EPS": 1.5,
        "Total Revenue": NaN,
        "Gross Profit": 621,
        "Operating Income": 341,
        "EBIT": 547,
        "Net Income": 205
    },
    "2021-12-31": {
        "Diluted EPS": 0.87,
        "Total Revenue": NaN,
        "Gross Profit": 535,
        "Operating Income": 229,
        "EBIT": 440,
        "Net Income": 121
    },
    "2021-09-30": {
        "Diluted EPS": 1.62,
        "Total Revenue": NaN,
        "Gross Profit": 590,
        "Operating Income": 312,
        "EBIT": 527,
        "Net Income": 228
    },
    "2021-06-30": {
        "Diluted EPS": 1.4,
        "Total Revenue": NaN,
        "Gross Profit": 626,
        "Operating Income": 343,
        "EBIT": 555,
        "Net Income": 194
    },
    "2021-03-31": {
        "Diluted EPS": 1.32,
        "Total Revenue": NaN,
        "Gross Profit": 664,
        "Operating Income": 333,
        "EBIT": 545,
        "Net Income": 181
    },
    "2020-12-31": {
        "Diluted EPS": 0.96,
        "Total Revenue": NaN,
        "Gross Profit": 618,
        "Operating Income": 304,
        "EBIT": 519,
        "Net Income": 130
    },
    "2020-09-30": {
        "Diluted EPS": 1.43,
        "Total Revenue": NaN,
        "Gross Profit": 666,
        "Operating Income": 349,
        "EBIT": 556,
        "Net Income": 195
    },
    "2020-06-30": {
        "Diluted EPS": 1.42,
        "Total Revenue": NaN,
        "Gross Profit": 638,
        "Operating Income": 347,
        "EBIT": 556,
        "Net Income": 191
    },
    "2020-03-31": {
        "Diluted EPS": 0.94,
        "Total Revenue": NaN,
        "Gross Profit": 584,
        "Operating Income": 284,
        "EBIT": 497,
        "Net Income": 126
    },
    "2019-12-31": {
        "Diluted EPS": 0.35,
        "Total Revenue": NaN,
        "Gross Profit": 520,
        "Operating Income": 199,
        "EBIT": 415,
        "Net Income": 47
    },
    "2019-09-30": {
        "Diluted EPS": 1.69,
        "Total Revenue": NaN,
        "Gross Profit": 513,
        "Operating Income": 398,
        "EBIT": 614,
        "Net Income": 229
    },
    "2019-06-30": {
        "Diluted EPS": 0.1,
        "Total Revenue": NaN,
        "Gross Profit": 378,
        "Operating Income": 215,
        "EBIT": 342,
        "Net Income": 13
    },
    "2019-03-31": {
        "Diluted EPS": 0.55,
        "Total Revenue": NaN,
        "Gross Profit": 372,
        "Operating Income": 185,
        "EBIT": 317,
        "Net Income": 74
    },
    "2018-12-31": {
        "Diluted EPS": 0.66,
        "Total Revenue": NaN,
        "Gross Profit": 356,
        "Operating Income": 176,
        "EBIT": 314,
        "Net Income": 88
    },
    "2018-09-30": {
        "Diluted EPS": 1.0,
        "Total Revenue": NaN,
        "Gross Profit": 349,
        "Operating Income": 194,
        "EBIT": 335,
        "Net Income": 133
    },
    "2018-06-30": {
        "Diluted EPS": 0.81,
        "Total Revenue": NaN,
        "Gross Profit": 382,
        "Operating Income": 216,
        "EBIT": 352,
        "Net Income": 110
    },
    "2018-03-31": {
        "Diluted EPS": 0.66,
        "Total Revenue": NaN,
        "Gross Profit": 371,
        "Operating Income": 188,
        "EBIT": 320,
        "Net Income": 90
    },
    "2017-12-31": {
        "Diluted EPS": 1.2,
        "Total Revenue": NaN,
        "Gross Profit": 329,
        "Operating Income": 163,
        "EBIT": 292,
        "Net Income": 163
    },
    "2017-09-30": {
        "Diluted EPS": 0.83,
        "Total Revenue": NaN,
        "Gross Profit": 367,
        "Operating Income": 199,
        "EBIT": 337,
        "Net Income": 110
    },
    "2017-06-30": {
        "Diluted EPS": 0.79,
        "Total Revenue": NaN,
        "Gross Profit": 388,
        "Operating Income": 212,
        "EBIT": 344,
        "Net Income": 107
    },
    "2017-03-31": {
        "Diluted EPS": 0.54,
        "Total Revenue": NaN,
        "Gross Profit": 353,
        "Operating Income": 175,
        "EBIT": 306,
        "Net Income": 72
    },
    "2016-12-31": {
        "Diluted EPS": 0.4,
        "Total Revenue": NaN,
        "Gross Profit": 296,
        "Operating Income": 146,
        "EBIT": 266,
        "Net Income": 51
    },
    "2016-09-30": {
        "Diluted EPS": 0.63,
        "Total Revenue": NaN,
        "Gross Profit": 301,
        "Operating Income": 151,
        "EBIT": 286,
        "Net Income": 77
    },
    "2016-06-30": {
        "Diluted EPS": 0.76,
        "Total Revenue": NaN,
        "Gross Profit": 349,
        "Operating Income": 179,
        "EBIT": 299,
        "Net Income": 96
    },
    "2016-03-31": {
        "Diluted EPS": 0.47,
        "Total Revenue": NaN,
        "Gross Profit": 345,
        "Operating Income": 165,
        "EBIT": 296,
        "Net Income": 59
    },
    "2015-12-31": {
        "Diluted EPS": 0.03,
        "Total Revenue": NaN,
        "Gross Profit": 292,
        "Operating Income": 86,
        "EBIT": 225,
        "Net Income": 4
    },
    "2015-09-30": {
        "Diluted EPS": 0.39,
        "Total Revenue": NaN,
        "Gross Profit": 221,
        "Operating Income": 107,
        "EBIT": 194,
        "Net Income": 48
    },
    "2015-06-30": {
        "Diluted EPS": -0.11,
        "Total Revenue": NaN,
        "Gross Profit": 238,
        "Operating Income": 121,
        "EBIT": 208,
        "Net Income": -13
    },
    "2015-03-31": {
        "Diluted EPS": 0.31,
        "Total Revenue": NaN,
        "Gross Profit": 227,
        "Operating Income": 112,
        "EBIT": 197,
        "Net Income": 38
    },
    "2014-12-31": {
        "Diluted EPS": 0.11,
        "Total Revenue": NaN,
        "Gross Profit": 183,
        "Operating Income": 68,
        "EBIT": 159,
        "Net Income": 13
    },
    "2014-09-30": {
        "Diluted EPS": 0.24,
        "Total Revenue": NaN,
        "Gross Profit": 196,
        "Operating Income": 93,
        "EBIT": 190,
        "Net Income": 29
    },
    "2014-06-30": {
        "Diluted EPS": 0.12,
        "Total Revenue": NaN,
        "Gross Profit": 209,
        "Operating Income": 83,
        "EBIT": 174,
        "Net Income": 15
    },
    "2014-03-31": {
        "Diluted EPS": 0.1,
        "Total Revenue": NaN,
        "Gross Profit": 187,
        "Operating Income": 77,
        "EBIT": 162,
        "Net Income": 12
    },
    "2013-12-31": {
        "Diluted EPS": 0.05,
        "Total Revenue": NaN,
        "Gross Profit": 176,
        "Operating Income": 63,
        "EBIT": 148,
        "Net Income": 6
    },
    "2013-09-30": {
        "Diluted EPS": 0.23,
        "Total Revenue": NaN,
        "Gross Profit": 198,
        "Operating Income": 90,
        "EBIT": 173,
        "Net Income": 26
    },
    "2013-06-30": {
        "Diluted EPS": 0.33,
        "Total Revenue": NaN,
        "Gross Profit": 223,
        "Operating Income": 117,
        "EBIT": 203,
        "Net Income": 40
    },
    "2013-03-31": {
        "Diluted EPS": 0.01,
        "Total Revenue": NaN,
        "Gross Profit": 214,
        "Operating Income": 111,
        "EBIT": 196,
        "Net Income": 1
    },
    "2012-12-31": {
        "Diluted EPS": -0.09,
        "Total Revenue": NaN,
        "Gross Profit": 177,
        "Operating Income": 68,
        "EBIT": 155,
        "Net Income": -10
    },
    "2012-09-30": {
        "Diluted EPS": 0.26,
        "Total Revenue": NaN,
        "Gross Profit": 219,
        "Operating Income": 107,
        "EBIT": 199,
        "Net Income": 23
    },
    "2012-06-30": {
        "Diluted EPS": 0.11,
        "Total Revenue": NaN,
        "Gross Profit": 207,
        "Operating Income": 98,
        "EBIT": 185,
        "Net Income": 9
    },
    "2012-03-31": {
        "Diluted EPS": 0.02,
        "Total Revenue": NaN,
        "Gross Profit": 204,
        "Operating Income": 91,
        "EBIT": 178,
        "Net Income": 2
    },
    "2011-12-31": {
        "Diluted EPS": -0.37,
        "Total Revenue": NaN,
        "Gross Profit": 152,
        "Operating Income": 29,
        "EBIT": 118,
        "Net Income": -31
    },
    "2011-09-30": {
        "Diluted EPS": 0.0,
        "Total Revenue": NaN,
        "Gross Profit": NaN,
        "Operating Income": NaN,
        "EBIT": NaN,
        "Net Income": NaN
    },
    "2010-09-30": {
        "Diluted EPS": 0.0,
        "Total Revenue": NaN,
        "Gross Profit": NaN,
        "Operating Income": NaN,
        "EBIT": NaN,
        "Net Income": NaN
    },
    "2009-09-30": {
        "Diluted EPS": 0.0,
        "Total Revenue": NaN,
        "Gross Profit": NaN,
        "Operating Income": NaN,
        "EBIT": NaN,
        "Net Income": NaN
    },
    "2023-06-30": {
        "Tax Effect Of Unusual Items": -7275280.898876,
        "Tax Rate For Calcs": 0.196629,
        "Normalized EBITDA": 500000000.0,
        "Total Unusual Items": -37000000.0,
        "Total Unusual Items Excluding Goodwill": -37000000.0,
        "Net Income From Continuing Operation Net Minority Interest": 143000000.0,
        "Reconciled Depreciation": 207000000.0,
        "Reconciled Cost Of Revenue": 2503000000.0,
        "EBITDA": 463000000.0,
        "EBIT": 256000000.0,
        "Net Interest Income": -78000000.0,
        "Interest Expense": 78000000.0,
        "Normalized Income": 172724719.101124,
        "Net Income From Continuing And Discontinued Operation": 143000000.0,
        "Total Expenses": 2925000000.0,
        "Total Operating Income As Reported": 267000000.0,
        "Diluted Average Shares": 121100000.0,
        "Basic Average Shares": 118700000.0,
        "Diluted EPS": 1.18,
        "Basic EPS": 1.2,
        "Diluted NI Availto Com Stockholders": 143000000.0,
        "Net Income Common Stockholders": 143000000.0,
        "Net Income": 143000000.0,
        "Net Income Including Noncontrolling Interests": 143000000.0,
        "Net Income Continuous Operations": 143000000.0,
        "Tax Provision": 35000000.0,
        "Pretax Income": 178000000.0,
        "Other Income Expense": -48000000.0,
        "Other Non Operating Income Expenses": -11000000.0,
        "Special Income Charges": -37000000.0,
        "Restructuring And Mergern Acquisition": 37000000.0,
        "Net Non Operating Interest Income Expense": -78000000.0,
        "Interest Expense Non Operating": 78000000.0,
        "Operating Income": 304000000.0,
        "Operating Expense": 276000000.0,
        "Depreciation Amortization Depletion Income Statement": 61000000.0,
        "Depreciation And Amortization In Income Statement": 61000000.0,
        "Amortization": 61000000.0,
        "Amortization Of Intangibles Income Statement": 61000000.0,
        "Selling General And Administration": 215000000.0,
        "Gross Profit": 580000000.0,
        "Cost Of Revenue": 2649000000.0,
        "Total Revenue": 3229000000.0,
        "Operating Revenue": 3229000000.0
    },
    "2023-09-30": {
        "Tax Effect Of Unusual Items": NaN,
        "Tax Rate For Calcs": NaN,
        "Normalized EBITDA": NaN,
        "Total Unusual Items": NaN,
        "Total Unusual Items Excluding Goodwill": NaN,
        "Net Income From Continuing Operation Net Minority Interest": NaN,
        "Reconciled Depreciation": NaN,
        "Reconciled Cost Of Revenue": NaN,
        "EBITDA": NaN,
        "EBIT": NaN,
        "Net Interest Income": NaN,
        "Interest Expense": NaN,
        "Normalized Income": NaN,
        "Net Income From Continuing And Discontinued Operation": NaN,
        "Total Expenses": NaN,
        "Total Operating Income As Reported": NaN,
        "Diluted Average Shares": 120200000.0,
        "Basic Average Shares": 117300000.0,
        "Diluted EPS": 1.55,
        "Basic EPS": 1.59,
        "Diluted NI Availto Com Stockholders": NaN,
        "Net Income Common Stockholders": NaN,
        "Net Income": NaN,
        "Net Income Including Noncontrolling Interests": NaN,
        "Net Income Discontinuous Operations": NaN,
        "Net Income Continuous Operations": NaN,
        "Tax Provision": NaN,
        "Pretax Income": NaN,
        "Other Income Expense": NaN,
        "Other Non Operating Income Expenses": NaN,
        "Special Income Charges": NaN,
        "Restructuring And Mergern Acquisition": NaN,
        "Net Non Operating Interest Income Expense": NaN,
        "Interest Expense Non Operating": NaN,
        "Operating Income": NaN,
        "Operating Expense": NaN,
        "Depreciation Amortization Depletion Income Statement": NaN,
        "Depreciation And Amortization In Income Statement": NaN,
        "Amortization": NaN,
        "Amortization Of Intangibles Income Statement": NaN,
        "Selling General And Administration": NaN,
        "Gross Profit": NaN,
        "Cost Of Revenue": NaN,
        "Total Revenue": NaN,
        "Operating Revenue": NaN
    },
    "2023-12-31": {
        "Tax Effect Of Unusual Items": -2126582.278481,
        "Tax Rate For Calcs": 0.177215,
        "Normalized EBITDA": 332000000.0,
        "Total Unusual Items": -12000000.0,
        "Total Unusual Items Excluding Goodwill": -12000000.0,
        "Net Income From Continuing Operation Net Minority Interest": 65000000.0,
        "Reconciled Depreciation": 170000000.0,
        "Reconciled Cost Of Revenue": 1780000000.0,
        "EBITDA": 320000000.0,
        "EBIT": 150000000.0,
        "Net Interest Income": -71000000.0,
        "Interest Expense": 71000000.0,
        "Normalized Income": 74873417.721519,
        "Net Income From Continuing And Discontinued Operation": 59000000.0,
        "Total Expenses": 2156000000.0,
        "Total Operating Income As Reported": 165000000.0,
        "Diluted Average Shares": 118300000.0,
        "Basic Average Shares": 115600000.0,
        "Diluted EPS": 0.5,
        "Basic EPS": 0.51,
        "Diluted NI Availto Com Stockholders": 59000000.0,
        "Net Income Common Stockholders": 59000000.0,
        "Net Income": 59000000.0,
        "Net Income Including Noncontrolling Interests": 59000000.0,
        "Net Income Discontinuous Operations": -6000000.0,
        "Net Income Continuous Operations": 65000000.0,
        "Tax Provision": 14000000.0,
        "Pretax Income": 79000000.0,
        "Other Income Expense": -27000000.0,
        "Other Non Operating Income Expenses": -15000000.0,
        "Special Income Charges": -12000000.0,
        "Restructuring And Mergern Acquisition": 12000000.0,
        "Net Non Operating Interest Income Expense": -71000000.0,
        "Interest Expense Non Operating": 71000000.0,
        "Operating Income": 177000000.0,
        "Operating Expense": 253000000.0,
        "Depreciation Amortization Depletion Income Statement": 47000000.0,
        "Depreciation And Amortization In Income Statement": 47000000.0,
        "Amortization": 47000000.0,
        "Amortization Of Intangibles Income Statement": 47000000.0,
        "Selling General And Administration": 206000000.0,
        "Gross Profit": 430000000.0,
        "Cost Of Revenue": 1903000000.0,
        "Total Revenue": 2333000000.0,
        "Operating Revenue": 2333000000.0
    },
    "2024-03-31": {
        "Tax Effect Of Unusual Items": -9961832.061069,
        "Tax Rate For Calcs": 0.114504,
        "Normalized EBITDA": 552000000.0,
        "Total Unusual Items": -87000000.0,
        "Total Unusual Items Excluding Goodwill": -87000000.0,
        "Net Income From Continuing Operation Net Minority Interest": 116000000.0,
        "Reconciled Depreciation": 258000000.0,
        "Reconciled Cost Of Revenue": 2310000000.0,
        "EBITDA": 465000000.0,
        "EBIT": 207000000.0,
        "Net Interest Income": -76000000.0,
        "Interest Expense": 76000000.0,
        "Normalized Income": 193038167.938931,
        "Net Income From Continuing And Discontinued Operation": 116000000.0,
        "Total Expenses": 2781000000.0,
        "Total Operating Income As Reported": 208000000.0,
        "Diluted Average Shares": 118200000.0,
        "Basic Average Shares": 115600000.0,
        "Diluted EPS": 0.98,
        "Basic EPS": 1.0,
        "Diluted NI Availto Com Stockholders": 116000000.0,
        "Net Income Common Stockholders": 116000000.0,
        "Net Income": 116000000.0,
        "Net Income Including Noncontrolling Interests": 116000000.0,
        "Net Income Discontinuous Operations": NaN,
        "Net Income Continuous Operations": 116000000.0,
        "Tax Provision": 15000000.0,
        "Pretax Income": 131000000.0,
        "Other Income Expense": -88000000.0,
        "Other Non Operating Income Expenses": -1000000.0,
        "Special Income Charges": -87000000.0,
        "Restructuring And Mergern Acquisition": 87000000.0,
        "Net Non Operating Interest Income Expense": -76000000.0,
        "Interest Expense Non Operating": 76000000.0,
        "Operating Income": 295000000.0,
        "Operating Expense": 272000000.0,
        "Depreciation Amortization Depletion Income Statement": 59000000.0,
        "Depreciation And Amortization In Income Statement": 59000000.0,
        "Amortization": 59000000.0,
        "Amortization Of Intangibles Income Statement": 59000000.0,
        "Selling General And Administration": 213000000.0,
        "Gross Profit": 567000000.0,
        "Cost Of Revenue": 2509000000.0,
        "Total Revenue": 3076000000.0,
        "Operating Revenue": 3076000000.0
    },
    "2024-06-30": {
        "Tax Effect Of Unusual Items": -3948051.948052,
        "Tax Rate For Calcs": 0.164502,
        "Normalized EBITDA": 544000000.0,
        "Total Unusual Items": -24000000.0,
        "Total Unusual Items Excluding Goodwill": -24000000.0,
        "Net Income From Continuing Operation Net Minority Interest": 193000000.0,
        "Reconciled Depreciation": 212000000.0,
        "Reconciled Cost Of Revenue": 2406000000.0,
        "EBITDA": 520000000.0,
        "EBIT": 308000000.0,
        "Net Interest Income": -77000000.0,
        "Interest Expense": 77000000.0,
        "Normalized Income": 213051948.051948,
        "Net Income From Continuing And Discontinued Operation": 193000000.0,
        "Total Expenses": 2834000000.0,
        "Total Operating Income As Reported": 303000000.0,
        "Diluted Average Shares": 116700000.0,
        "Basic Average Shares": 114500000.0,
        "Diluted EPS": 1.65,
        "Basic EPS": 1.69,
        "Diluted NI Availto Com Stockholders": 193000000.0,
        "Net Income Common Stockholders": 193000000.0,
        "Net Income": 193000000.0,
        "Net Income Including Noncontrolling Interests": 193000000.0,
        "Net Income Discontinuous Operations": NaN,
        "Net Income Continuous Operations": 193000000.0,
        "Tax Provision": 38000000.0,
        "Pretax Income": 231000000.0,
        "Other Income Expense": -19000000.0,
        "Other Non Operating Income Expenses": 5000000.0,
        "Special Income Charges": -24000000.0,
        "Restructuring And Mergern Acquisition": 24000000.0,
        "Net Non Operating Interest Income Expense": -77000000.0,
        "Interest Expense Non Operating": 77000000.0,
        "Operating Income": 327000000.0,
        "Operating Expense": 274000000.0,
        "Depreciation Amortization Depletion Income Statement": 58000000.0,
        "Depreciation And Amortization In Income Statement": 58000000.0,
        "Amortization": 58000000.0,
        "Amortization Of Intangibles Income Statement": 58000000.0,
        "Selling General And Administration": 216000000.0,
        "Gross Profit": 601000000.0,
        "Cost Of Revenue": 2560000000.0,
        "Total Revenue": 3161000000.0,
        "Operating Revenue": 3161000000.0
    },
    "2024-09-30": {
        "Tax Effect Of Unusual Items": -9068181.818182,
        "Tax Rate For Calcs": 0.159091,
        "Normalized EBITDA": 536000000.0,
        "Total Unusual Items": -57000000.0,
        "Total Unusual Items Excluding Goodwill": -57000000.0,
        "Net Income From Continuing Operation Net Minority Interest": 148000000.0,
        "Reconciled Depreciation": 217000000.0,
        "Reconciled Cost Of Revenue": 2397000000.0,
        "EBITDA": 479000000.0,
        "EBIT": 262000000.0,
        "Net Interest Income": -86000000.0,
        "Interest Expense": 86000000.0,
        "Normalized Income": 195931818.181818,
        "Net Income From Continuing And Discontinued Operation": 148000000.0,
        "Total Expenses": 2842000000.0,
        "Total Operating Income As Reported": 269000000.0,
        "Diluted Average Shares": NaN,
        "Basic Average Shares": NaN,
        "Diluted EPS": NaN,
        "Basic EPS": NaN,
        "Diluted NI Availto Com Stockholders": 148000000.0,
        "Net Income Common Stockholders": 148000000.0,
        "Net Income": 148000000.0,
        "Net Income Including Noncontrolling Interests": 148000000.0,
        "Net Income Discontinuous Operations": NaN,
        "Net Income Continuous Operations": 148000000.0,
        "Tax Provision": 28000000.0,
        "Pretax Income": 176000000.0,
        "Other Income Expense": -64000000.0,
        "Other Non Operating Income Expenses": -7000000.0,
        "Special Income Charges": -57000000.0,
        "Restructuring And Mergern Acquisition": 57000000.0,
        "Net Non Operating Interest Income Expense": -86000000.0,
        "Interest Expense Non Operating": 86000000.0,
        "Operating Income": 326000000.0,
        "Operating Expense": 285000000.0,
        "Depreciation Amortization Depletion Income Statement": 57000000.0,
        "Depreciation And Amortization In Income Statement": 57000000.0,
        "Amortization": 57000000.0,
        "Amortization Of Intangibles Income Statement": 57000000.0,
        "Selling General And Administration": 228000000.0,
        "Gross Profit": 611000000.0,
        "Cost Of Revenue": 2557000000.0,
        "Total Revenue": 3168000000.0,
        "Operating Revenue": 3168000000.0
    },
    "2024-12-31": {
        "Tax Effect Of Unusual Items": -6363636.363636,
        "Tax Rate For Calcs": 0.181818,
        "Normalized EBITDA": 379000000.0,
        "Total Unusual Items": -35000000.0,
        "Total Unusual Items Excluding Goodwill": -35000000.0,
        "Net Income From Continuing Operation Net Minority Interest": 81000000.0,
        "Reconciled Depreciation": 170000000.0,
        "Reconciled Cost Of Revenue": 1805000000.0,
        "EBITDA": 344000000.0,
        "EBIT": 174000000.0,
        "Net Interest Income": -75000000.0,
        "Interest Expense": 75000000.0,
        "Normalized Income": 109636363.636364,
        "Net Income From Continuing And Discontinued Operation": 14000000.0,
        "Total Expenses": 2198000000.0,
        "Total Operating Income As Reported": 152000000.0,
        "Diluted Average Shares": 118200000.0,
        "Basic Average Shares": 115300000.0,
        "Diluted EPS": 0.12,
        "Basic EPS": 0.12,
        "Diluted NI Availto Com Stockholders": 14000000.0,
        "Net Income Common Stockholders": 14000000.0,
        "Net Income": 14000000.0,
        "Net Income Including Noncontrolling Interests": 14000000.0,
        "Net Income Discontinuous Operations": -67000000.0,
        "Net Income Continuous Operations": 81000000.0,
        "Tax Provision": 18000000.0,
        "Pretax Income": 99000000.0,
        "Other Income Expense": -13000000.0,
        "Other Non Operating Income Expenses": 22000000.0,
        "Special Income Charges": -35000000.0,
        "Restructuring And Mergern Acquisition": 35000000.0,
        "Net Non Operating Interest Income Expense": -75000000.0,
        "Interest Expense Non Operating": 75000000.0,
        "Operating Income": 187000000.0,
        "Operating Expense": 269000000.0,
        "Depreciation Amortization Depletion Income Statement": 46000000.0,
        "Depreciation And Amortization In Income Statement": 46000000.0,
        "Amortization": 46000000.0,
        "Amortization Of Intangibles Income Statement": 46000000.0,
        "Selling General And Administration": 223000000.0,
        "Gross Profit": 456000000.0,
        "Cost Of Revenue": 1929000000.0,
        "Total Revenue": 2385000000.0,
        "Operating Revenue": 2385000000.0
    }
}