{
    "2023-03-31": {
        "Tax Effect Of Unusual Items": 5029000.0,
        "Tax Rate For Calcs": 0.25,
        "Normalized EBITDA": -259984000.0,
        "Total Unusual Items": 20116000.0,
        "Total Unusual Items Excluding Goodwill": 20116000.0,
        "Net Income From Continuing Operation Net Minority Interest": -244199000.0,
        "Reconciled Cost Of Revenue": 1723727000.0,
        "EBITDA": -239868000.0,
        "EBIT": -239868000.0,
        "Net Interest Income": 4057000.0,
        "Interest Expense": 17621000.0,
        "Interest Income": 21678000.0,
        "Normalized Income": -259286000.0,
        "Net Income From Continuing And Discontinued Operation": -244199000.0,
        "Total Expenses": 2001497000.0,
        "Total Operating Income As Reported": -286235000.0,
        "Diluted Average Shares": 19718863.0,
        "Basic Average Shares": 19718863.0,
        "Diluted EPS": -247.6,
        "Basic EPS": -12.384031,
        "Diluted NI Availto Com Stockholders": -244199000.0,
        "Net Income Common Stockholders": -244199000.0,
        "Net Income": -244199000.0,
        "Minority Interests": 13428000.0,
        "Net Income Including Noncontrolling Interests": -257627000.0,
        "Net Income Discontinuous Operations": 0.0,
        "Net Income Continuous Operations": -257627000.0,
        "Earnings From Equity Interest Net Of Tax": 0.0,
        "Tax Provision": 138000.0,
        "Pretax Income": -257489000.0,
        "Other Income Expense": 24689000.0,
        "Other Non Operating Income Expenses": 4573000.0,
        "Gain On Sale Of Security": 20116000.0,
        "Net Non Operating Interest Income Expense": 4057000.0,
        "Interest Expense Non Operating": 17621000.0,
        "Interest Income Non Operating": 21678000.0,
        "Operating Income": -286235000.0,
        "Operating Expense": 277770000.0,
        "Other Operating Expenses": 1366000.0,
        "Research And Development": 28697000.0,
        "Selling General And Administration": 247707000.0,
        "Selling And Marketing Expense": 53817000.0,
        "General And Administrative Expense": 193890000.0,
        "Other Gand A": 193890000.0,
        "Gross Profit": -8465000.0,
        "Cost Of Revenue": 1723727000.0,
        "Total Revenue": 1715262000.0,
        "Operating Revenue": 1689155000.0
    },
    "2022-12-31": {
        "Tax Effect Of Unusual Items": -2314750.0,
        "Tax Rate For Calcs": 0.25,
        "Normalized EBITDA": -340154000.0,
        "Total Unusual Items": -9259000.0,
        "Total Unusual Items Excluding Goodwill": -9259000.0,
        "Net Income From Continuing Operation Net Minority Interest": -352793000.0,
        "Reconciled Cost Of Revenue": 2039872000.0,
        "EBITDA": -349413000.0,
        "EBIT": -349413000.0,
        "Net Interest Income": 2879000.0,
        "Interest Expense": 16329000.0,
        "Interest Income": 19208000.0,
        "Normalized Income": -345848750.0,
        "Net Income From Continuing And Discontinued Operation": -384580000.0,
        "Total Expenses": 2329091000.0,
        "Total Operating Income As Reported": -347696000.0,
        "Diluted Average Shares": 19875720.0,
        "Basic Average Shares": 19875720.0,
        "Diluted EPS": -19.349236,
        "Basic EPS": -19.349236,
        "Diluted NI Availto Com Stockholders": -384580000.0,
        "Net Income Common Stockholders": -384580000.0,
        "Net Income": -384580000.0,
        "Minority Interests": 13055000.0,
        "Net Income Including Noncontrolling Interests": -397635000.0,
        "Net Income Discontinuous Operations": -31787000.0,
        "Net Income Continuous Operations": -365848000.0,
        "Earnings From Equity Interest Net Of Tax": 0.0,
        "Tax Provision": 106000.0,
        "Pretax Income": -365742000.0,
        "Other Income Expense": -20925000.0,
        "Other Non Operating Income Expenses": -11666000.0,
        "Gain On Sale Of Security": -9259000.0,
        "Net Non Operating Interest Income Expense": 2879000.0,
        "Interest Expense Non Operating": 16329000.0,
        "Interest Income Non Operating": 19208000.0,
        "Operating Income": -347696000.0,
        "Operating Expense": 289219000.0,
        "Other Operating Expenses": -3387000.0,
        "Research And Development": 29247000.0,
        "Selling General And Administration": 263359000.0,
        "Selling And Marketing Expense": 54621000.0,
        "General And Administrative Expense": 208738000.0,
        "Other Gand A": 208738000.0,
        "Gross Profit": -58477000.0,
        "Cost Of Revenue": 2039872000.0,
        "Total Revenue": 1981395000.0,
        "Operating Revenue": 2074290000.0
    },
    "2022-09-30": {
        "Tax Effect Of Unusual Items": -5008000.0,
        "Tax Rate For Calcs": 0.4,
        "Normalized EBITDA": -345755000.0,
        "Total Unusual Items": -12520000.0,
        "Total Unusual Items Excluding Goodwill": -12520000.0,
        "Net Income From Continuing Operation Net Minority Interest": -345689000.0,
        "Reconciled Cost Of Revenue": 2068074000.0,
        "EBITDA": -358275000.0,
        "EBIT": -358275000.0,
        "Net Interest Income": -588000.0,
        "Interest Expense": 20569000.0,
        "Interest Income": 19981000.0,
        "Normalized Income": -338177000.0,
        "Net Income From Continuing And Discontinued Operation": -354593000.0,
        "Total Expenses": 2397053000.0,
        "Total Operating Income As Reported": -367929000.0,
        "Diluted Average Shares": 19650000.0,
        "Basic Average Shares": 19650000.0,
        "Diluted EPS": -19.234665,
        "Basic EPS": -19.234665,
        "Diluted NI Availto Com Stockholders": -354593000.0,
        "Net Income Common Stockholders": -354593000.0,
        "Net Income": -354593000.0,
        "Minority Interests": 33248000.0,
        "Net Income Including Noncontrolling Interests": -387841000.0,
        "Net Income Discontinuous Operations": -8904000.0,
        "Net Income Continuous Operations": -378937000.0,
        "Earnings From Equity Interest Net Of Tax": 0.0,
        "Tax Provision": 93000.0,
        "Pretax Income": -378844000.0,
        "Other Income Expense": -10327000.0,
        "Other Non Operating Income Expenses": 2193000.0,
        "Gain On Sale Of Security": -12520000.0,
        "Net Non Operating Interest Income Expense": -588000.0,
        "Interest Expense Non Operating": 20569000.0,
        "Interest Income Non Operating": 19981000.0,
        "Operating Income": -367929000.0,
        "Operating Expense": 328979000.0,
        "Other Operating Expenses": 14185000.0,
        "Research And Development": 39632000.0,
        "Selling General And Administration": 275162000.0,
        "Selling And Marketing Expense": 62241000.0,
        "General And Administrative Expense": 212921000.0,
        "Other Gand A": 212921000.0,
        "Gross Profit": -38950000.0,
        "Cost Of Revenue": 2068074000.0,
        "Total Revenue": 2029124000.0,
        "Operating Revenue": 1998707000.0
    },
    "2022-06-30": {
        "Tax Effect Of Unusual Items": -12603200.0,
        "Tax Rate For Calcs": 0.4,
        "Normalized EBITDA": -279774000.0,
        "Total Unusual Items": -31508000.0,
        "Total Unusual Items Excluding Goodwill": -31508000.0,
        "Net Income From Continuing Operation Net Minority Interest": -307857000.0,
        "Reconciled Cost Of Revenue": 2020260000.0,
        "EBITDA": -311282000.0,
        "EBIT": -311282000.0,
        "Net Interest Income": -184000.0,
        "Interest Expense": 25738000.0,
        "Interest Income": 25554000.0,
        "Normalized Income": -288952200.0,
        "Net Income From Continuing And Discontinued Operation": -305346000.0,
        "Total Expenses": 2271621000.0,
        "Total Operating Income As Reported": -345176000.0,
        "Diluted Average Shares": 19625000.0,
        "Basic Average Shares": 19625000.0,
        "Diluted EPS": -16.749197,
        "Basic EPS": -16.749197,
        "Diluted NI Availto Com Stockholders": -305346000.0,
        "Net Income Common Stockholders": -305346000.0,
        "Net Income": -305346000.0,
        "Minority Interests": 29256000.0,
        "Net Income Including Noncontrolling Interests": -334602000.0,
        "Net Income Discontinuous Operations": 2511000.0,
        "Net Income Continuous Operations": -337113000.0,
        "Earnings From Equity Interest Net Of Tax": 0.0,
        "Tax Provision": 93000.0,
        "Pretax Income": -337020000.0,
        "Other Income Expense": 8340000.0,
        "Other Non Operating Income Expenses": 39848000.0,
        "Gain On Sale Of Security": -31508000.0,
        "Net Non Operating Interest Income Expense": -184000.0,
        "Interest Expense Non Operating": 25738000.0,
        "Interest Income Non Operating": 25554000.0,
        "Operating Income": -345176000.0,
        "Operating Expense": 251361000.0,
        "Other Operating Expenses": -116975000.0,
        "Research And Development": 42127000.0,
        "Selling General And Administration": 326209000.0,
        "Selling And Marketing Expense": 66130000.0,
        "General And Administrative Expense": 260079000.0,
        "Other Gand A": 260079000.0,
        "Gross Profit": -93815000.0,
        "Cost Of Revenue": 2020260000.0,
        "Total Revenue": 1926445000.0,
        "Operating Revenue": 1900590000.0
    },
    "2022-03-31": {
        "Diluted EPS": -2.92,
        "Total Revenue": 284,
        "Gross Profit": -12,
        "Operating Income": -57,
        "EBIT": -57,
        "Net Income": -57
    },
    "2021-12-31": {
        "Diluted EPS": 15.88,
        "Total Revenue": NaN,
        "Gross Profit": 99,
        "Operating Income": 128,
        "EBIT": 128,
        "Net Income": 305
    },
    "2021-09-30": {
        "Diluted EPS": -5.2,
        "Total Revenue": NaN,
        "Gross Profit": -78,
        "Operating Income": -154,
        "EBIT": -154,
        "Net Income": -99
    },
    "2021-06-30": {
        "Diluted EPS": -3.68,
        "Total Revenue": NaN,
        "Gross Profit": -22,
        "Operating Income": -103,
        "EBIT": -103,
        "Net Income": -71
    },
    "2021-03-31": {
        "Diluted EPS": -4.8,
        "Total Revenue": 992,
        "Gross Profit": -30,
        "Operating Income": -101,
        "EBIT": -101,
        "Net Income": -94
    },
    "2020-12-31": {
        "Diluted EPS": -5.62,
        "Total Revenue": NaN,
        "Gross Profit": -25,
        "Operating Income": -55,
        "EBIT": -55,
        "Net Income": -109
    },
    "2020-09-30": {
        "Diluted EPS": -4.8,
        "Total Revenue": NaN,
        "Gross Profit": 6,
        "Operating Income": -93,
        "EBIT": -93,
        "Net Income": -93
    },
    "2020-06-30": {
        "Diluted EPS": -0.18,
        "Total Revenue": NaN,
        "Gross Profit": 81,
        "Operating Income": -5,
        "EBIT": -5,
        "Net Income": -3
    },
    "2020-03-31": {
        "Diluted EPS": -5.4,
        "Total Revenue": 772,
        "Gross Profit": -25,
        "Operating Income": -107,
        "EBIT": -107,
        "Net Income": -105
    },
    "2019-12-31": {
        "Diluted EPS": 0.62,
        "Total Revenue": NaN,
        "Gross Profit": 91,
        "Operating Income": 4,
        "EBIT": 4,
        "Net Income": 9
    },
    "2019-09-30": {
        "Diluted EPS": -0.02,
        "Total Revenue": NaN,
        "Gross Profit": 71,
        "Operating Income": -6,
        "EBIT": -6,
        "Net Income": 0
    },
    "2019-06-30": {
        "Diluted EPS": -0.2,
        "Total Revenue": NaN,
        "Gross Profit": 76,
        "Operating Income": -8,
        "EBIT": -8,
        "Net Income": -3
    },
    "2019-03-31": {
        "Diluted EPS": -1.8,
        "Total Revenue": NaN,
        "Gross Profit": 44,
        "Operating Income": -36,
        "EBIT": -36,
        "Net Income": -34
    },
    "2018-12-31": {
        "Diluted EPS": -2.6,
        "Total Revenue": NaN,
        "Gross Profit": 72,
        "Operating Income": -1,
        "EBIT": -1,
        "Net Income": 2
    },
    "2018-09-30": {
        "Diluted EPS": -0.4,
        "Total Revenue": NaN,
        "Gross Profit": 57,
        "Operating Income": -22,
        "EBIT": -22,
        "Net Income": -7
    },
    "2018-06-30": {
        "Diluted EPS": -0.8,
        "Total Revenue": NaN,
        "Gross Profit": 63,
        "Operating Income": -17,
        "EBIT": -17,
        "Net Income": -14
    },
    "2018-03-31": {
        "Diluted EPS": 0.0,
        "Total Revenue": 798,
        "Gross Profit": 17,
        "Operating Income": -56,
        "EBIT": -56,
        "Net Income": -54
    },
    "2017-09-30": {
        "Diluted EPS": 0.0,
        "Total Revenue": 805,
        "Gross Profit": 30,
        "Operating Income": -71,
        "EBIT": -71,
        "Net Income": -70
    },
    "2017-03-31": {
        "Diluted EPS": -20.4,
        "Total Revenue": 472,
        "Gross Profit": -20,
        "Operating Income": -62,
        "EBIT": -62,
        "Net Income": -61
    },
    "2016-12-31": {
        "Diluted EPS": 0.0,
        "Total Revenue": NaN,
        "Gross Profit": NaN,
        "Operating Income": NaN,
        "EBIT": NaN,
        "Net Income": NaN
    },
    "2023-06-30": {
        "Tax Effect Of Unusual Items": -3974000.0,
        "Tax Rate For Calcs": 0.25,
        "Normalized EBITDA": -141330000.0,
        "Total Unusual Items": -15896000.0,
        "Total Unusual Items Excluding Goodwill": -15896000.0,
        "Net Income From Continuing Operation Net Minority Interest": -160609000.0,
        "Reconciled Cost Of Revenue": 2048863000.0,
        "EBITDA": -157226000.0,
        "EBIT": -157226000.0,
        "Net Interest Income": 9003000.0,
        "Interest Expense": 16998000.0,
        "Interest Income": 26001000.0,
        "Normalized Income": -148687000.0,
        "Net Income From Continuing And Discontinued Operation": -145387000.0,
        "Total Expenses": 2307184000.0,
        "Total Operating Income As Reported": -169509000.0,
        "Diluted Average Shares": 19880000.0,
        "Basic Average Shares": 19880000.0,
        "Diluted EPS": -7.351717,
        "Basic EPS": -7.327974,
        "Diluted NI Availto Com Stockholders": -145387000.0,
        "Net Income Common Stockholders": -145387000.0,
        "Net Income": -145387000.0,
        "Minority Interests": 13801000.0,
        "Net Income Including Noncontrolling Interests": -159188000.0,
        "Net Income Discontinuous Operations": 15222000.0,
        "Net Income Continuous Operations": -174410000.0,
        "Earnings From Equity Interest Net Of Tax": NaN,
        "Tax Provision": 186000.0,
        "Pretax Income": -174224000.0,
        "Other Income Expense": -13718000.0,
        "Other Non Operating Income Expenses": 2178000.0,
        "Gain On Sale Of Security": -15896000.0,
        "Net Non Operating Interest Income Expense": 9003000.0,
        "Interest Expense Non Operating": 16998000.0,
        "Interest Income Non Operating": 26001000.0,
        "Operating Income": -169509000.0,
        "Operating Expense": 258321000.0,
        "Other Operating Expenses": -476000.0,
        "Research And Development": 29928000.0,
        "Selling General And Administration": 228869000.0,
        "Selling And Marketing Expense": 62670000.0,
        "General And Administrative Expense": 166199000.0,
        "Other Gand A": 166199000.0,
        "Gross Profit": 88812000.0,
        "Cost Of Revenue": 2048863000.0,
        "Total Revenue": 2137675000.0,
        "Operating Revenue": 2113212000.0
    },
    "2023-09-30": {
        "Tax Effect Of Unusual Items": 4114000.0,
        "Tax Rate For Calcs": 0.25,
        "Normalized EBITDA": -193136000.0,
        "Total Unusual Items": 16456000.0,
        "Total Unusual Items Excluding Goodwill": 16456000.0,
        "Net Income From Continuing Operation Net Minority Interest": -178106000.0,
        "Reconciled Cost Of Revenue": 2174893000.0,
        "EBITDA": -176680000.0,
        "EBIT": -176680000.0,
        "Net Interest Income": 2483000.0,
        "Interest Expense": 15800000.0,
        "Interest Income": 18283000.0,
        "Normalized Income": -190448000.0,
        "Net Income From Continuing And Discontinued Operation": -178106000.0,
        "Total Expenses": 2438103000.0,
        "Total Operating Income As Reported": -211447000.0,
        "Diluted Average Shares": 19880000.0,
        "Basic Average Shares": 19880000.0,
        "Diluted EPS": -9.4,
        "Basic EPS": -8.959054,
        "Diluted NI Availto Com Stockholders": -178106000.0,
        "Net Income Common Stockholders": -178106000.0,
        "Net Income": -178106000.0,
        "Minority Interests": 14942000.0,
        "Net Income Including Noncontrolling Interests": -193048000.0,
        "Net Income Discontinuous Operations": 0.0,
        "Net Income Continuous Operations": -193048000.0,
        "Earnings From Equity Interest Net Of Tax": NaN,
        "Tax Provision": 568000.0,
        "Pretax Income": -192480000.0,
        "Other Income Expense": 16484000.0,
        "Other Non Operating Income Expenses": 28000.0,
        "Gain On Sale Of Security": 16456000.0,
        "Net Non Operating Interest Income Expense": 2483000.0,
        "Interest Expense Non Operating": 15800000.0,
        "Interest Income Non Operating": 18283000.0,
        "Operating Income": -211447000.0,
        "Operating Expense": 263210000.0,
        "Other Operating Expenses": -973000.0,
        "Research And Development": 27843000.0,
        "Selling General And Administration": 236340000.0,
        "Selling And Marketing Expense": 68054000.0,
        "General And Administrative Expense": 168286000.0,
        "Other Gand A": 168286000.0,
        "Gross Profit": 51763000.0,
        "Cost Of Revenue": 2174893000.0,
        "Total Revenue": 2226656000.0,
        "Operating Revenue": 2198976000.0
    }
}