{
    "2023-03-31": {
        "Tax Effect Of Unusual Items": 0.0,
        "Tax Rate For Calcs": 0.0,
        "Normalized EBITDA": -2734000.0,
        "Total Unusual Items": -1112000.0,
        "Total Unusual Items Excluding Goodwill": -1112000.0,
        "Net Income From Continuing Operation Net Minority Interest": -9151000.0,
        "Reconciled Depreciation": 3227000.0,
        "Reconciled Cost Of Revenue": 36117000.0,
        "EBITDA": -3846000.0,
        "EBIT": -7073000.0,
        "Net Interest Income": -2078000.0,
        "Interest Expense": 2078000.0,
        "Interest Income": 140000.0,
        "Normalized Income": -8039000.0,
        "Net Income From Continuing And Discontinued Operation": -9151000.0,
        "Total Expenses": 51687000.0,
        "Rent Expense Supplemental": 3834000.0,
        "Total Operating Income As Reported": -7000000.0,
        "Diluted Average Shares": 23568032.0,
        "Basic Average Shares": 23568032.0,
        "Diluted EPS": -0.39,
        "Basic EPS": -0.39,
        "Diluted NI Availto Com Stockholders": -9151000.0,
        "Average Dilution Earnings": NaN,
        "Net Income Common Stockholders": -9151000.0,
        "Net Income": -9151000.0,
        "Minority Interests": 0.0,
        "Net Income Including Noncontrolling Interests": -9151000.0,
        "Net Income Continuous Operations": -9151000.0,
        "Tax Provision": 0.0,
        "Pretax Income": -9151000.0,
        "Other Income Expense": -1112000.0,
        "Other Non Operating Income Expenses": NaN,
        "Special Income Charges": -1039000.0,
        "Gain On Sale Of Business": -121000.0,
        "Other Special Charges": 121000.0,
        "Impairment Of Capital Assets": NaN,
        "Restructuring And Mergern Acquisition": 918000.0,
        "Gain On Sale Of Security": -73000.0,
        "Net Non Operating Interest Income Expense": -2078000.0,
        "Total Other Finance Cost": 106000.0,
        "Interest Expense Non Operating": 2078000.0,
        "Interest Income Non Operating": 140000.0,
        "Operating Income": -5961000.0,
        "Operating Expense": 15570000.0,
        "Other Operating Expenses": NaN,
        "Depreciation Amortization Depletion Income Statement": 3227000.0,
        "Depreciation And Amortization In Income Statement": 3227000.0,
        "Selling General And Administration": 12343000.0,
        "Selling And Marketing Expense": 1096000.0,
        "General And Administrative Expense": 11247000.0,
        "Other Gand A": 6573000.0,
        "Salaries And Wages": 4674000.0,
        "Gross Profit": 9609000.0,
        "Cost Of Revenue": 36117000.0,
        "Total Revenue": 45726000.0,
        "Operating Revenue": 45726000.0
    },
    "2022-12-31": {
        "Tax Effect Of Unusual Items": NaN,
        "Tax Rate For Calcs": NaN,
        "Normalized EBITDA": NaN,
        "Total Unusual Items": NaN,
        "Total Unusual Items Excluding Goodwill": NaN,
        "Net Income From Continuing Operation Net Minority Interest": NaN,
        "Reconciled Depreciation": NaN,
        "Reconciled Cost Of Revenue": NaN,
        "EBITDA": NaN,
        "EBIT": NaN,
        "Net Interest Income": NaN,
        "Interest Expense": NaN,
        "Interest Income": NaN,
        "Normalized Income": NaN,
        "Net Income From Continuing And Discontinued Operation": NaN,
        "Total Expenses": NaN,
        "Rent Expense Supplemental": NaN,
        "Total Operating Income As Reported": NaN,
        "Diluted Average Shares": NaN,
        "Basic Average Shares": NaN,
        "Diluted EPS": NaN,
        "Basic EPS": NaN,
        "Diluted NI Availto Com Stockholders": NaN,
        "Average Dilution Earnings": 0.0,
        "Net Income Common Stockholders": NaN,
        "Net Income": NaN,
        "Minority Interests": NaN,
        "Net Income Including Noncontrolling Interests": NaN,
        "Net Income Continuous Operations": NaN,
        "Tax Provision": NaN,
        "Pretax Income": NaN,
        "Other Income Expense": NaN,
        "Other Non Operating Income Expenses": 129000.0,
        "Special Income Charges": NaN,
        "Gain On Sale Of Business": NaN,
        "Other Special Charges": NaN,
        "Impairment Of Capital Assets": 18347000.0,
        "Restructuring And Mergern Acquisition": NaN,
        "Gain On Sale Of Security": NaN,
        "Net Non Operating Interest Income Expense": NaN,
        "Total Other Finance Cost": NaN,
        "Interest Expense Non Operating": NaN,
        "Interest Income Non Operating": NaN,
        "Operating Income": NaN,
        "Operating Expense": NaN,
        "Other Operating Expenses": -1134000.0,
        "Depreciation Amortization Depletion Income Statement": NaN,
        "Depreciation And Amortization In Income Statement": NaN,
        "Selling General And Administration": NaN,
        "Selling And Marketing Expense": NaN,
        "General And Administrative Expense": NaN,
        "Other Gand A": NaN,
        "Salaries And Wages": NaN,
        "Gross Profit": NaN,
        "Cost Of Revenue": NaN,
        "Total Revenue": NaN,
        "Operating Revenue": NaN
    },
    "2022-09-30": {
        "Tax Effect Of Unusual Items": NaN,
        "Tax Rate For Calcs": NaN,
        "Normalized EBITDA": NaN,
        "Total Unusual Items": NaN,
        "Total Unusual Items Excluding Goodwill": NaN,
        "Net Income From Continuing Operation Net Minority Interest": NaN,
        "Reconciled Depreciation": NaN,
        "Reconciled Cost Of Revenue": NaN,
        "EBITDA": NaN,
        "EBIT": NaN,
        "Net Interest Income": NaN,
        "Interest Expense": NaN,
        "Interest Income": NaN,
        "Normalized Income": NaN,
        "Net Income From Continuing And Discontinued Operation": NaN,
        "Total Expenses": NaN,
        "Rent Expense Supplemental": NaN,
        "Total Operating Income As Reported": NaN,
        "Diluted Average Shares": NaN,
        "Basic Average Shares": NaN,
        "Diluted EPS": NaN,
        "Basic EPS": NaN,
        "Diluted NI Availto Com Stockholders": NaN,
        "Average Dilution Earnings": 0.0,
        "Net Income Common Stockholders": NaN,
        "Net Income": NaN,
        "Minority Interests": NaN,
        "Net Income Including Noncontrolling Interests": NaN,
        "Net Income Continuous Operations": NaN,
        "Tax Provision": NaN,
        "Pretax Income": NaN,
        "Other Income Expense": NaN,
        "Other Non Operating Income Expenses": NaN,
        "Special Income Charges": NaN,
        "Gain On Sale Of Business": NaN,
        "Other Special Charges": NaN,
        "Impairment Of Capital Assets": 0.0,
        "Restructuring And Mergern Acquisition": NaN,
        "Gain On Sale Of Security": NaN,
        "Net Non Operating Interest Income Expense": NaN,
        "Total Other Finance Cost": NaN,
        "Interest Expense Non Operating": NaN,
        "Interest Income Non Operating": NaN,
        "Operating Income": NaN,
        "Operating Expense": NaN,
        "Other Operating Expenses": 568000.0,
        "Depreciation Amortization Depletion Income Statement": NaN,
        "Depreciation And Amortization In Income Statement": NaN,
        "Selling General And Administration": NaN,
        "Selling And Marketing Expense": NaN,
        "General And Administrative Expense": NaN,
        "Other Gand A": NaN,
        "Salaries And Wages": NaN,
        "Gross Profit": NaN,
        "Cost Of Revenue": NaN,
        "Total Revenue": NaN,
        "Operating Revenue": NaN
    },
    "2022-06-30": {
        "Tax Effect Of Unusual Items": -293205.0,
        "Tax Rate For Calcs": 0.0055,
        "Normalized EBITDA": -426000.0,
        "Total Unusual Items": -53310000.0,
        "Total Unusual Items Excluding Goodwill": -53310000.0,
        "Net Income From Continuing Operation Net Minority Interest": -60377000.0,
        "Reconciled Depreciation": 4730000.0,
        "Reconciled Cost Of Revenue": 37310000.0,
        "EBITDA": -53736000.0,
        "EBIT": -58466000.0,
        "Net Interest Income": -2246000.0,
        "Interest Expense": 2246000.0,
        "Interest Income": NaN,
        "Normalized Income": -7360205.0,
        "Net Income From Continuing And Discontinued Operation": -60377000.0,
        "Total Expenses": 50407000.0,
        "Rent Expense Supplemental": 3890000.0,
        "Total Operating Income As Reported": -60277000.0,
        "Diluted Average Shares": 22214628.0,
        "Basic Average Shares": 22214628.0,
        "Diluted EPS": -2.72,
        "Basic EPS": -2.72,
        "Diluted NI Availto Com Stockholders": -60377000.0,
        "Average Dilution Earnings": NaN,
        "Net Income Common Stockholders": -60377000.0,
        "Net Income": -60377000.0,
        "Net Income Including Noncontrolling Interests": -60377000.0,
        "Net Income Continuous Operations": -60377000.0,
        "Tax Provision": -335000.0,
        "Pretax Income": -60712000.0,
        "Other Income Expense": -53357000.0,
        "Other Non Operating Income Expenses": -47000.0,
        "Special Income Charges": -55168000.0,
        "Other Special Charges": NaN,
        "Impairment Of Capital Assets": 55168000.0,
        "Restructuring And Mergern Acquisition": NaN,
        "Gain On Sale Of Security": 1858000.0,
        "Net Non Operating Interest Income Expense": -2246000.0,
        "Total Other Finance Cost": NaN,
        "Interest Expense Non Operating": 2246000.0,
        "Interest Income Non Operating": NaN,
        "Operating Income": -5109000.0,
        "Operating Expense": 13097000.0,
        "Other Operating Expenses": 52000.0,
        "Depreciation Amortization Depletion Income Statement": 4730000.0,
        "Depreciation And Amortization In Income Statement": 4730000.0,
        "Selling General And Administration": 8315000.0,
        "Selling And Marketing Expense": NaN,
        "General And Administrative Expense": 8315000.0,
        "Other Gand A": 7406000.0,
        "Salaries And Wages": 909000.0,
        "Gross Profit": 7988000.0,
        "Cost Of Revenue": 37310000.0,
        "Total Revenue": 45298000.0,
        "Operating Revenue": 45298000.0
    },
    "2022-03-31": {
        "Diluted EPS": -0.62,
        "Total Revenue": 45,
        "Gross Profit": 32,
        "Operating Income": -11,
        "EBIT": -7,
        "Net Income": -14
    },
    "2021-12-31": {
        "Diluted EPS": -6.27,
        "Total Revenue": 35,
        "Gross Profit": 26,
        "Operating Income": -5,
        "EBIT": -1,
        "Net Income": -117
    },
    "2021-09-30": {
        "Diluted EPS": -0.28,
        "Total Revenue": 11,
        "Gross Profit": 8,
        "Operating Income": -8,
        "EBIT": -6,
        "Net Income": -5
    },
    "2021-06-30": {
        "Diluted EPS": -0.19,
        "Total Revenue": 12,
        "Gross Profit": 9,
        "Operating Income": -6,
        "EBIT": -4,
        "Net Income": 9
    },
    "2021-03-31": {
        "Diluted EPS": -0.46,
        "Total Revenue": 11,
        "Gross Profit": 9,
        "Operating Income": -3,
        "EBIT": -1,
        "Net Income": -8
    },
    "2020-12-31": {
        "Diluted EPS": 0.0,
        "Total Revenue": 10,
        "Gross Profit": 8,
        "Operating Income": -1,
        "EBIT": 0,
        "Net Income": 6
    },
    "2020-09-30": {
        "Diluted EPS": 0.0,
        "Total Revenue": 9,
        "Gross Profit": 7,
        "Operating Income": -1,
        "EBIT": -1,
        "Net Income": -1
    },
    "2020-06-30": {
        "Diluted EPS": 0.0,
        "Total Revenue": 7,
        "Gross Profit": 5,
        "Operating Income": 0,
        "EBIT": 0,
        "Net Income": 0
    },
    "2020-03-31": {
        "Diluted EPS": 0.0,
        "Total Revenue": 8,
        "Gross Profit": 6,
        "Operating Income": 1,
        "EBIT": 1,
        "Net Income": 1
    },
    "2019-12-31": {
        "Diluted EPS": 0.0,
        "Total Revenue": NaN,
        "Gross Profit": NaN,
        "Operating Income": -30,
        "EBIT": -30,
        "Net Income": 2
    },
    "2019-09-30": {
        "Diluted EPS": -0.02,
        "Total Revenue": NaN,
        "Gross Profit": NaN,
        "Operating Income": 0,
        "EBIT": 0,
        "Net Income": 0
    },
    "2019-06-30": {
        "Diluted EPS": -0.04,
        "Total Revenue": NaN,
        "Gross Profit": NaN,
        "Operating Income": 0,
        "EBIT": 0,
        "Net Income": 0
    },
    "2019-03-31": {
        "Diluted EPS": -0.03,
        "Total Revenue": NaN,
        "Gross Profit": NaN,
        "Operating Income": 0,
        "EBIT": 0,
        "Net Income": 0
    },
    "2018-12-31": {
        "Diluted EPS": 0.22,
        "Total Revenue": NaN,
        "Gross Profit": NaN,
        "Operating Income": 0,
        "EBIT": 0,
        "Net Income": 1
    },
    "2018-09-30": {
        "Diluted EPS": -0.04,
        "Total Revenue": NaN,
        "Gross Profit": NaN,
        "Operating Income": 0,
        "EBIT": 0,
        "Net Income": 0
    },
    "2018-06-30": {
        "Diluted EPS": 0.0,
        "Total Revenue": NaN,
        "Gross Profit": NaN,
        "Operating Income": 0,
        "EBIT": 0,
        "Net Income": 0
    },
    "2018-03-31": {
        "Diluted EPS": -0.01,
        "Total Revenue": NaN,
        "Gross Profit": NaN,
        "Operating Income": 0,
        "EBIT": 0,
        "Net Income": 0
    },
    "2017-12-31": {
        "Diluted EPS": 0.0,
        "Total Revenue": NaN,
        "Gross Profit": NaN,
        "Operating Income": NaN,
        "EBIT": NaN,
        "Net Income": NaN
    },
    "2017-09-30": {
        "Diluted EPS": 0.0,
        "Total Revenue": NaN,
        "Gross Profit": NaN,
        "Operating Income": 0,
        "EBIT": 0,
        "Net Income": 0
    },
    "2017-06-30": {
        "Diluted EPS": -0.03,
        "Total Revenue": NaN,
        "Gross Profit": NaN,
        "Operating Income": 0,
        "EBIT": 0,
        "Net Income": 0
    },
    "2023-06-30": {
        "Tax Effect Of Unusual Items": 0.0,
        "Tax Rate For Calcs": 0.0,
        "Normalized EBITDA": 960000.0,
        "Total Unusual Items": -1453000.0,
        "Total Unusual Items Excluding Goodwill": -1453000.0,
        "Net Income From Continuing Operation Net Minority Interest": -6001000.0,
        "Reconciled Depreciation": 3295000.0,
        "Reconciled Cost Of Revenue": 27401000.0,
        "EBITDA": -493000.0,
        "EBIT": -3788000.0,
        "Net Interest Income": -2211000.0,
        "Interest Expense": 2211000.0,
        "Interest Income": NaN,
        "Normalized Income": -4548000.0,
        "Net Income From Continuing And Discontinued Operation": -6001000.0,
        "Total Expenses": 45757000.0,
        "Rent Expense Supplemental": 3930000.0,
        "Total Operating Income As Reported": -3465000.0,
        "Diluted Average Shares": 24891449.0,
        "Basic Average Shares": 24891449.0,
        "Diluted EPS": -0.24,
        "Basic EPS": -0.24,
        "Diluted NI Availto Com Stockholders": -6001000.0,
        "Average Dilution Earnings": NaN,
        "Net Income Common Stockholders": -6001000.0,
        "Net Income": -6001000.0,
        "Minority Interests": NaN,
        "Net Income Including Noncontrolling Interests": -6001000.0,
        "Net Income Continuous Operations": -6001000.0,
        "Tax Provision": 2000.0,
        "Pretax Income": -5999000.0,
        "Other Income Expense": -1458000.0,
        "Other Non Operating Income Expenses": -5000.0,
        "Special Income Charges": -1135000.0,
        "Gain On Sale Of Business": NaN,
        "Other Special Charges": NaN,
        "Impairment Of Capital Assets": 0.0,
        "Restructuring And Mergern Acquisition": 1135000.0,
        "Gain On Sale Of Security": -318000.0,
        "Net Non Operating Interest Income Expense": -2211000.0,
        "Total Other Finance Cost": NaN,
        "Interest Expense Non Operating": 2211000.0,
        "Interest Income Non Operating": NaN,
        "Operating Income": -2330000.0,
        "Operating Expense": 18356000.0,
        "Other Operating Expenses": 7760000.0,
        "Depreciation Amortization Depletion Income Statement": 3295000.0,
        "Depreciation And Amortization In Income Statement": 3295000.0,
        "Selling General And Administration": 7301000.0,
        "Selling And Marketing Expense": 933000.0,
        "General And Administrative Expense": 6368000.0,
        "Other Gand A": 5812000.0,
        "Salaries And Wages": 556000.0,
        "Gross Profit": 16026000.0,
        "Cost Of Revenue": 27401000.0,
        "Total Revenue": 43427000.0,
        "Operating Revenue": 43427000.0
    },
    "2023-09-30": {
        "Tax Effect Of Unusual Items": 0.0,
        "Tax Rate For Calcs": 0.0,
        "Normalized EBITDA": 824000.0,
        "Total Unusual Items": -291000.0,
        "Total Unusual Items Excluding Goodwill": -291000.0,
        "Net Income From Continuing Operation Net Minority Interest": -4958000.0,
        "Reconciled Depreciation": 3272000.0,
        "Reconciled Cost Of Revenue": 33931000.0,
        "EBITDA": 533000.0,
        "EBIT": -2739000.0,
        "Net Interest Income": -2219000.0,
        "Interest Expense": 2219000.0,
        "Interest Income": NaN,
        "Normalized Income": -4667000.0,
        "Net Income From Continuing And Discontinued Operation": -4958000.0,
        "Total Expenses": 42013000.0,
        "Rent Expense Supplemental": 3933000.0,
        "Total Operating Income As Reported": -3048000.0,
        "Diluted Average Shares": 26793358.0,
        "Basic Average Shares": 26793358.0,
        "Diluted EPS": -0.19,
        "Basic EPS": -0.19,
        "Diluted NI Availto Com Stockholders": -4958000.0,
        "Average Dilution Earnings": NaN,
        "Net Income Common Stockholders": -4958000.0,
        "Net Income": -4958000.0,
        "Minority Interests": NaN,
        "Net Income Including Noncontrolling Interests": -4958000.0,
        "Net Income Continuous Operations": -4958000.0,
        "Tax Provision": 0.0,
        "Pretax Income": -4958000.0,
        "Other Income Expense": -206000.0,
        "Other Non Operating Income Expenses": 85000.0,
        "Special Income Charges": -515000.0,
        "Gain On Sale Of Business": NaN,
        "Other Special Charges": NaN,
        "Impairment Of Capital Assets": 0.0,
        "Restructuring And Mergern Acquisition": 515000.0,
        "Gain On Sale Of Security": 224000.0,
        "Net Non Operating Interest Income Expense": -2219000.0,
        "Total Other Finance Cost": NaN,
        "Interest Expense Non Operating": 2219000.0,
        "Interest Income Non Operating": NaN,
        "Operating Income": -2533000.0,
        "Operating Expense": 8082000.0,
        "Other Operating Expenses": NaN,
        "Depreciation Amortization Depletion Income Statement": 3272000.0,
        "Depreciation And Amortization In Income Statement": 3272000.0,
        "Selling General And Administration": 4810000.0,
        "Selling And Marketing Expense": NaN,
        "General And Administrative Expense": 4810000.0,
        "Other Gand A": 4638000.0,
        "Salaries And Wages": 172000.0,
        "Gross Profit": 5549000.0,
        "Cost Of Revenue": 33931000.0,
        "Total Revenue": 39480000.0,
        "Operating Revenue": 39480000.0
    },
    "2023-12-31": {
        "Tax Effect Of Unusual Items": -30782.934834,
        "Tax Rate For Calcs": 0.006282,
        "Normalized EBITDA": -296000.0,
        "Total Unusual Items": -4900000.0,
        "Total Unusual Items Excluding Goodwill": -4900000.0,
        "Net Income From Continuing Operation Net Minority Interest": -10598000.0,
        "Reconciled Depreciation": 3360000.0,
        "Reconciled Cost Of Revenue": 35686000.0,
        "EBITDA": -5196000.0,
        "EBIT": -8556000.0,
        "Net Interest Income": -2320000.0,
        "Interest Expense": 2109000.0,
        "Interest Income": NaN,
        "Normalized Income": -5728782.934834,
        "Net Income From Continuing And Discontinued Operation": -10598000.0,
        "Total Expenses": 44910000.0,
        "Rent Expense Supplemental": 3959000.0,
        "Total Operating Income As Reported": -8524000.0,
        "Diluted Average Shares": 26827581.0,
        "Basic Average Shares": 26827581.0,
        "Diluted EPS": -0.4,
        "Basic EPS": -0.4,
        "Diluted NI Availto Com Stockholders": -10598000.0,
        "Average Dilution Earnings": NaN,
        "Net Income Common Stockholders": -10598000.0,
        "Net Income": -10598000.0,
        "Minority Interests": NaN,
        "Net Income Including Noncontrolling Interests": -10598000.0,
        "Net Income Continuous Operations": -10598000.0,
        "Tax Provision": -67000.0,
        "Pretax Income": -10665000.0,
        "Other Income Expense": -4901000.0,
        "Other Non Operating Income Expenses": -1000.0,
        "Special Income Charges": -5080000.0,
        "Gain On Sale Of Business": NaN,
        "Other Special Charges": NaN,
        "Impairment Of Capital Assets": 4524000.0,
        "Restructuring And Mergern Acquisition": -31000.0,
        "Gain On Sale Of Security": 180000.0,
        "Net Non Operating Interest Income Expense": -2320000.0,
        "Total Other Finance Cost": NaN,
        "Interest Expense Non Operating": 2109000.0,
        "Interest Income Non Operating": NaN,
        "Operating Income": -3444000.0,
        "Operating Expense": 9224000.0,
        "Other Operating Expenses": NaN,
        "Depreciation Amortization Depletion Income Statement": 3360000.0,
        "Depreciation And Amortization In Income Statement": 3360000.0,
        "Selling General And Administration": 5661000.0,
        "Selling And Marketing Expense": NaN,
        "General And Administrative Expense": 5661000.0,
        "Other Gand A": 5450000.0,
        "Salaries And Wages": 211000.0,
        "Gross Profit": 5780000.0,
        "Cost Of Revenue": 35686000.0,
        "Total Revenue": 41466000.0,
        "Operating Revenue": 41466000.0
    },
    "2024-03-31": {
        "Tax Effect Of Unusual Items": 0.0,
        "Tax Rate For Calcs": 0.0,
        "Normalized EBITDA": -703000.0,
        "Total Unusual Items": -314000.0,
        "Total Unusual Items Excluding Goodwill": -314000.0,
        "Net Income From Continuing Operation Net Minority Interest": -6538000.0,
        "Reconciled Depreciation": 3044000.0,
        "Reconciled Cost Of Revenue": 35907000.0,
        "EBITDA": -1017000.0,
        "EBIT": -4061000.0,
        "Net Interest Income": -2477000.0,
        "Interest Expense": 2477000.0,
        "Interest Income": NaN,
        "Normalized Income": -6224000.0,
        "Net Income From Continuing And Discontinued Operation": -6538000.0,
        "Total Expenses": 46629000.0,
        "Rent Expense Supplemental": 3890000.0,
        "Total Operating Income As Reported": -4208000.0,
        "Diluted Average Shares": 27021716.0,
        "Basic Average Shares": 27021716.0,
        "Diluted EPS": -0.24,
        "Basic EPS": -0.24,
        "Diluted NI Availto Com Stockholders": -6538000.0,
        "Average Dilution Earnings": NaN,
        "Net Income Common Stockholders": -6538000.0,
        "Net Income": -6538000.0,
        "Minority Interests": 0.0,
        "Net Income Including Noncontrolling Interests": -6538000.0,
        "Net Income Continuous Operations": -6538000.0,
        "Tax Provision": 0.0,
        "Pretax Income": -6538000.0,
        "Other Income Expense": -311000.0,
        "Other Non Operating Income Expenses": 3000.0,
        "Special Income Charges": -458000.0,
        "Gain On Sale Of Business": -435000.0,
        "Other Special Charges": -56000.0,
        "Impairment Of Capital Assets": NaN,
        "Restructuring And Mergern Acquisition": 79000.0,
        "Gain On Sale Of Security": 144000.0,
        "Net Non Operating Interest Income Expense": -2477000.0,
        "Total Other Finance Cost": NaN,
        "Interest Expense Non Operating": 2477000.0,
        "Interest Income Non Operating": NaN,
        "Operating Income": -3750000.0,
        "Operating Expense": 10722000.0,
        "Other Operating Expenses": 163000.0,
        "Depreciation Amortization Depletion Income Statement": 3044000.0,
        "Depreciation And Amortization In Income Statement": 3044000.0,
        "Selling General And Administration": 7515000.0,
        "Selling And Marketing Expense": 1252000.0,
        "General And Administrative Expense": 6263000.0,
        "Other Gand A": 5309000.0,
        "Salaries And Wages": 954000.0,
        "Gross Profit": 6972000.0,
        "Cost Of Revenue": 35907000.0,
        "Total Revenue": 42879000.0,
        "Operating Revenue": 42879000.0
    }
}