{
    "2023-03-31": {
        "Tax Effect Of Unusual Items": NaN,
        "Tax Rate For Calcs": NaN,
        "Normalized EBITDA": NaN,
        "Total Unusual Items": NaN,
        "Total Unusual Items Excluding Goodwill": NaN,
        "Net Income From Continuing Operation Net Minority Interest": NaN,
        "Reconciled Depreciation": NaN,
        "Reconciled Cost Of Revenue": NaN,
        "EBITDA": NaN,
        "EBIT": NaN,
        "Net Interest Income": NaN,
        "Interest Expense": NaN,
        "Interest Income": NaN,
        "Normalized Income": NaN,
        "Net Income From Continuing And Discontinued Operation": NaN,
        "Total Expenses": NaN,
        "Total Operating Income As Reported": NaN,
        "Diluted Average Shares": 1334950.0,
        "Basic Average Shares": 1334950.0,
        "Diluted EPS": -5.6,
        "Basic EPS": -5.6,
        "Diluted NI Availto Com Stockholders": NaN,
        "Net Income Common Stockholders": NaN,
        "Net Income": NaN,
        "Net Income Including Noncontrolling Interests": NaN,
        "Net Income Continuous Operations": NaN,
        "Tax Provision": NaN,
        "Pretax Income": NaN,
        "Other Income Expense": NaN,
        "Other Non Operating Income Expenses": NaN,
        "Special Income Charges": NaN,
        "Other Special Charges": NaN,
        "Restructuring And Mergern Acquisition": NaN,
        "Gain On Sale Of Security": NaN,
        "Net Non Operating Interest Income Expense": NaN,
        "Interest Expense Non Operating": NaN,
        "Interest Income Non Operating": NaN,
        "Operating Income": NaN,
        "Operating Expense": NaN,
        "Research And Development": 0.0,
        "Selling General And Administration": NaN,
        "General And Administrative Expense": 9827000.0,
        "Other Gand A": 9827000.0,
        "Gross Profit": NaN,
        "Cost Of Revenue": NaN,
        "Total Revenue": NaN,
        "Operating Revenue": NaN
    },
    "2022-12-31": {
        "Tax Effect Of Unusual Items": NaN,
        "Tax Rate For Calcs": NaN,
        "Normalized EBITDA": NaN,
        "Total Unusual Items": NaN,
        "Total Unusual Items Excluding Goodwill": NaN,
        "Net Income From Continuing Operation Net Minority Interest": NaN,
        "Reconciled Depreciation": NaN,
        "Reconciled Cost Of Revenue": NaN,
        "EBITDA": NaN,
        "EBIT": NaN,
        "Net Interest Income": NaN,
        "Interest Expense": NaN,
        "Interest Income": NaN,
        "Normalized Income": NaN,
        "Net Income From Continuing And Discontinued Operation": NaN,
        "Total Expenses": NaN,
        "Total Operating Income As Reported": NaN,
        "Diluted Average Shares": NaN,
        "Basic Average Shares": NaN,
        "Diluted EPS": NaN,
        "Basic EPS": NaN,
        "Diluted NI Availto Com Stockholders": NaN,
        "Net Income Common Stockholders": NaN,
        "Net Income": NaN,
        "Net Income Including Noncontrolling Interests": NaN,
        "Net Income Continuous Operations": NaN,
        "Tax Provision": NaN,
        "Pretax Income": NaN,
        "Other Income Expense": NaN,
        "Other Non Operating Income Expenses": NaN,
        "Special Income Charges": NaN,
        "Other Special Charges": NaN,
        "Restructuring And Mergern Acquisition": NaN,
        "Gain On Sale Of Security": NaN,
        "Net Non Operating Interest Income Expense": NaN,
        "Interest Expense Non Operating": NaN,
        "Interest Income Non Operating": NaN,
        "Operating Income": NaN,
        "Operating Expense": NaN,
        "Research And Development": NaN,
        "Selling General And Administration": NaN,
        "General And Administrative Expense": 10208000.0,
        "Other Gand A": 10208000.0,
        "Gross Profit": NaN,
        "Cost Of Revenue": NaN,
        "Total Revenue": NaN,
        "Operating Revenue": NaN
    },
    "2022-09-30": {
        "Tax Effect Of Unusual Items": NaN,
        "Tax Rate For Calcs": NaN,
        "Normalized EBITDA": NaN,
        "Total Unusual Items": NaN,
        "Total Unusual Items Excluding Goodwill": NaN,
        "Net Income From Continuing Operation Net Minority Interest": NaN,
        "Reconciled Depreciation": NaN,
        "Reconciled Cost Of Revenue": NaN,
        "EBITDA": NaN,
        "EBIT": NaN,
        "Net Interest Income": NaN,
        "Interest Expense": NaN,
        "Interest Income": NaN,
        "Normalized Income": NaN,
        "Net Income From Continuing And Discontinued Operation": NaN,
        "Total Expenses": NaN,
        "Total Operating Income As Reported": NaN,
        "Diluted Average Shares": NaN,
        "Basic Average Shares": NaN,
        "Diluted EPS": NaN,
        "Basic EPS": NaN,
        "Diluted NI Availto Com Stockholders": NaN,
        "Net Income Common Stockholders": NaN,
        "Net Income": NaN,
        "Net Income Including Noncontrolling Interests": NaN,
        "Net Income Continuous Operations": NaN,
        "Tax Provision": NaN,
        "Pretax Income": NaN,
        "Other Income Expense": NaN,
        "Other Non Operating Income Expenses": NaN,
        "Special Income Charges": NaN,
        "Other Special Charges": NaN,
        "Restructuring And Mergern Acquisition": NaN,
        "Gain On Sale Of Security": NaN,
        "Net Non Operating Interest Income Expense": NaN,
        "Interest Expense Non Operating": NaN,
        "Interest Income Non Operating": NaN,
        "Operating Income": NaN,
        "Operating Expense": NaN,
        "Research And Development": 0.0,
        "Selling General And Administration": NaN,
        "General And Administrative Expense": NaN,
        "Other Gand A": NaN,
        "Gross Profit": NaN,
        "Cost Of Revenue": NaN,
        "Total Revenue": NaN,
        "Operating Revenue": NaN
    },
    "2022-06-30": {
        "Tax Effect Of Unusual Items": 0.0,
        "Tax Rate For Calcs": 0.0,
        "Normalized EBITDA": -7897000.0,
        "Total Unusual Items": 7271000.0,
        "Total Unusual Items Excluding Goodwill": 7271000.0,
        "Net Income From Continuing Operation Net Minority Interest": -850000.0,
        "Reconciled Depreciation": 132000.0,
        "Reconciled Cost Of Revenue": 2554000.0,
        "EBITDA": -626000.0,
        "EBIT": -758000.0,
        "Net Interest Income": -38000.0,
        "Interest Expense": 92000.0,
        "Interest Income": 54000.0,
        "Normalized Income": -8121000.0,
        "Net Income From Continuing And Discontinued Operation": -850000.0,
        "Total Expenses": 12569000.0,
        "Total Operating Income As Reported": -6212000.0,
        "Diluted Average Shares": 941175.0,
        "Basic Average Shares": 941175.0,
        "Diluted EPS": -0.9,
        "Basic EPS": -0.9,
        "Diluted NI Availto Com Stockholders": -850000.0,
        "Net Income Common Stockholders": -850000.0,
        "Net Income": -850000.0,
        "Net Income Including Noncontrolling Interests": -850000.0,
        "Net Income Continuous Operations": -850000.0,
        "Tax Provision": 0.0,
        "Pretax Income": -850000.0,
        "Other Income Expense": 7300000.0,
        "Other Non Operating Income Expenses": 29000.0,
        "Special Income Charges": 1900000.0,
        "Write Off": NaN,
        "Restructuring And Mergern Acquisition": -1900000.0,
        "Gain On Sale Of Security": 5371000.0,
        "Net Non Operating Interest Income Expense": -38000.0,
        "Interest Expense Non Operating": 92000.0,
        "Interest Income Non Operating": 54000.0,
        "Operating Income": -8112000.0,
        "Operating Expense": 10015000.0,
        "Selling General And Administration": 10015000.0,
        "General And Administrative Expense": 10015000.0,
        "Other Gand A": 10015000.0,
        "Gross Profit": 1903000.0,
        "Cost Of Revenue": 2554000.0,
        "Total Revenue": 4457000.0,
        "Operating Revenue": 4457000.0
    },
    "2022-03-31": {
        "Diluted EPS": 6.4,
        "Total Revenue": 10,
        "Gross Profit": 5,
        "Operating Income": -3,
        "EBIT": -3,
        "Net Income": 6
    },
    "2021-12-31": {
        "Diluted EPS": -27.6,
        "Total Revenue": 9,
        "Gross Profit": 4,
        "Operating Income": -2,
        "EBIT": -2,
        "Net Income": -15
    },
    "2021-09-30": {
        "Diluted EPS": -40.0,
        "Total Revenue": 4,
        "Gross Profit": 2,
        "Operating Income": -16,
        "EBIT": -16,
        "Net Income": -16
    },
    "2021-06-30": {
        "Diluted EPS": -9.2,
        "Total Revenue": 6,
        "Gross Profit": 3,
        "Operating Income": -4,
        "EBIT": -4,
        "Net Income": -4
    },
    "2021-03-31": {
        "Diluted EPS": -8.8,
        "Total Revenue": 5,
        "Gross Profit": 2,
        "Operating Income": -4,
        "EBIT": -3,
        "Net Income": -4
    },
    "2020-12-31": {
        "Diluted EPS": 0.0,
        "Total Revenue": NaN,
        "Gross Profit": NaN,
        "Operating Income": NaN,
        "EBIT": NaN,
        "Net Income": NaN
    },
    "2020-09-30": {
        "Diluted EPS": NaN,
        "Total Revenue": 3,
        "Gross Profit": 2,
        "Operating Income": -2,
        "EBIT": -2,
        "Net Income": -3
    },
    "2023-06-30": {
        "Tax Effect Of Unusual Items": -255780.0,
        "Tax Rate For Calcs": 0.21,
        "Normalized EBITDA": -8232000.0,
        "Total Unusual Items": -1218000.0,
        "Total Unusual Items Excluding Goodwill": -1218000.0,
        "Net Income From Continuing Operation Net Minority Interest": -9837000.0,
        "Reconciled Depreciation": 252000.0,
        "Reconciled Cost Of Revenue": 2888000.0,
        "EBITDA": -9450000.0,
        "EBIT": -9702000.0,
        "Net Interest Income": -79000.0,
        "Interest Expense": 121000.0,
        "Interest Income": 42000.0,
        "Normalized Income": -8874780.0,
        "Net Income From Continuing And Discontinued Operation": -9837000.0,
        "Total Expenses": 14436000.0,
        "Total Operating Income As Reported": -8699000.0,
        "Diluted Average Shares": 1360739.0,
        "Basic Average Shares": 1360739.0,
        "Diluted EPS": -7.23,
        "Basic EPS": -7.23,
        "Diluted NI Availto Com Stockholders": -9837000.0,
        "Net Income Common Stockholders": -9837000.0,
        "Net Income": -9837000.0,
        "Net Income Including Noncontrolling Interests": -9837000.0,
        "Net Income Continuous Operations": -9837000.0,
        "Tax Provision": 14000.0,
        "Pretax Income": -9823000.0,
        "Other Income Expense": -1156000.0,
        "Other Non Operating Income Expenses": 62000.0,
        "Special Income Charges": -111000.0,
        "Other Special Charges": NaN,
        "Restructuring And Mergern Acquisition": 111000.0,
        "Gain On Sale Of Security": -1107000.0,
        "Net Non Operating Interest Income Expense": -79000.0,
        "Interest Expense Non Operating": 121000.0,
        "Interest Income Non Operating": 42000.0,
        "Operating Income": -8588000.0,
        "Operating Expense": 11548000.0,
        "Research And Development": NaN,
        "Selling General And Administration": 11548000.0,
        "General And Administrative Expense": 11548000.0,
        "Other Gand A": 11548000.0,
        "Gross Profit": 2960000.0,
        "Cost Of Revenue": 2888000.0,
        "Total Revenue": 5848000.0,
        "Operating Revenue": 5848000.0
    },
    "2023-09-30": {
        "Tax Effect Of Unusual Items": -380940.0,
        "Tax Rate For Calcs": 0.21,
        "Normalized EBITDA": -4121000.0,
        "Total Unusual Items": -1814000.0,
        "Total Unusual Items Excluding Goodwill": -1814000.0,
        "Net Income From Continuing Operation Net Minority Interest": -6342000.0,
        "Reconciled Depreciation": 251000.0,
        "Reconciled Cost Of Revenue": 4590000.0,
        "EBITDA": -5935000.0,
        "EBIT": -6186000.0,
        "Net Interest Income": -142000.0,
        "Interest Expense": 155000.0,
        "Interest Income": 13000.0,
        "Normalized Income": -4908940.0,
        "Net Income From Continuing And Discontinued Operation": -6342000.0,
        "Total Expenses": 13316000.0,
        "Total Operating Income As Reported": -4620000.0,
        "Diluted Average Shares": 1366842.0,
        "Basic Average Shares": 1366842.0,
        "Diluted EPS": -4.64,
        "Basic EPS": -4.64,
        "Diluted NI Availto Com Stockholders": -6342000.0,
        "Net Income Common Stockholders": -6342000.0,
        "Net Income": -6342000.0,
        "Net Income Including Noncontrolling Interests": -6342000.0,
        "Net Income Continuous Operations": -6342000.0,
        "Tax Provision": 1000.0,
        "Pretax Income": -6341000.0,
        "Other Income Expense": -1779000.0,
        "Other Non Operating Income Expenses": 35000.0,
        "Special Income Charges": -200000.0,
        "Other Special Charges": NaN,
        "Restructuring And Mergern Acquisition": 200000.0,
        "Gain On Sale Of Security": -1614000.0,
        "Net Non Operating Interest Income Expense": -142000.0,
        "Interest Expense Non Operating": 155000.0,
        "Interest Income Non Operating": 13000.0,
        "Operating Income": -4420000.0,
        "Operating Expense": 8726000.0,
        "Research And Development": 33000.0,
        "Selling General And Administration": 8693000.0,
        "General And Administrative Expense": 8693000.0,
        "Other Gand A": 8693000.0,
        "Gross Profit": 4306000.0,
        "Cost Of Revenue": 4590000.0,
        "Total Revenue": 8896000.0,
        "Operating Revenue": 8896000.0
    },
    "2023-12-31": {
        "Tax Effect Of Unusual Items": 1600830.0,
        "Tax Rate For Calcs": 0.21,
        "Normalized EBITDA": -3575000.0,
        "Total Unusual Items": 7623000.0,
        "Total Unusual Items Excluding Goodwill": 7623000.0,
        "Net Income From Continuing Operation Net Minority Interest": 3526000.0,
        "Reconciled Depreciation": 295000.0,
        "Reconciled Cost Of Revenue": 5368000.0,
        "EBITDA": 4048000.0,
        "EBIT": 3753000.0,
        "Net Interest Income": -304000.0,
        "Interest Expense": 233000.0,
        "Interest Income": 21000.0,
        "Normalized Income": -2496170.0,
        "Net Income From Continuing And Discontinued Operation": 3526000.0,
        "Total Expenses": 14461000.0,
        "Total Operating Income As Reported": -3865000.0,
        "Diluted Average Shares": NaN,
        "Basic Average Shares": NaN,
        "Diluted EPS": NaN,
        "Basic EPS": NaN,
        "Diluted NI Availto Com Stockholders": 3526000.0,
        "Net Income Common Stockholders": 3526000.0,
        "Net Income": 3526000.0,
        "Net Income Including Noncontrolling Interests": 3526000.0,
        "Net Income Continuous Operations": 3526000.0,
        "Tax Provision": -6000.0,
        "Pretax Income": 3520000.0,
        "Other Income Expense": 7689000.0,
        "Other Non Operating Income Expenses": 66000.0,
        "Special Income Charges": 7385000.0,
        "Other Special Charges": NaN,
        "Restructuring And Mergern Acquisition": 0.0,
        "Gain On Sale Of Security": 238000.0,
        "Net Non Operating Interest Income Expense": -304000.0,
        "Interest Expense Non Operating": 233000.0,
        "Interest Income Non Operating": 21000.0,
        "Operating Income": -3865000.0,
        "Operating Expense": 9093000.0,
        "Research And Development": 33000.0,
        "Selling General And Administration": 9060000.0,
        "General And Administrative Expense": 9060000.0,
        "Other Gand A": 9060000.0,
        "Gross Profit": 5228000.0,
        "Cost Of Revenue": 5368000.0,
        "Total Revenue": 10596000.0,
        "Operating Revenue": 10596000.0
    },
    "2024-03-31": {
        "Tax Effect Of Unusual Items": -785820.0,
        "Tax Rate For Calcs": 0.21,
        "Normalized EBITDA": -4966000.0,
        "Total Unusual Items": -3742000.0,
        "Total Unusual Items Excluding Goodwill": -3742000.0,
        "Net Income From Continuing Operation Net Minority Interest": -10437000.0,
        "Reconciled Depreciation": 307000.0,
        "Reconciled Cost Of Revenue": 4116000.0,
        "EBITDA": -8708000.0,
        "EBIT": -9015000.0,
        "Net Interest Income": -1407000.0,
        "Interest Expense": 1421000.0,
        "Interest Income": 14000.0,
        "Normalized Income": -7480820.0,
        "Net Income From Continuing And Discontinued Operation": -10437000.0,
        "Total Expenses": 13379000.0,
        "Total Operating Income As Reported": -5467000.0,
        "Diluted Average Shares": 3623593.0,
        "Basic Average Shares": 3623593.0,
        "Diluted EPS": -2.88,
        "Basic EPS": -2.88,
        "Diluted NI Availto Com Stockholders": -10437000.0,
        "Net Income Common Stockholders": -10437000.0,
        "Net Income": -10437000.0,
        "Net Income Including Noncontrolling Interests": -10437000.0,
        "Net Income Continuous Operations": -10437000.0,
        "Tax Provision": 1000.0,
        "Pretax Income": -10436000.0,
        "Other Income Expense": -3562000.0,
        "Other Non Operating Income Expenses": 180000.0,
        "Special Income Charges": -316000.0,
        "Other Special Charges": 316000.0,
        "Restructuring And Mergern Acquisition": 0.0,
        "Gain On Sale Of Security": -3426000.0,
        "Net Non Operating Interest Income Expense": -1407000.0,
        "Interest Expense Non Operating": 1421000.0,
        "Interest Income Non Operating": 14000.0,
        "Operating Income": -5467000.0,
        "Operating Expense": 9263000.0,
        "Research And Development": 17000.0,
        "Selling General And Administration": 9246000.0,
        "General And Administrative Expense": NaN,
        "Other Gand A": NaN,
        "Gross Profit": 3796000.0,
        "Cost Of Revenue": 4116000.0,
        "Total Revenue": 7912000.0,
        "Operating Revenue": 7912000.0
    },
    "2024-06-30": {
        "Tax Effect Of Unusual Items": 1008630.0,
        "Tax Rate For Calcs": 0.21,
        "Normalized EBITDA": -4111000.0,
        "Total Unusual Items": 4803000.0,
        "Total Unusual Items Excluding Goodwill": 4803000.0,
        "Net Income From Continuing Operation Net Minority Interest": -257000.0,
        "Reconciled Depreciation": 309000.0,
        "Reconciled Cost Of Revenue": 4342000.0,
        "EBITDA": 692000.0,
        "EBIT": 383000.0,
        "Net Interest Income": -596000.0,
        "Interest Expense": 620000.0,
        "Interest Income": 24000.0,
        "Normalized Income": -4051370.0,
        "Net Income From Continuing And Discontinued Operation": -257000.0,
        "Total Expenses": 12289000.0,
        "Total Operating Income As Reported": -5071000.0,
        "Diluted Average Shares": 5091353.0,
        "Basic Average Shares": 5091353.0,
        "Diluted EPS": -0.05,
        "Basic EPS": -0.05,
        "Diluted NI Availto Com Stockholders": -257000.0,
        "Net Income Common Stockholders": -257000.0,
        "Net Income": -257000.0,
        "Net Income Including Noncontrolling Interests": -257000.0,
        "Net Income Continuous Operations": -257000.0,
        "Tax Provision": 20000.0,
        "Pretax Income": -237000.0,
        "Other Income Expense": 4809000.0,
        "Other Non Operating Income Expenses": 6000.0,
        "Special Income Charges": -621000.0,
        "Other Special Charges": NaN,
        "Restructuring And Mergern Acquisition": 621000.0,
        "Gain On Sale Of Security": 5424000.0,
        "Net Non Operating Interest Income Expense": -596000.0,
        "Interest Expense Non Operating": 620000.0,
        "Interest Income Non Operating": 24000.0,
        "Operating Income": -4450000.0,
        "Operating Expense": 7947000.0,
        "Research And Development": NaN,
        "Selling General And Administration": 7947000.0,
        "General And Administrative Expense": NaN,
        "Other Gand A": NaN,
        "Gross Profit": 3497000.0,
        "Cost Of Revenue": 4342000.0,
        "Total Revenue": 7839000.0,
        "Operating Revenue": 7839000.0
    }
}