{
    "2023-03-31": {
        "Tax Effect Of Unusual Items": 10649643.705463,
        "Tax Rate For Calcs": 0.21734,
        "Normalized EBITDA": 1007000000.0,
        "Total Unusual Items": 49000000.0,
        "Total Unusual Items Excluding Goodwill": 49000000.0,
        "Net Income From Continuing Operation Net Minority Interest": 632000000.0,
        "Reconciled Depreciation": 102000000.0,
        "Reconciled Cost Of Revenue": 14147000000.0,
        "EBITDA": 1056000000.0,
        "EBIT": 954000000.0,
        "Net Interest Income": -69000000.0,
        "Interest Expense": 112000000.0,
        "Interest Income": 43000000.0,
        "Normalized Income": 593649643.705463,
        "Net Income From Continuing And Discontinued Operation": 632000000.0,
        "Total Expenses": 14500000000.0,
        "Diluted Average Shares": 152263992.0,
        "Basic Average Shares": 150079448.0,
        "Diluted EPS": 4.15,
        "Basic EPS": 4.21,
        "Diluted NI Availto Com Stockholders": 632000000.0,
        "Net Income Common Stockholders": 632000000.0,
        "Net Income": 632000000.0,
        "Minority Interests": -27000000.0,
        "Net Income Including Noncontrolling Interests": 659000000.0,
        "Net Income Continuous Operations": 659000000.0,
        "Tax Provision": 183000000.0,
        "Pretax Income": 842000000.0,
        "Other Income Expense": 83000000.0,
        "Other Non Operating Income Expenses": 15000000.0,
        "Earnings From Equity Interest": 19000000.0,
        "Gain On Sale Of Security": 49000000.0,
        "Net Non Operating Interest Income Expense": -69000000.0,
        "Interest Expense Non Operating": 112000000.0,
        "Interest Income Non Operating": 43000000.0,
        "Operating Income": 828000000.0,
        "Operating Expense": 353000000.0,
        "Selling General And Administration": 353000000.0,
        "Gross Profit": 1181000000.0,
        "Cost Of Revenue": 14147000000.0,
        "Total Revenue": 15328000000.0,
        "Operating Revenue": 15328000000.0
    },
    "2022-12-31": {
        "Tax Effect Of Unusual Items": 36057425.742574,
        "Tax Rate For Calcs": 0.259406,
        "Normalized EBITDA": 566000000.0,
        "Total Unusual Items": 139000000.0,
        "Total Unusual Items Excluding Goodwill": 139000000.0,
        "Net Income From Continuing Operation Net Minority Interest": 336000000.0,
        "Reconciled Depreciation": 103000000.0,
        "Reconciled Cost Of Revenue": 15842000000.0,
        "EBITDA": 705000000.0,
        "EBIT": 602000000.0,
        "Net Interest Income": -76000000.0,
        "Interest Expense": 97000000.0,
        "Interest Income": 21000000.0,
        "Normalized Income": 233057425.742574,
        "Net Income From Continuing And Discontinued Operation": 336000000.0,
        "Total Expenses": 16232000000.0,
        "Diluted Average Shares": 152000000.0,
        "Basic Average Shares": 149907932.0,
        "Diluted EPS": 2.21,
        "Basic EPS": 2.241376,
        "Diluted NI Availto Com Stockholders": 336000000.0,
        "Net Income Common Stockholders": 336000000.0,
        "Net Income": 336000000.0,
        "Minority Interests": -38000000.0,
        "Net Income Including Noncontrolling Interests": 374000000.0,
        "Net Income Continuous Operations": 374000000.0,
        "Tax Provision": 131000000.0,
        "Pretax Income": 505000000.0,
        "Other Income Expense": 153000000.0,
        "Other Non Operating Income Expenses": 4000000.0,
        "Earnings From Equity Interest": 10000000.0,
        "Gain On Sale Of Security": 139000000.0,
        "Net Non Operating Interest Income Expense": -76000000.0,
        "Interest Expense Non Operating": 97000000.0,
        "Interest Income Non Operating": 21000000.0,
        "Operating Income": 428000000.0,
        "Operating Expense": 390000000.0,
        "Selling General And Administration": 390000000.0,
        "Gross Profit": 818000000.0,
        "Cost Of Revenue": 15842000000.0,
        "Total Revenue": 16660000000.0,
        "Operating Revenue": 16660000000.0
    },
    "2022-09-30": {
        "Tax Effect Of Unusual Items": -11846774.193548,
        "Tax Rate For Calcs": 0.227823,
        "Normalized EBITDA": 752000000.0,
        "Total Unusual Items": -52000000.0,
        "Total Unusual Items Excluding Goodwill": -52000000.0,
        "Net Income From Continuing Operation Net Minority Interest": 380000000.0,
        "Reconciled Depreciation": 101000000.0,
        "Reconciled Cost Of Revenue": 15871000000.0,
        "EBITDA": 700000000.0,
        "EBIT": 599000000.0,
        "Net Interest Income": -73000000.0,
        "Interest Expense": 103000000.0,
        "Interest Income": 30000000.0,
        "Normalized Income": 420153225.806452,
        "Net Income From Continuing And Discontinued Operation": 380000000.0,
        "Total Expenses": 16208000000.0,
        "Diluted Average Shares": 152420293.0,
        "Basic Average Shares": 150560803.0,
        "Diluted EPS": 2.49,
        "Basic EPS": 2.52,
        "Diluted NI Availto Com Stockholders": 380000000.0,
        "Average Dilution Earnings": 0.0,
        "Net Income Common Stockholders": 380000000.0,
        "Net Income": 380000000.0,
        "Minority Interests": -3000000.0,
        "Net Income Including Noncontrolling Interests": 383000000.0,
        "Net Income Continuous Operations": 383000000.0,
        "Tax Provision": 113000000.0,
        "Pretax Income": 496000000.0,
        "Other Income Expense": 18000000.0,
        "Other Non Operating Income Expenses": 40000000.0,
        "Earnings From Equity Interest": 30000000.0,
        "Gain On Sale Of Security": -52000000.0,
        "Net Non Operating Interest Income Expense": -73000000.0,
        "Interest Expense Non Operating": 103000000.0,
        "Interest Income Non Operating": 30000000.0,
        "Operating Income": 551000000.0,
        "Operating Expense": 337000000.0,
        "Selling General And Administration": 337000000.0,
        "Gross Profit": 888000000.0,
        "Cost Of Revenue": 15871000000.0,
        "Total Revenue": 16759000000.0,
        "Operating Revenue": 16759000000.0
    },
    "2022-06-30": {
        "Tax Effect Of Unusual Items": -15172413.793103,
        "Tax Rate For Calcs": 0.137931,
        "Normalized EBITDA": 565000000.0,
        "Total Unusual Items": -110000000.0,
        "Total Unusual Items Excluding Goodwill": -110000000.0,
        "Net Income From Continuing Operation Net Minority Interest": 206000000.0,
        "Reconciled Depreciation": 102000000.0,
        "Reconciled Cost Of Revenue": 17161000000.0,
        "EBITDA": 455000000.0,
        "EBIT": 353000000.0,
        "Net Interest Income": -81000000.0,
        "Interest Expense": 92000000.0,
        "Interest Income": 11000000.0,
        "Normalized Income": 300827586.206897,
        "Net Income From Continuing And Discontinued Operation": 206000000.0,
        "Total Expenses": 17495000000.0,
        "Diluted Average Shares": 154072714.0,
        "Basic Average Shares": 151799677.0,
        "Diluted EPS": 1.34,
        "Basic EPS": 1.36,
        "Diluted NI Availto Com Stockholders": 206000000.0,
        "Average Dilution Earnings": 0.0,
        "Net Income Common Stockholders": 206000000.0,
        "Net Income": 206000000.0,
        "Minority Interests": -19000000.0,
        "Net Income Including Noncontrolling Interests": 225000000.0,
        "Net Income Continuous Operations": 225000000.0,
        "Tax Provision": 36000000.0,
        "Pretax Income": 261000000.0,
        "Other Income Expense": -96000000.0,
        "Other Non Operating Income Expenses": -6000000.0,
        "Earnings From Equity Interest": 20000000.0,
        "Gain On Sale Of Security": -110000000.0,
        "Net Non Operating Interest Income Expense": -81000000.0,
        "Interest Expense Non Operating": 92000000.0,
        "Interest Income Non Operating": 11000000.0,
        "Operating Income": 438000000.0,
        "Operating Expense": 334000000.0,
        "Selling General And Administration": 334000000.0,
        "Gross Profit": 772000000.0,
        "Cost Of Revenue": 17161000000.0,
        "Total Revenue": 17933000000.0,
        "Operating Revenue": 17933000000.0
    },
    "2023-06-30": {
        "Tax Effect Of Unusual Items": -15801692.86578,
        "Tax Rate For Calcs": 0.23942,
        "Normalized EBITDA": 1128000000.0,
        "Total Unusual Items": -66000000.0,
        "Total Unusual Items Excluding Goodwill": -66000000.0,
        "Net Income From Continuing Operation Net Minority Interest": 622000000.0,
        "Reconciled Depreciation": 106000000.0,
        "Reconciled Cost Of Revenue": 13684000000.0,
        "EBITDA": 1062000000.0,
        "EBIT": 956000000.0,
        "Net Interest Income": -89000000.0,
        "Interest Expense": 129000000.0,
        "Interest Income": 40000000.0,
        "Normalized Income": 672198307.13422,
        "Net Income From Continuing And Discontinued Operation": 622000000.0,
        "Total Expenses": 14104000000.0,
        "Diluted Average Shares": 152179404.0,
        "Basic Average Shares": 150609139.0,
        "Diluted EPS": 4.09,
        "Basic EPS": 4.13,
        "Diluted NI Availto Com Stockholders": 622000000.0,
        "Net Income Common Stockholders": 622000000.0,
        "Net Income": 622000000.0,
        "Minority Interests": -7000000.0,
        "Net Income Including Noncontrolling Interests": 629000000.0,
        "Net Income Continuous Operations": 629000000.0,
        "Tax Provision": 198000000.0,
        "Pretax Income": 827000000.0,
        "Other Income Expense": -29000000.0,
        "Other Non Operating Income Expenses": 12000000.0,
        "Earnings From Equity Interest": 25000000.0,
        "Gain On Sale Of Security": -66000000.0,
        "Net Non Operating Interest Income Expense": -89000000.0,
        "Interest Expense Non Operating": 129000000.0,
        "Interest Income Non Operating": 40000000.0,
        "Operating Income": 945000000.0,
        "Operating Expense": 420000000.0,
        "Selling General And Administration": 420000000.0,
        "Gross Profit": 1365000000.0,
        "Cost Of Revenue": 13684000000.0,
        "Total Revenue": 15049000000.0,
        "Operating Revenue": 15049000000.0
    },
    "2023-09-30": {
        "Tax Effect Of Unusual Items": -10652087.475149,
        "Tax Rate For Calcs": 0.22664,
        "Normalized EBITDA": 792000000.0,
        "Total Unusual Items": -47000000.0,
        "Total Unusual Items Excluding Goodwill": -47000000.0,
        "Net Income From Continuing Operation Net Minority Interest": 373000000.0,
        "Reconciled Depreciation": 109000000.0,
        "Reconciled Cost Of Revenue": 13182000000.0,
        "EBITDA": 745000000.0,
        "EBIT": 636000000.0,
        "Net Interest Income": -95000000.0,
        "Interest Expense": 133000000.0,
        "Interest Income": 38000000.0,
        "Normalized Income": 409347912.524851,
        "Net Income From Continuing And Discontinued Operation": 373000000.0,
        "Total Expenses": 13629000000.0,
        "Diluted Average Shares": 151216856.0,
        "Basic Average Shares": 149195908.0,
        "Diluted EPS": 2.47,
        "Basic EPS": 2.5,
        "Diluted NI Availto Com Stockholders": 373000000.0,
        "Net Income Common Stockholders": 373000000.0,
        "Net Income": 373000000.0,
        "Minority Interests": -16000000.0,
        "Net Income Including Noncontrolling Interests": 389000000.0,
        "Net Income Continuous Operations": 389000000.0,
        "Tax Provision": 114000000.0,
        "Pretax Income": 503000000.0,
        "Other Income Expense": NaN,
        "Other Non Operating Income Expenses": 8000000.0,
        "Earnings From Equity Interest": 39000000.0,
        "Gain On Sale Of Security": -47000000.0,
        "Net Non Operating Interest Income Expense": -95000000.0,
        "Interest Expense Non Operating": 133000000.0,
        "Interest Income Non Operating": 38000000.0,
        "Operating Income": 598000000.0,
        "Operating Expense": 447000000.0,
        "Selling General And Administration": 447000000.0,
        "Gross Profit": 1045000000.0,
        "Cost Of Revenue": 13182000000.0,
        "Total Revenue": 14227000000.0,
        "Operating Revenue": 14227000000.0
    },
    "2023-12-31": {
        "Tax Effect Of Unusual Items": 20928327.645051,
        "Tax Rate For Calcs": 0.249147,
        "Normalized EBITDA": 1071000000.0,
        "Total Unusual Items": 84000000.0,
        "Total Unusual Items Excluding Goodwill": 84000000.0,
        "Net Income From Continuing Operation Net Minority Interest": 616000000.0,
        "Reconciled Depreciation": 134000000.0,
        "Reconciled Cost Of Revenue": 13682000000.0,
        "EBITDA": 1155000000.0,
        "EBIT": 1021000000.0,
        "Net Interest Income": -115000000.0,
        "Interest Expense": 142000000.0,
        "Interest Income": 27000000.0,
        "Normalized Income": 552928327.645051,
        "Net Income From Continuing And Discontinued Operation": 616000000.0,
        "Total Expenses": 14177000000.0,
        "Diluted Average Shares": NaN,
        "Basic Average Shares": NaN,
        "Diluted EPS": NaN,
        "Basic EPS": NaN,
        "Diluted NI Availto Com Stockholders": 616000000.0,
        "Net Income Common Stockholders": 616000000.0,
        "Net Income": 616000000.0,
        "Minority Interests": -44000000.0,
        "Net Income Including Noncontrolling Interests": 660000000.0,
        "Net Income Continuous Operations": 660000000.0,
        "Tax Provision": 219000000.0,
        "Pretax Income": 879000000.0,
        "Other Income Expense": 235000000.0,
        "Other Non Operating Income Expenses": 94000000.0,
        "Earnings From Equity Interest": 57000000.0,
        "Gain On Sale Of Security": 84000000.0,
        "Net Non Operating Interest Income Expense": -115000000.0,
        "Interest Expense Non Operating": 142000000.0,
        "Interest Income Non Operating": 27000000.0,
        "Operating Income": 759000000.0,
        "Operating Expense": 495000000.0,
        "Selling General And Administration": 495000000.0,
        "Gross Profit": 1254000000.0,
        "Cost Of Revenue": 13682000000.0,
        "Total Revenue": 14936000000.0,
        "Operating Revenue": 14936000000.0
    },
    "2024-03-31": {
        "Tax Effect Of Unusual Items": -24731707.317073,
        "Tax Rate For Calcs": 0.317073,
        "Normalized EBITDA": 667000000.0,
        "Total Unusual Items": -78000000.0,
        "Total Unusual Items Excluding Goodwill": -78000000.0,
        "Net Income From Continuing Operation Net Minority Interest": 244000000.0,
        "Reconciled Depreciation": 112000000.0,
        "Reconciled Cost Of Revenue": 12541000000.0,
        "EBITDA": 589000000.0,
        "EBIT": 477000000.0,
        "Net Interest Income": -66000000.0,
        "Interest Expense": 108000000.0,
        "Interest Income": 42000000.0,
        "Normalized Income": 297268292.682927,
        "Net Income From Continuing And Discontinued Operation": 244000000.0,
        "Total Expenses": 12980000000.0,
        "Diluted Average Shares": 145414139.0,
        "Basic Average Shares": 143501016.0,
        "Diluted EPS": 1.68,
        "Basic EPS": 1.7,
        "Diluted NI Availto Com Stockholders": 244000000.0,
        "Net Income Common Stockholders": 244000000.0,
        "Net Income": 244000000.0,
        "Minority Interests": -8000000.0,
        "Net Income Including Noncontrolling Interests": 252000000.0,
        "Net Income Continuous Operations": 252000000.0,
        "Tax Provision": 117000000.0,
        "Pretax Income": 369000000.0,
        "Other Income Expense": -2000000.0,
        "Other Non Operating Income Expenses": 68000000.0,
        "Earnings From Equity Interest": 8000000.0,
        "Gain On Sale Of Security": -78000000.0,
        "Net Non Operating Interest Income Expense": -66000000.0,
        "Interest Expense Non Operating": 108000000.0,
        "Interest Income Non Operating": 42000000.0,
        "Operating Income": 437000000.0,
        "Operating Expense": 439000000.0,
        "Selling General And Administration": 439000000.0,
        "Gross Profit": 876000000.0,
        "Cost Of Revenue": 12541000000.0,
        "Total Revenue": 13417000000.0,
        "Operating Revenue": 13417000000.0
    }
}