{
    "2023-03-31": {
        "Tax Effect Of Unusual Items": NaN,
        "Tax Rate For Calcs": NaN,
        "Normalized EBITDA": NaN,
        "Total Unusual Items": -642.0,
        "Total Unusual Items Excluding Goodwill": -642.0,
        "Net Income From Continuing Operation Net Minority Interest": NaN,
        "Reconciled Depreciation": NaN,
        "EBITDA": NaN,
        "EBIT": NaN,
        "Net Interest Income": NaN,
        "Interest Income": NaN,
        "Normalized Income": NaN,
        "Net Income From Continuing And Discontinued Operation": NaN,
        "Total Expenses": NaN,
        "Total Operating Income As Reported": NaN,
        "Diluted Average Shares": 173445814.0,
        "Basic Average Shares": 173445814.0,
        "Diluted EPS": -0.02,
        "Basic EPS": -0.02,
        "Diluted NI Availto Com Stockholders": NaN,
        "Net Income Common Stockholders": NaN,
        "Net Income": NaN,
        "Net Income Including Noncontrolling Interests": NaN,
        "Net Income Continuous Operations": NaN,
        "Earnings From Equity Interest Net Of Tax": 0.0,
        "Tax Provision": NaN,
        "Pretax Income": NaN,
        "Other Income Expense": -642.0,
        "Other Non Operating Income Expenses": NaN,
        "Special Income Charges": 0.0,
        "Other Special Charges": NaN,
        "Gain On Sale Of Security": -642.0,
        "Net Non Operating Interest Income Expense": NaN,
        "Interest Income Non Operating": NaN,
        "Operating Income": NaN,
        "Operating Expense": NaN,
        "Other Operating Expenses": 39815.0,
        "Other Taxes": NaN,
        "Depreciation Amortization Depletion Income Statement": NaN,
        "Depreciation And Amortization In Income Statement": NaN,
        "Depreciation Income Statement": NaN,
        "Selling General And Administration": NaN,
        "General And Administrative Expense": NaN,
        "Other Gand A": NaN,
        "Insurance And Claims": NaN,
        "Salaries And Wages": NaN,
        "Total Revenue": NaN,
        "Operating Revenue": NaN
    },
    "2022-12-31": {
        "Tax Effect Of Unusual Items": NaN,
        "Tax Rate For Calcs": NaN,
        "Normalized EBITDA": NaN,
        "Total Unusual Items": NaN,
        "Total Unusual Items Excluding Goodwill": NaN,
        "Net Income From Continuing Operation Net Minority Interest": NaN,
        "Reconciled Depreciation": NaN,
        "EBITDA": NaN,
        "EBIT": NaN,
        "Net Interest Income": NaN,
        "Interest Income": NaN,
        "Normalized Income": NaN,
        "Net Income From Continuing And Discontinued Operation": NaN,
        "Total Expenses": NaN,
        "Total Operating Income As Reported": NaN,
        "Diluted Average Shares": NaN,
        "Basic Average Shares": NaN,
        "Diluted EPS": NaN,
        "Basic EPS": NaN,
        "Diluted NI Availto Com Stockholders": NaN,
        "Net Income Common Stockholders": NaN,
        "Net Income": NaN,
        "Net Income Including Noncontrolling Interests": NaN,
        "Net Income Continuous Operations": NaN,
        "Earnings From Equity Interest Net Of Tax": NaN,
        "Tax Provision": NaN,
        "Pretax Income": NaN,
        "Other Income Expense": NaN,
        "Other Non Operating Income Expenses": NaN,
        "Special Income Charges": NaN,
        "Other Special Charges": NaN,
        "Gain On Sale Of Security": NaN,
        "Net Non Operating Interest Income Expense": NaN,
        "Interest Income Non Operating": NaN,
        "Operating Income": NaN,
        "Operating Expense": NaN,
        "Other Operating Expenses": 19221.0,
        "Other Taxes": NaN,
        "Depreciation Amortization Depletion Income Statement": NaN,
        "Depreciation And Amortization In Income Statement": NaN,
        "Depreciation Income Statement": NaN,
        "Selling General And Administration": NaN,
        "General And Administrative Expense": NaN,
        "Other Gand A": NaN,
        "Insurance And Claims": NaN,
        "Salaries And Wages": NaN,
        "Total Revenue": NaN,
        "Operating Revenue": NaN
    },
    "2022-09-30": {
        "Tax Effect Of Unusual Items": NaN,
        "Tax Rate For Calcs": NaN,
        "Normalized EBITDA": NaN,
        "Total Unusual Items": NaN,
        "Total Unusual Items Excluding Goodwill": NaN,
        "Net Income From Continuing Operation Net Minority Interest": NaN,
        "Reconciled Depreciation": NaN,
        "EBITDA": NaN,
        "EBIT": NaN,
        "Normalized Income": NaN,
        "Net Income From Continuing And Discontinued Operation": NaN,
        "Total Expenses": NaN,
        "Total Operating Income As Reported": NaN,
        "Diluted Average Shares": 161681844.0,
        "Basic Average Shares": 161681844.0,
        "Diluted EPS": -0.04,
        "Basic EPS": -0.04,
        "Diluted NI Availto Com Stockholders": NaN,
        "Net Income Common Stockholders": NaN,
        "Net Income": NaN,
        "Net Income Including Noncontrolling Interests": NaN,
        "Net Income Continuous Operations": NaN,
        "Earnings From Equity Interest Net Of Tax": 0.0,
        "Tax Provision": NaN,
        "Pretax Income": NaN,
        "Other Income Expense": NaN,
        "Other Non Operating Income Expenses": NaN,
        "Special Income Charges": NaN,
        "Other Special Charges": NaN,
        "Gain On Sale Of Security": NaN,
        "Operating Income": NaN,
        "Operating Expense": NaN,
        "Other Operating Expenses": 81236.0,
        "Other Taxes": NaN,
        "Depreciation Amortization Depletion Income Statement": NaN,
        "Depreciation And Amortization In Income Statement": NaN,
        "Depreciation Income Statement": NaN,
        "Selling General And Administration": NaN,
        "General And Administrative Expense": NaN,
        "Other Gand A": NaN,
        "Insurance And Claims": NaN,
        "Salaries And Wages": NaN,
        "Total Revenue": NaN,
        "Operating Revenue": NaN
    },
    "2022-06-30": {
        "Tax Effect Of Unusual Items": 0.0,
        "Tax Rate For Calcs": 0.0,
        "Normalized EBITDA": -12688471.0,
        "Total Unusual Items": NaN,
        "Total Unusual Items Excluding Goodwill": NaN,
        "Net Income From Continuing Operation Net Minority Interest": -12883133.0,
        "Reconciled Depreciation": 194662.0,
        "EBITDA": -12688471.0,
        "EBIT": -12883133.0,
        "Normalized Income": -12883133.0,
        "Net Income From Continuing And Discontinued Operation": -12883133.0,
        "Total Expenses": 12883133.0,
        "Total Operating Income As Reported": NaN,
        "Diluted Average Shares": 158901214.0,
        "Basic Average Shares": 158901214.0,
        "Diluted EPS": -0.12,
        "Basic EPS": -0.12,
        "Diluted NI Availto Com Stockholders": -12883133.0,
        "Net Income Common Stockholders": -12883133.0,
        "Net Income": -12883133.0,
        "Net Income Including Noncontrolling Interests": -12883133.0,
        "Net Income Continuous Operations": -12883133.0,
        "Earnings From Equity Interest Net Of Tax": NaN,
        "Tax Provision": 0.0,
        "Pretax Income": -12883133.0,
        "Other Income Expense": NaN,
        "Gain On Sale Of Security": NaN,
        "Operating Income": -12883133.0,
        "Operating Expense": 12883133.0,
        "Other Operating Expenses": 120691.0,
        "Other Taxes": 14498.0,
        "Depreciation Amortization Depletion Income Statement": 194662.0,
        "Depreciation And Amortization In Income Statement": 194662.0,
        "Depreciation Income Statement": 194662.0,
        "Selling General And Administration": 12553282.0,
        "General And Administrative Expense": 12553282.0,
        "Other Gand A": 4239172.0,
        "Insurance And Claims": 33602.0,
        "Salaries And Wages": 8280508.0,
        "Total Revenue": 0.0,
        "Operating Revenue": 0.0
    },
    "2022-03-31": {
        "Diluted EPS": 0.0,
        "Total Revenue": NaN,
        "Gross Profit": NaN,
        "Operating Income": -1,
        "EBIT": -1,
        "Net Income": -1
    },
    "2021-12-31": {
        "Diluted EPS": -0.02,
        "Total Revenue": NaN,
        "Gross Profit": NaN,
        "Operating Income": -1,
        "EBIT": -1,
        "Net Income": -1
    },
    "2021-09-30": {
        "Diluted EPS": 0.0,
        "Total Revenue": NaN,
        "Gross Profit": NaN,
        "Operating Income": -1,
        "EBIT": 0,
        "Net Income": -1
    },
    "2021-06-30": {
        "Diluted EPS": 0.0,
        "Total Revenue": NaN,
        "Gross Profit": NaN,
        "Operating Income": 0,
        "EBIT": 0,
        "Net Income": 0
    },
    "2021-03-31": {
        "Diluted EPS": -0.0,
        "Total Revenue": NaN,
        "Gross Profit": NaN,
        "Operating Income": -1,
        "EBIT": 0,
        "Net Income": -1
    },
    "2020-12-31": {
        "Diluted EPS": 0.0,
        "Total Revenue": NaN,
        "Gross Profit": NaN,
        "Operating Income": NaN,
        "EBIT": NaN,
        "Net Income": NaN
    },
    "2023-06-30": {
        "Tax Effect Of Unusual Items": 0.0,
        "Tax Rate For Calcs": 0.0,
        "Normalized EBITDA": -2826572.0,
        "Total Unusual Items": -724.0,
        "Total Unusual Items Excluding Goodwill": -724.0,
        "Net Income From Continuing Operation Net Minority Interest": -2992171.0,
        "Reconciled Depreciation": 159210.0,
        "EBITDA": -2827296.0,
        "EBIT": -2986506.0,
        "Net Interest Income": 0.0,
        "Interest Income": 0.0,
        "Normalized Income": -2991447.0,
        "Net Income From Continuing And Discontinued Operation": -2992171.0,
        "Total Expenses": 2986506.0,
        "Total Operating Income As Reported": -2986506.0,
        "Diluted Average Shares": 176240466.0,
        "Basic Average Shares": 176240466.0,
        "Diluted EPS": -0.02,
        "Basic EPS": -0.02,
        "Diluted NI Availto Com Stockholders": -2992171.0,
        "Net Income Common Stockholders": -2992171.0,
        "Net Income": -2992171.0,
        "Net Income Including Noncontrolling Interests": -2992171.0,
        "Net Income Continuous Operations": -2992171.0,
        "Earnings From Equity Interest Net Of Tax": -4941.0,
        "Tax Provision": 0.0,
        "Pretax Income": -2987230.0,
        "Other Income Expense": -724.0,
        "Other Non Operating Income Expenses": NaN,
        "Special Income Charges": 0.0,
        "Other Special Charges": NaN,
        "Gain On Sale Of Security": -724.0,
        "Net Non Operating Interest Income Expense": 0.0,
        "Interest Income Non Operating": 0.0,
        "Operating Income": -2986506.0,
        "Operating Expense": 2986506.0,
        "Other Operating Expenses": NaN,
        "Other Taxes": 14528.0,
        "Depreciation Amortization Depletion Income Statement": 159210.0,
        "Depreciation And Amortization In Income Statement": 159210.0,
        "Depreciation Income Statement": 159210.0,
        "Selling General And Administration": 2812768.0,
        "General And Administrative Expense": 2812768.0,
        "Other Gand A": 771432.0,
        "Insurance And Claims": 37405.0,
        "Salaries And Wages": 2003931.0,
        "Total Revenue": 0.0,
        "Operating Revenue": 0.0
    },
    "2023-09-30": {
        "Tax Effect Of Unusual Items": 0.0,
        "Tax Rate For Calcs": 0.0,
        "Normalized EBITDA": -1650655.0,
        "Total Unusual Items": NaN,
        "Total Unusual Items Excluding Goodwill": NaN,
        "Net Income From Continuing Operation Net Minority Interest": -1991242.0,
        "Reconciled Depreciation": 160878.0,
        "EBITDA": -1650655.0,
        "EBIT": -1811533.0,
        "Net Interest Income": NaN,
        "Interest Income": NaN,
        "Normalized Income": -1991242.0,
        "Net Income From Continuing And Discontinued Operation": -1991242.0,
        "Total Expenses": 1811533.0,
        "Total Operating Income As Reported": -1811533.0,
        "Diluted Average Shares": 180587574.0,
        "Basic Average Shares": 180587574.0,
        "Diluted EPS": -0.01,
        "Basic EPS": -0.01,
        "Diluted NI Availto Com Stockholders": -1991242.0,
        "Net Income Common Stockholders": -1991242.0,
        "Net Income": -1991242.0,
        "Net Income Including Noncontrolling Interests": -1991242.0,
        "Net Income Continuous Operations": -1991242.0,
        "Earnings From Equity Interest Net Of Tax": -179709.0,
        "Tax Provision": 0.0,
        "Pretax Income": -1811533.0,
        "Other Income Expense": NaN,
        "Other Non Operating Income Expenses": NaN,
        "Special Income Charges": NaN,
        "Other Special Charges": NaN,
        "Gain On Sale Of Security": NaN,
        "Net Non Operating Interest Income Expense": NaN,
        "Interest Income Non Operating": NaN,
        "Operating Income": -1811533.0,
        "Operating Expense": 1811533.0,
        "Other Operating Expenses": NaN,
        "Other Taxes": 13943.0,
        "Depreciation Amortization Depletion Income Statement": 160878.0,
        "Depreciation And Amortization In Income Statement": 160878.0,
        "Depreciation Income Statement": 160878.0,
        "Selling General And Administration": 1636712.0,
        "General And Administrative Expense": 1636712.0,
        "Other Gand A": 636203.0,
        "Insurance And Claims": 30492.0,
        "Salaries And Wages": 970017.0,
        "Total Revenue": 0.0,
        "Operating Revenue": 0.0
    },
    "2023-12-31": {
        "Tax Effect Of Unusual Items": 0.0,
        "Tax Rate For Calcs": 0.0,
        "Normalized EBITDA": 1726373.0,
        "Total Unusual Items": -3046213.0,
        "Total Unusual Items Excluding Goodwill": -3046213.0,
        "Net Income From Continuing Operation Net Minority Interest": -5530970.0,
        "Reconciled Depreciation": 160878.0,
        "EBITDA": -1319840.0,
        "EBIT": -1480718.0,
        "Net Interest Income": NaN,
        "Interest Income": NaN,
        "Normalized Income": -2484757.0,
        "Net Income From Continuing And Discontinued Operation": -5530970.0,
        "Total Expenses": 1480718.0,
        "Total Operating Income As Reported": -1480718.0,
        "Diluted Average Shares": NaN,
        "Basic Average Shares": NaN,
        "Diluted EPS": NaN,
        "Basic EPS": NaN,
        "Diluted NI Availto Com Stockholders": -5530970.0,
        "Net Income Common Stockholders": -5530970.0,
        "Net Income": -5530970.0,
        "Net Income Including Noncontrolling Interests": -5530970.0,
        "Net Income Continuous Operations": -5530970.0,
        "Earnings From Equity Interest Net Of Tax": -34013.0,
        "Tax Provision": 0.0,
        "Pretax Income": -5496957.0,
        "Other Income Expense": -4016239.0,
        "Other Non Operating Income Expenses": NaN,
        "Special Income Charges": NaN,
        "Other Special Charges": NaN,
        "Gain On Sale Of Security": -3046213.0,
        "Net Non Operating Interest Income Expense": NaN,
        "Interest Income Non Operating": NaN,
        "Operating Income": -1480718.0,
        "Operating Expense": 1480718.0,
        "Other Operating Expenses": NaN,
        "Other Taxes": 13942.0,
        "Depreciation Amortization Depletion Income Statement": 160878.0,
        "Depreciation And Amortization In Income Statement": 160878.0,
        "Depreciation Income Statement": 160878.0,
        "Selling General And Administration": 1305898.0,
        "General And Administrative Expense": 1262031.0,
        "Other Gand A": 874034.0,
        "Insurance And Claims": 30488.0,
        "Salaries And Wages": 357509.0,
        "Total Revenue": 0.0,
        "Operating Revenue": 0.0
    },
    "2024-03-31": {
        "Tax Effect Of Unusual Items": 0.0,
        "Tax Rate For Calcs": 0.0,
        "Normalized EBITDA": -2662256.0,
        "Total Unusual Items": 928417.0,
        "Total Unusual Items Excluding Goodwill": 928417.0,
        "Net Income From Continuing Operation Net Minority Interest": -949450.0,
        "Reconciled Depreciation": 144028.0,
        "EBITDA": -1733839.0,
        "EBIT": -1877867.0,
        "Net Interest Income": NaN,
        "Interest Income": NaN,
        "Normalized Income": -1877867.0,
        "Net Income From Continuing And Discontinued Operation": -949450.0,
        "Total Expenses": 1877867.0,
        "Total Operating Income As Reported": -1877867.0,
        "Diluted Average Shares": 187511977.0,
        "Basic Average Shares": 187511977.0,
        "Diluted EPS": -0.01,
        "Basic EPS": -0.01,
        "Diluted NI Availto Com Stockholders": -949450.0,
        "Net Income Common Stockholders": -949450.0,
        "Net Income": -949450.0,
        "Net Income Including Noncontrolling Interests": -949450.0,
        "Net Income Continuous Operations": -949450.0,
        "Earnings From Equity Interest Net Of Tax": NaN,
        "Tax Provision": 0.0,
        "Pretax Income": -949450.0,
        "Other Income Expense": 928417.0,
        "Other Non Operating Income Expenses": -80705.0,
        "Special Income Charges": 1008589.0,
        "Other Special Charges": -1008589.0,
        "Gain On Sale Of Security": -80172.0,
        "Net Non Operating Interest Income Expense": NaN,
        "Interest Income Non Operating": NaN,
        "Operating Income": -1877867.0,
        "Operating Expense": 1877867.0,
        "Other Operating Expenses": NaN,
        "Other Taxes": 13943.0,
        "Depreciation Amortization Depletion Income Statement": 144028.0,
        "Depreciation And Amortization In Income Statement": 144028.0,
        "Depreciation Income Statement": 144028.0,
        "Selling General And Administration": 1719896.0,
        "General And Administrative Expense": 1719896.0,
        "Other Gand A": 878858.0,
        "Insurance And Claims": 30482.0,
        "Salaries And Wages": 810556.0,
        "Total Revenue": 0.0,
        "Operating Revenue": 0.0
    },
    "2024-06-30": {
        "Tax Effect Of Unusual Items": 0.0,
        "Tax Rate For Calcs": 0.0,
        "Normalized EBITDA": -1379970.0,
        "Total Unusual Items": 111.0,
        "Total Unusual Items Excluding Goodwill": 111.0,
        "Net Income From Continuing Operation Net Minority Interest": -1443767.0,
        "Reconciled Depreciation": 144028.0,
        "EBITDA": -1379859.0,
        "EBIT": -1523887.0,
        "Net Interest Income": 9.0,
        "Interest Income": 9.0,
        "Normalized Income": -1443878.0,
        "Net Income From Continuing And Discontinued Operation": -1443767.0,
        "Total Expenses": 1523887.0,
        "Total Operating Income As Reported": -1523887.0,
        "Diluted Average Shares": 190166318.0,
        "Basic Average Shares": 190166318.0,
        "Diluted EPS": -0.01,
        "Basic EPS": -0.01,
        "Diluted NI Availto Com Stockholders": -1443767.0,
        "Net Income Common Stockholders": -1443767.0,
        "Net Income": -1443767.0,
        "Net Income Including Noncontrolling Interests": -1443767.0,
        "Net Income Continuous Operations": -1443767.0,
        "Earnings From Equity Interest Net Of Tax": 0.0,
        "Tax Provision": 0.0,
        "Pretax Income": -1443767.0,
        "Other Income Expense": 80111.0,
        "Other Non Operating Income Expenses": 80000.0,
        "Special Income Charges": 0.0,
        "Other Special Charges": NaN,
        "Gain On Sale Of Security": 111.0,
        "Net Non Operating Interest Income Expense": 9.0,
        "Interest Income Non Operating": 9.0,
        "Operating Income": -1523887.0,
        "Operating Expense": 1523887.0,
        "Other Operating Expenses": NaN,
        "Other Taxes": 15038.0,
        "Depreciation Amortization Depletion Income Statement": 144028.0,
        "Depreciation And Amortization In Income Statement": 144028.0,
        "Depreciation Income Statement": 144028.0,
        "Selling General And Administration": 1364821.0,
        "General And Administrative Expense": 1364821.0,
        "Other Gand A": 957758.0,
        "Insurance And Claims": 29163.0,
        "Salaries And Wages": 377900.0,
        "Total Revenue": 0.0,
        "Operating Revenue": 0.0
    }
}