{
    "2023-03-31": {
        "Tax Effect Of Unusual Items": NaN,
        "Tax Rate For Calcs": NaN,
        "Normalized EBITDA": NaN,
        "Total Unusual Items": NaN,
        "Total Unusual Items Excluding Goodwill": NaN,
        "Net Income From Continuing Operation Net Minority Interest": NaN,
        "Reconciled Depreciation": NaN,
        "Reconciled Cost Of Revenue": NaN,
        "EBITDA": NaN,
        "EBIT": NaN,
        "Net Interest Income": NaN,
        "Interest Expense": NaN,
        "Normalized Income": NaN,
        "Net Income From Continuing And Discontinued Operation": NaN,
        "Total Expenses": NaN,
        "Diluted Average Shares": NaN,
        "Basic Average Shares": NaN,
        "Diluted EPS": NaN,
        "Basic EPS": NaN,
        "Diluted NI Availto Com Stockholders": NaN,
        "Net Income Common Stockholders": NaN,
        "Net Income": NaN,
        "Minority Interests": NaN,
        "Net Income Including Noncontrolling Interests": NaN,
        "Net Income Continuous Operations": NaN,
        "Tax Provision": NaN,
        "Pretax Income": NaN,
        "Other Income Expense": NaN,
        "Special Income Charges": NaN,
        "Gain On Sale Of Ppe": NaN,
        "Impairment Of Capital Assets": NaN,
        "Earnings From Equity Interest": NaN,
        "Gain On Sale Of Security": NaN,
        "Net Non Operating Interest Income Expense": NaN,
        "Interest Expense Non Operating": NaN,
        "Operating Income": NaN,
        "Operating Expense": NaN,
        "Depreciation Amortization Depletion Income Statement": NaN,
        "Depreciation And Amortization In Income Statement": 9940000.0,
        "Selling General And Administration": NaN,
        "Gross Profit": NaN,
        "Cost Of Revenue": NaN,
        "Total Revenue": NaN,
        "Operating Revenue": NaN
    },
    "2022-12-31": {
        "Tax Effect Of Unusual Items": NaN,
        "Tax Rate For Calcs": NaN,
        "Normalized EBITDA": NaN,
        "Total Unusual Items": NaN,
        "Total Unusual Items Excluding Goodwill": NaN,
        "Net Income From Continuing Operation Net Minority Interest": NaN,
        "Reconciled Depreciation": NaN,
        "Reconciled Cost Of Revenue": NaN,
        "EBITDA": NaN,
        "EBIT": NaN,
        "Net Interest Income": NaN,
        "Interest Expense": NaN,
        "Normalized Income": NaN,
        "Net Income From Continuing And Discontinued Operation": NaN,
        "Total Expenses": NaN,
        "Diluted Average Shares": NaN,
        "Basic Average Shares": NaN,
        "Diluted EPS": NaN,
        "Basic EPS": NaN,
        "Diluted NI Availto Com Stockholders": NaN,
        "Net Income Common Stockholders": NaN,
        "Net Income": NaN,
        "Minority Interests": NaN,
        "Net Income Including Noncontrolling Interests": NaN,
        "Net Income Continuous Operations": NaN,
        "Tax Provision": NaN,
        "Pretax Income": NaN,
        "Other Income Expense": NaN,
        "Special Income Charges": NaN,
        "Gain On Sale Of Ppe": NaN,
        "Impairment Of Capital Assets": NaN,
        "Earnings From Equity Interest": NaN,
        "Gain On Sale Of Security": NaN,
        "Net Non Operating Interest Income Expense": NaN,
        "Interest Expense Non Operating": NaN,
        "Operating Income": NaN,
        "Operating Expense": NaN,
        "Depreciation Amortization Depletion Income Statement": NaN,
        "Depreciation And Amortization In Income Statement": 12316000.0,
        "Selling General And Administration": NaN,
        "Gross Profit": NaN,
        "Cost Of Revenue": NaN,
        "Total Revenue": NaN,
        "Operating Revenue": NaN
    },
    "2022-09-30": {
        "Tax Effect Of Unusual Items": NaN,
        "Tax Rate For Calcs": NaN,
        "Normalized EBITDA": NaN,
        "Total Unusual Items": NaN,
        "Total Unusual Items Excluding Goodwill": NaN,
        "Net Income From Continuing Operation Net Minority Interest": NaN,
        "Reconciled Depreciation": NaN,
        "Reconciled Cost Of Revenue": NaN,
        "EBITDA": NaN,
        "EBIT": NaN,
        "Net Interest Income": NaN,
        "Interest Expense": NaN,
        "Normalized Income": NaN,
        "Net Income From Continuing And Discontinued Operation": NaN,
        "Total Expenses": NaN,
        "Diluted Average Shares": 1466375.0,
        "Basic Average Shares": 1466375.0,
        "Diluted EPS": 21.826,
        "Basic EPS": 21.826,
        "Diluted NI Availto Com Stockholders": NaN,
        "Net Income Common Stockholders": NaN,
        "Net Income": NaN,
        "Minority Interests": NaN,
        "Net Income Including Noncontrolling Interests": NaN,
        "Net Income Continuous Operations": NaN,
        "Tax Provision": NaN,
        "Pretax Income": NaN,
        "Other Income Expense": NaN,
        "Special Income Charges": NaN,
        "Gain On Sale Of Ppe": 0.0,
        "Impairment Of Capital Assets": NaN,
        "Earnings From Equity Interest": NaN,
        "Gain On Sale Of Security": NaN,
        "Net Non Operating Interest Income Expense": NaN,
        "Interest Expense Non Operating": NaN,
        "Operating Income": NaN,
        "Operating Expense": NaN,
        "Depreciation Amortization Depletion Income Statement": NaN,
        "Depreciation And Amortization In Income Statement": 8456000.0,
        "Selling General And Administration": NaN,
        "Gross Profit": NaN,
        "Cost Of Revenue": NaN,
        "Total Revenue": NaN,
        "Operating Revenue": NaN
    },
    "2022-06-30": {
        "Tax Effect Of Unusual Items": -842564.644675,
        "Tax Rate For Calcs": 0.235353,
        "Normalized EBITDA": -83724000.0,
        "Total Unusual Items": -3580000.0,
        "Total Unusual Items Excluding Goodwill": -3580000.0,
        "Net Income From Continuing Operation Net Minority Interest": -73780000.0,
        "Reconciled Depreciation": 7800000.0,
        "Reconciled Cost Of Revenue": 54268000.0,
        "EBITDA": -87304000.0,
        "EBIT": -95104000.0,
        "Net Interest Income": -1385000.0,
        "Interest Expense": 1385000.0,
        "Normalized Income": -71042564.644675,
        "Net Income From Continuing And Discontinued Operation": -73780000.0,
        "Total Expenses": 78650000.0,
        "Diluted Average Shares": 1509590.0,
        "Basic Average Shares": 1509590.0,
        "Diluted EPS": -48.874,
        "Basic EPS": -48.874,
        "Diluted NI Availto Com Stockholders": -73780000.0,
        "Net Income Common Stockholders": -73780000.0,
        "Net Income": -73780000.0,
        "Minority Interests": NaN,
        "Net Income Including Noncontrolling Interests": -73780000.0,
        "Net Income Continuous Operations": -73780000.0,
        "Tax Provision": -22709000.0,
        "Pretax Income": -96489000.0,
        "Other Income Expense": -108821000.0,
        "Special Income Charges": -20000.0,
        "Impairment Of Capital Assets": 20000.0,
        "Earnings From Equity Interest": -105241000.0,
        "Gain On Sale Of Security": -3560000.0,
        "Net Non Operating Interest Income Expense": -1385000.0,
        "Interest Expense Non Operating": 1385000.0,
        "Operating Income": 13717000.0,
        "Operating Expense": 24382000.0,
        "Depreciation Amortization Depletion Income Statement": 7800000.0,
        "Depreciation And Amortization In Income Statement": 7800000.0,
        "Selling General And Administration": 16582000.0,
        "Gross Profit": 38099000.0,
        "Cost Of Revenue": 54268000.0,
        "Total Revenue": 92367000.0,
        "Operating Revenue": 92367000.0
    },
    "2023-06-30": {
        "Tax Effect Of Unusual Items": NaN,
        "Tax Rate For Calcs": NaN,
        "Normalized EBITDA": NaN,
        "Total Unusual Items": NaN,
        "Total Unusual Items Excluding Goodwill": NaN,
        "Net Income From Continuing Operation Net Minority Interest": NaN,
        "Reconciled Depreciation": NaN,
        "Reconciled Cost Of Revenue": NaN,
        "EBITDA": NaN,
        "EBIT": NaN,
        "Net Interest Income": NaN,
        "Interest Expense": NaN,
        "Normalized Income": NaN,
        "Net Income From Continuing And Discontinued Operation": NaN,
        "Total Expenses": NaN,
        "Diluted Average Shares": 1458470.0,
        "Basic Average Shares": 1458470.0,
        "Diluted EPS": 1.33,
        "Basic EPS": 1.33,
        "Diluted NI Availto Com Stockholders": NaN,
        "Net Income Common Stockholders": NaN,
        "Net Income": NaN,
        "Minority Interests": NaN,
        "Net Income Including Noncontrolling Interests": NaN,
        "Net Income Continuous Operations": NaN,
        "Tax Provision": NaN,
        "Pretax Income": NaN,
        "Other Income Expense": NaN,
        "Special Income Charges": NaN,
        "Gain On Sale Of Ppe": NaN,
        "Impairment Of Capital Assets": NaN,
        "Earnings From Equity Interest": NaN,
        "Gain On Sale Of Security": NaN,
        "Net Non Operating Interest Income Expense": NaN,
        "Interest Expense Non Operating": NaN,
        "Operating Income": NaN,
        "Operating Expense": NaN,
        "Depreciation Amortization Depletion Income Statement": NaN,
        "Depreciation And Amortization In Income Statement": 10094000.0,
        "Selling General And Administration": NaN,
        "Gross Profit": NaN,
        "Cost Of Revenue": NaN,
        "Total Revenue": NaN,
        "Operating Revenue": NaN
    },
    "2023-09-30": {
        "Tax Effect Of Unusual Items": 1914399.481193,
        "Tax Rate For Calcs": 0.236462,
        "Normalized EBITDA": -70977000.0,
        "Total Unusual Items": 8096000.0,
        "Total Unusual Items Excluding Goodwill": 8096000.0,
        "Net Income From Continuing Operation Net Minority Interest": -56514000.0,
        "Reconciled Depreciation": 9611000.0,
        "Reconciled Cost Of Revenue": 54000000.0,
        "EBITDA": -62881000.0,
        "EBIT": -72492000.0,
        "Net Interest Income": -1524000.0,
        "Interest Expense": 1524000.0,
        "Normalized Income": -62695600.518807,
        "Net Income From Continuing And Discontinued Operation": -56514000.0,
        "Total Expenses": 81926000.0,
        "Diluted Average Shares": 1445035.0,
        "Basic Average Shares": 1445035.0,
        "Diluted EPS": -39.11,
        "Basic EPS": -39.11,
        "Diluted NI Availto Com Stockholders": -56514000.0,
        "Net Income Common Stockholders": -56514000.0,
        "Net Income": -56514000.0,
        "Minority Interests": 0.0,
        "Net Income Including Noncontrolling Interests": -56514000.0,
        "Net Income Continuous Operations": -56514000.0,
        "Tax Provision": -17502000.0,
        "Pretax Income": -74016000.0,
        "Other Income Expense": -81503000.0,
        "Special Income Charges": 12811000.0,
        "Gain On Sale Of Ppe": 13563000.0,
        "Impairment Of Capital Assets": 752000.0,
        "Earnings From Equity Interest": -89599000.0,
        "Gain On Sale Of Security": -4715000.0,
        "Net Non Operating Interest Income Expense": -1524000.0,
        "Interest Expense Non Operating": 1524000.0,
        "Operating Income": 9011000.0,
        "Operating Expense": 27926000.0,
        "Depreciation Amortization Depletion Income Statement": 9611000.0,
        "Depreciation And Amortization In Income Statement": NaN,
        "Selling General And Administration": 18315000.0,
        "Gross Profit": 36937000.0,
        "Cost Of Revenue": 54000000.0,
        "Total Revenue": 90937000.0,
        "Operating Revenue": 90937000.0
    },
    "2023-12-31": {
        "Tax Effect Of Unusual Items": 163489.288673,
        "Tax Rate For Calcs": 0.119422,
        "Normalized EBITDA": 60115000.0,
        "Total Unusual Items": 1369000.0,
        "Total Unusual Items Excluding Goodwill": 1369000.0,
        "Net Income From Continuing Operation Net Minority Interest": 44640000.0,
        "Reconciled Depreciation": 9334000.0,
        "Reconciled Cost Of Revenue": 52082000.0,
        "EBITDA": 61484000.0,
        "EBIT": 52150000.0,
        "Net Interest Income": -1456000.0,
        "Interest Expense": 1456000.0,
        "Normalized Income": 43434489.288673,
        "Net Income From Continuing And Discontinued Operation": 44640000.0,
        "Total Expenses": 83831000.0,
        "Diluted Average Shares": NaN,
        "Basic Average Shares": NaN,
        "Diluted EPS": NaN,
        "Basic EPS": NaN,
        "Diluted NI Availto Com Stockholders": 44640000.0,
        "Net Income Common Stockholders": 44640000.0,
        "Net Income": 44640000.0,
        "Minority Interests": 0.0,
        "Net Income Including Noncontrolling Interests": 44640000.0,
        "Net Income Continuous Operations": 44640000.0,
        "Tax Provision": 6054000.0,
        "Pretax Income": 50694000.0,
        "Other Income Expense": 45316000.0,
        "Special Income Charges": -1566000.0,
        "Gain On Sale Of Ppe": 0.0,
        "Impairment Of Capital Assets": 1566000.0,
        "Earnings From Equity Interest": 43947000.0,
        "Gain On Sale Of Security": 2935000.0,
        "Net Non Operating Interest Income Expense": -1456000.0,
        "Interest Expense Non Operating": 1456000.0,
        "Operating Income": 6834000.0,
        "Operating Expense": 31749000.0,
        "Depreciation Amortization Depletion Income Statement": 9334000.0,
        "Depreciation And Amortization In Income Statement": NaN,
        "Selling General And Administration": 22415000.0,
        "Gross Profit": 38583000.0,
        "Cost Of Revenue": 52082000.0,
        "Total Revenue": 90665000.0,
        "Operating Revenue": 90665000.0
    },
    "2024-03-31": {
        "Tax Effect Of Unusual Items": 483925.565572,
        "Tax Rate For Calcs": 0.231876,
        "Normalized EBITDA": 38675000.0,
        "Total Unusual Items": 2087000.0,
        "Total Unusual Items Excluding Goodwill": 2087000.0,
        "Net Income From Continuing Operation Net Minority Interest": 22579000.0,
        "Reconciled Depreciation": 10053000.0,
        "Reconciled Cost Of Revenue": 54486000.0,
        "EBITDA": 40762000.0,
        "EBIT": 30709000.0,
        "Net Interest Income": -1314000.0,
        "Interest Expense": 1314000.0,
        "Normalized Income": 20975925.565572,
        "Net Income From Continuing And Discontinued Operation": 22579000.0,
        "Total Expenses": 82814000.0,
        "Diluted Average Shares": 1418940.0,
        "Basic Average Shares": 1418940.0,
        "Diluted EPS": 15.91,
        "Basic EPS": 15.91,
        "Diluted NI Availto Com Stockholders": 22579000.0,
        "Net Income Common Stockholders": 22579000.0,
        "Net Income": 22579000.0,
        "Minority Interests": 0.0,
        "Net Income Including Noncontrolling Interests": 22579000.0,
        "Net Income Continuous Operations": 22579000.0,
        "Tax Provision": 6816000.0,
        "Pretax Income": 29395000.0,
        "Other Income Expense": 24072000.0,
        "Special Income Charges": 374000.0,
        "Gain On Sale Of Ppe": 481000.0,
        "Impairment Of Capital Assets": 107000.0,
        "Earnings From Equity Interest": 21985000.0,
        "Gain On Sale Of Security": 1713000.0,
        "Net Non Operating Interest Income Expense": -1314000.0,
        "Interest Expense Non Operating": 1314000.0,
        "Operating Income": 6637000.0,
        "Operating Expense": 28328000.0,
        "Depreciation Amortization Depletion Income Statement": 10053000.0,
        "Depreciation And Amortization In Income Statement": NaN,
        "Selling General And Administration": 18275000.0,
        "Gross Profit": 34965000.0,
        "Cost Of Revenue": 54486000.0,
        "Total Revenue": 89451000.0,
        "Operating Revenue": 89451000.0
    },
    "2024-06-30": {
        "Tax Effect Of Unusual Items": 2910595.247556,
        "Tax Rate For Calcs": 0.234046,
        "Normalized EBITDA": -64838000.0,
        "Total Unusual Items": 12436000.0,
        "Total Unusual Items Excluding Goodwill": 12436000.0,
        "Net Income From Continuing Operation Net Minority Interest": -48190000.0,
        "Reconciled Depreciation": 9122000.0,
        "Reconciled Cost Of Revenue": 57436000.0,
        "EBITDA": -52402000.0,
        "EBIT": -61524000.0,
        "Net Interest Income": -1391000.0,
        "Interest Expense": 1391000.0,
        "Normalized Income": -57715404.752444,
        "Net Income From Continuing And Discontinued Operation": -48190000.0,
        "Total Expenses": 85211000.0,
        "Diluted Average Shares": 1401800.0,
        "Basic Average Shares": 1401800.0,
        "Diluted EPS": -34.38,
        "Basic EPS": -34.38,
        "Diluted NI Availto Com Stockholders": -48190000.0,
        "Net Income Common Stockholders": -48190000.0,
        "Net Income": -48190000.0,
        "Minority Interests": 0.0,
        "Net Income Including Noncontrolling Interests": -48190000.0,
        "Net Income Continuous Operations": -48190000.0,
        "Tax Provision": -14725000.0,
        "Pretax Income": -62915000.0,
        "Other Income Expense": -67454000.0,
        "Special Income Charges": 15165000.0,
        "Gain On Sale Of Ppe": 16165000.0,
        "Impairment Of Capital Assets": 1000000.0,
        "Earnings From Equity Interest": -79890000.0,
        "Gain On Sale Of Security": -2729000.0,
        "Net Non Operating Interest Income Expense": -1391000.0,
        "Interest Expense Non Operating": 1391000.0,
        "Operating Income": 5930000.0,
        "Operating Expense": 27775000.0,
        "Depreciation Amortization Depletion Income Statement": 9122000.0,
        "Depreciation And Amortization In Income Statement": NaN,
        "Selling General And Administration": 18653000.0,
        "Gross Profit": 33705000.0,
        "Cost Of Revenue": 57436000.0,
        "Total Revenue": 91141000.0,
        "Operating Revenue": 91141000.0
    },
    "2024-09-30": {
        "Tax Effect Of Unusual Items": 1239384.988229,
        "Tax Rate For Calcs": 0.258528,
        "Normalized EBITDA": 50745000.0,
        "Total Unusual Items": 4794000.0,
        "Total Unusual Items Excluding Goodwill": 4794000.0,
        "Net Income From Continuing Operation Net Minority Interest": 32125000.0,
        "Reconciled Depreciation": 10585000.0,
        "Reconciled Cost Of Revenue": 55466000.0,
        "EBITDA": 55539000.0,
        "EBIT": 44954000.0,
        "Net Interest Income": -1628000.0,
        "Interest Expense": 1628000.0,
        "Normalized Income": 28570384.988229,
        "Net Income From Continuing And Discontinued Operation": 32125000.0,
        "Total Expenses": 85561000.0,
        "Diluted Average Shares": 1399545.0,
        "Basic Average Shares": 1399545.0,
        "Diluted EPS": 22.95,
        "Basic EPS": 22.95,
        "Diluted NI Availto Com Stockholders": 32125000.0,
        "Net Income Common Stockholders": 32125000.0,
        "Net Income": 32125000.0,
        "Minority Interests": 0.0,
        "Net Income Including Noncontrolling Interests": 32125000.0,
        "Net Income Continuous Operations": 32125000.0,
        "Tax Provision": 11201000.0,
        "Pretax Income": 43326000.0,
        "Other Income Expense": 40108000.0,
        "Special Income Charges": 54000.0,
        "Gain On Sale Of Ppe": 54000.0,
        "Impairment Of Capital Assets": 0.0,
        "Earnings From Equity Interest": 35314000.0,
        "Gain On Sale Of Security": 4740000.0,
        "Net Non Operating Interest Income Expense": -1628000.0,
        "Interest Expense Non Operating": 1628000.0,
        "Operating Income": 4846000.0,
        "Operating Expense": 30095000.0,
        "Depreciation Amortization Depletion Income Statement": 10585000.0,
        "Depreciation And Amortization In Income Statement": NaN,
        "Selling General And Administration": 19510000.0,
        "Gross Profit": 34941000.0,
        "Cost Of Revenue": 55466000.0,
        "Total Revenue": 90407000.0,
        "Operating Revenue": 90407000.0
    }
}