{
    "2023-03-31": {
        "Tax Effect Of Unusual Items": -22400000.0,
        "Tax Rate For Calcs": 0.4,
        "Normalized EBITDA": 546000000.0,
        "Total Unusual Items": -56000000.0,
        "Total Unusual Items Excluding Goodwill": -56000000.0,
        "Net Income From Continuing Operation Net Minority Interest": -201000000.0,
        "Reconciled Depreciation": 319000000.0,
        "Reconciled Cost Of Revenue": 536000000.0,
        "EBITDA": 490000000.0,
        "EBIT": 171000000.0,
        "Net Interest Income": -301000000.0,
        "Interest Expense": 307000000.0,
        "Interest Income": 6000000.0,
        "Normalized Income": -167400000.0,
        "Net Income From Continuing And Discontinued Operation": -201000000.0,
        "Total Expenses": 1723000000.0,
        "Total Operating Income As Reported": 175000000.0,
        "Diluted Average Shares": 363300000.0,
        "Basic Average Shares": 363300000.0,
        "Diluted EPS": -0.55,
        "Basic EPS": -0.55,
        "Diluted NI Availto Com Stockholders": -201000000.0,
        "Net Income Common Stockholders": -201000000.0,
        "Net Income": -201000000.0,
        "Minority Interests": 8000000.0,
        "Net Income Including Noncontrolling Interests": -209000000.0,
        "Net Income Continuous Operations": -209000000.0,
        "Tax Provision": 73000000.0,
        "Pretax Income": -136000000.0,
        "Other Income Expense": -56000000.0,
        "Other Non Operating Income Expenses": NaN,
        "Special Income Charges": -46000000.0,
        "Gain On Sale Of Ppe": 0.0,
        "Other Special Charges": -8000000.0,
        "Write Off": NaN,
        "Impairment Of Capital Assets": 13000000.0,
        "Restructuring And Mergern Acquisition": 41000000.0,
        "Gain On Sale Of Security": -10000000.0,
        "Net Non Operating Interest Income Expense": -301000000.0,
        "Interest Expense Non Operating": 307000000.0,
        "Interest Income Non Operating": 6000000.0,
        "Operating Income": 221000000.0,
        "Operating Expense": 1141000000.0,
        "Depreciation Amortization Depletion Income Statement": 273000000.0,
        "Depreciation And Amortization In Income Statement": 273000000.0,
        "Amortization": 273000000.0,
        "Amortization Of Intangibles Income Statement": 273000000.0,
        "Research And Development": 143000000.0,
        "Selling General And Administration": 725000000.0,
        "Gross Profit": 1362000000.0,
        "Cost Of Revenue": 582000000.0,
        "Total Revenue": 1944000000.0,
        "Operating Revenue": 1922000000.0
    },
    "2022-12-31": {
        "Tax Effect Of Unusual Items": NaN,
        "Tax Rate For Calcs": NaN,
        "Normalized EBITDA": NaN,
        "Total Unusual Items": NaN,
        "Total Unusual Items Excluding Goodwill": NaN,
        "Net Income From Continuing Operation Net Minority Interest": NaN,
        "Reconciled Depreciation": NaN,
        "Reconciled Cost Of Revenue": NaN,
        "EBITDA": NaN,
        "EBIT": NaN,
        "Net Interest Income": NaN,
        "Interest Expense": NaN,
        "Interest Income": NaN,
        "Normalized Income": NaN,
        "Net Income From Continuing And Discontinued Operation": NaN,
        "Total Expenses": NaN,
        "Total Operating Income As Reported": NaN,
        "Diluted Average Shares": NaN,
        "Basic Average Shares": NaN,
        "Diluted EPS": NaN,
        "Basic EPS": NaN,
        "Diluted NI Availto Com Stockholders": NaN,
        "Net Income Common Stockholders": NaN,
        "Net Income": NaN,
        "Minority Interests": NaN,
        "Net Income Including Noncontrolling Interests": NaN,
        "Net Income Continuous Operations": NaN,
        "Tax Provision": NaN,
        "Pretax Income": NaN,
        "Other Income Expense": NaN,
        "Other Non Operating Income Expenses": -2000000.0,
        "Special Income Charges": NaN,
        "Gain On Sale Of Ppe": NaN,
        "Other Special Charges": NaN,
        "Write Off": 0.0,
        "Impairment Of Capital Assets": NaN,
        "Restructuring And Mergern Acquisition": NaN,
        "Gain On Sale Of Security": NaN,
        "Net Non Operating Interest Income Expense": NaN,
        "Interest Expense Non Operating": NaN,
        "Interest Income Non Operating": NaN,
        "Operating Income": NaN,
        "Operating Expense": NaN,
        "Depreciation Amortization Depletion Income Statement": NaN,
        "Depreciation And Amortization In Income Statement": NaN,
        "Amortization": NaN,
        "Amortization Of Intangibles Income Statement": NaN,
        "Research And Development": NaN,
        "Selling General And Administration": NaN,
        "Gross Profit": NaN,
        "Cost Of Revenue": NaN,
        "Total Revenue": NaN,
        "Operating Revenue": NaN
    },
    "2022-09-30": {
        "Tax Effect Of Unusual Items": NaN,
        "Tax Rate For Calcs": NaN,
        "Normalized EBITDA": NaN,
        "Total Unusual Items": NaN,
        "Total Unusual Items Excluding Goodwill": NaN,
        "Net Income From Continuing Operation Net Minority Interest": NaN,
        "Reconciled Depreciation": NaN,
        "Reconciled Cost Of Revenue": NaN,
        "EBITDA": NaN,
        "EBIT": NaN,
        "Net Interest Income": NaN,
        "Interest Expense": NaN,
        "Interest Income": NaN,
        "Normalized Income": NaN,
        "Net Income From Continuing And Discontinued Operation": NaN,
        "Total Expenses": NaN,
        "Total Operating Income As Reported": NaN,
        "Diluted Average Shares": NaN,
        "Basic Average Shares": NaN,
        "Diluted EPS": NaN,
        "Basic EPS": NaN,
        "Diluted NI Availto Com Stockholders": NaN,
        "Net Income Common Stockholders": NaN,
        "Net Income": NaN,
        "Minority Interests": NaN,
        "Net Income Including Noncontrolling Interests": NaN,
        "Net Income Continuous Operations": NaN,
        "Tax Provision": NaN,
        "Pretax Income": NaN,
        "Other Income Expense": NaN,
        "Other Non Operating Income Expenses": NaN,
        "Special Income Charges": NaN,
        "Gain On Sale Of Ppe": NaN,
        "Other Special Charges": NaN,
        "Write Off": 1000000.0,
        "Impairment Of Capital Assets": NaN,
        "Restructuring And Mergern Acquisition": NaN,
        "Gain On Sale Of Security": NaN,
        "Net Non Operating Interest Income Expense": NaN,
        "Interest Expense Non Operating": NaN,
        "Interest Income Non Operating": NaN,
        "Operating Income": NaN,
        "Operating Expense": NaN,
        "Depreciation Amortization Depletion Income Statement": NaN,
        "Depreciation And Amortization In Income Statement": NaN,
        "Amortization": NaN,
        "Amortization Of Intangibles Income Statement": NaN,
        "Research And Development": NaN,
        "Selling General And Administration": NaN,
        "Gross Profit": NaN,
        "Cost Of Revenue": NaN,
        "Total Revenue": NaN,
        "Operating Revenue": NaN
    },
    "2022-06-30": {
        "Tax Effect Of Unusual Items": -3200000.0,
        "Tax Rate For Calcs": 0.4,
        "Normalized EBITDA": 636000000.0,
        "Total Unusual Items": -8000000.0,
        "Total Unusual Items Excluding Goodwill": -8000000.0,
        "Net Income From Continuing Operation Net Minority Interest": -145000000.0,
        "Reconciled Depreciation": 347000000.0,
        "Reconciled Cost Of Revenue": 532000000.0,
        "EBITDA": 628000000.0,
        "EBIT": 281000000.0,
        "Net Interest Income": -407000000.0,
        "Interest Expense": 410000000.0,
        "Interest Income": 3000000.0,
        "Normalized Income": -140200000.0,
        "Net Income From Continuing And Discontinued Operation": -145000000.0,
        "Total Expenses": 1682000000.0,
        "Total Operating Income As Reported": 161000000.0,
        "Diluted Average Shares": 362200000.0,
        "Basic Average Shares": 362200000.0,
        "Diluted EPS": -0.4,
        "Basic EPS": -0.4,
        "Diluted NI Availto Com Stockholders": -145000000.0,
        "Net Income Common Stockholders": -145000000.0,
        "Net Income": -145000000.0,
        "Minority Interests": -6000000.0,
        "Net Income Including Noncontrolling Interests": -139000000.0,
        "Net Income Continuous Operations": -139000000.0,
        "Tax Provision": 10000000.0,
        "Pretax Income": -129000000.0,
        "Other Income Expense": -7000000.0,
        "Other Non Operating Income Expenses": 1000000.0,
        "Special Income Charges": -12000000.0,
        "Gain On Sale Of Ppe": 3000000.0,
        "Other Special Charges": -104000000.0,
        "Write Off": 6000000.0,
        "Impairment Of Capital Assets": 83000000.0,
        "Restructuring And Mergern Acquisition": 30000000.0,
        "Gain On Sale Of Security": 4000000.0,
        "Net Non Operating Interest Income Expense": -407000000.0,
        "Interest Expense Non Operating": 410000000.0,
        "Interest Income Non Operating": 3000000.0,
        "Operating Income": 285000000.0,
        "Operating Expense": 1105000000.0,
        "Other Operating Expenses": NaN,
        "Depreciation Amortization Depletion Income Statement": 302000000.0,
        "Depreciation And Amortization In Income Statement": 302000000.0,
        "Amortization": 302000000.0,
        "Amortization Of Intangibles Income Statement": 302000000.0,
        "Research And Development": 127000000.0,
        "Selling General And Administration": 676000000.0,
        "Gross Profit": 1390000000.0,
        "Cost Of Revenue": 577000000.0,
        "Total Revenue": 1967000000.0,
        "Operating Revenue": 1947000000.0
    },
    "2023-06-30": {
        "Tax Effect Of Unusual Items": NaN,
        "Tax Rate For Calcs": NaN,
        "Normalized EBITDA": NaN,
        "Total Unusual Items": NaN,
        "Total Unusual Items Excluding Goodwill": NaN,
        "Net Income From Continuing Operation Net Minority Interest": NaN,
        "Reconciled Depreciation": NaN,
        "Reconciled Cost Of Revenue": NaN,
        "EBITDA": NaN,
        "EBIT": NaN,
        "Net Interest Income": NaN,
        "Interest Expense": NaN,
        "Interest Income": NaN,
        "Normalized Income": NaN,
        "Net Income From Continuing And Discontinued Operation": NaN,
        "Total Expenses": NaN,
        "Total Operating Income As Reported": NaN,
        "Diluted Average Shares": NaN,
        "Basic Average Shares": NaN,
        "Diluted EPS": NaN,
        "Basic EPS": NaN,
        "Diluted NI Availto Com Stockholders": NaN,
        "Net Income Common Stockholders": NaN,
        "Net Income": NaN,
        "Minority Interests": NaN,
        "Net Income Including Noncontrolling Interests": NaN,
        "Net Income Continuous Operations": NaN,
        "Tax Provision": NaN,
        "Pretax Income": NaN,
        "Other Income Expense": NaN,
        "Other Non Operating Income Expenses": -1000000.0,
        "Special Income Charges": NaN,
        "Gain On Sale Of Ppe": NaN,
        "Other Special Charges": NaN,
        "Impairment Of Capital Assets": NaN,
        "Restructuring And Mergern Acquisition": NaN,
        "Gain On Sale Of Security": -21000000.0,
        "Net Non Operating Interest Income Expense": NaN,
        "Interest Expense Non Operating": NaN,
        "Interest Income Non Operating": NaN,
        "Operating Income": NaN,
        "Operating Expense": NaN,
        "Depreciation Amortization Depletion Income Statement": NaN,
        "Depreciation And Amortization In Income Statement": NaN,
        "Amortization": NaN,
        "Amortization Of Intangibles Income Statement": NaN,
        "Research And Development": NaN,
        "Selling General And Administration": NaN,
        "Gross Profit": NaN,
        "Cost Of Revenue": NaN,
        "Total Revenue": NaN,
        "Operating Revenue": NaN
    },
    "2022-03-31": {
        "Diluted EPS": -0.19,
        "Total Revenue": NaN,
        "Gross Profit": NaN,
        "Operating Income": 293,
        "EBIT": 659,
        "Net Income": -69
    },
    "2021-12-31": {
        "Diluted EPS": 0.21,
        "Total Revenue": NaN,
        "Gross Profit": NaN,
        "Operating Income": 367,
        "EBIT": 743,
        "Net Income": 69
    },
    "2021-09-30": {
        "Diluted EPS": 0.52,
        "Total Revenue": NaN,
        "Gross Profit": NaN,
        "Operating Income": 574,
        "EBIT": 973,
        "Net Income": 188
    },
    "2021-06-30": {
        "Diluted EPS": -1.66,
        "Total Revenue": NaN,
        "Gross Profit": NaN,
        "Operating Income": -270,
        "EBIT": 146,
        "Net Income": -595
    },
    "2021-03-31": {
        "Diluted EPS": -1.71,
        "Total Revenue": NaN,
        "Gross Profit": NaN,
        "Operating Income": -221,
        "EBIT": 195,
        "Net Income": -610
    },
    "2020-12-31": {
        "Diluted EPS": -0.43,
        "Total Revenue": NaN,
        "Gross Profit": NaN,
        "Operating Income": -5,
        "EBIT": 439,
        "Net Income": -153
    },
    "2020-09-30": {
        "Diluted EPS": 0.2,
        "Total Revenue": NaN,
        "Gross Profit": NaN,
        "Operating Income": 460,
        "EBIT": 909,
        "Net Income": 71
    },
    "2020-06-30": {
        "Diluted EPS": -0.92,
        "Total Revenue": NaN,
        "Gross Profit": NaN,
        "Operating Income": -27,
        "EBIT": 470,
        "Net Income": -326
    },
    "2020-03-31": {
        "Diluted EPS": -0.43,
        "Total Revenue": NaN,
        "Gross Profit": NaN,
        "Operating Income": 248,
        "EBIT": 744,
        "Net Income": -152
    },
    "2019-12-31": {
        "Diluted EPS": -4.3,
        "Total Revenue": NaN,
        "Gross Profit": NaN,
        "Operating Income": NaN,
        "EBIT": -570,
        "Net Income": NaN
    },
    "2019-09-30": {
        "Diluted EPS": -0.14,
        "Total Revenue": NaN,
        "Gross Profit": NaN,
        "Operating Income": 329,
        "EBIT": 866,
        "Net Income": -49
    },
    "2019-06-30": {
        "Diluted EPS": -0.49,
        "Total Revenue": NaN,
        "Gross Profit": NaN,
        "Operating Income": 257,
        "EBIT": 803,
        "Net Income": -171
    },
    "2019-03-31": {
        "Diluted EPS": -0.15,
        "Total Revenue": NaN,
        "Gross Profit": NaN,
        "Operating Income": 287,
        "EBIT": 836,
        "Net Income": -52
    },
    "2018-12-31": {
        "Diluted EPS": -0.96,
        "Total Revenue": NaN,
        "Gross Profit": NaN,
        "Operating Income": 25,
        "EBIT": 588,
        "Net Income": -344
    },
    "2018-09-30": {
        "Diluted EPS": -1.0,
        "Total Revenue": NaN,
        "Gross Profit": NaN,
        "Operating Income": 117,
        "EBIT": 838,
        "Net Income": -350
    },
    "2018-06-30": {
        "Diluted EPS": -2.49,
        "Total Revenue": NaN,
        "Gross Profit": NaN,
        "Operating Income": -245,
        "EBIT": 560,
        "Net Income": -873
    },
    "2018-03-31": {
        "Diluted EPS": -7.36,
        "Total Revenue": NaN,
        "Gross Profit": NaN,
        "Operating Income": NaN,
        "EBIT": NaN,
        "Net Income": NaN
    },
    "2017-12-31": {
        "Diluted EPS": 1.46,
        "Total Revenue": NaN,
        "Gross Profit": NaN,
        "Operating Income": -322,
        "EBIT": 548,
        "Net Income": 513
    },
    "2017-09-30": {
        "Diluted EPS": 3.69,
        "Total Revenue": NaN,
        "Gross Profit": NaN,
        "Operating Income": 38,
        "EBIT": 770,
        "Net Income": NaN
    },
    "2017-06-30": {
        "Diluted EPS": -0.11,
        "Total Revenue": NaN,
        "Gross Profit": NaN,
        "Operating Income": 175,
        "EBIT": 865,
        "Net Income": -38
    },
    "2017-03-31": {
        "Diluted EPS": 1.79,
        "Total Revenue": NaN,
        "Gross Profit": NaN,
        "Operating Income": 211,
        "EBIT": 928,
        "Net Income": 628
    },
    "2016-12-31": {
        "Diluted EPS": -1.49,
        "Total Revenue": NaN,
        "Gross Profit": NaN,
        "Operating Income": 150,
        "EBIT": 886,
        "Net Income": -515
    },
    "2016-09-30": {
        "Diluted EPS": -3.49,
        "Total Revenue": NaN,
        "Gross Profit": NaN,
        "Operating Income": -863,
        "EBIT": -123,
        "Net Income": NaN
    },
    "2016-06-30": {
        "Diluted EPS": -0.88,
        "Total Revenue": NaN,
        "Gross Profit": NaN,
        "Operating Income": 81,
        "EBIT": 837,
        "Net Income": -302
    },
    "2016-03-31": {
        "Diluted EPS": -1.08,
        "Total Revenue": NaN,
        "Gross Profit": NaN,
        "Operating Income": 66,
        "EBIT": 818,
        "Net Income": -374
    },
    "2015-12-31": {
        "Diluted EPS": -1.12,
        "Total Revenue": NaN,
        "Gross Profit": NaN,
        "Operating Income": 167,
        "EBIT": 887,
        "Net Income": -386
    },
    "2015-09-30": {
        "Diluted EPS": 0.14,
        "Total Revenue": NaN,
        "Gross Profit": NaN,
        "Operating Income": 448,
        "EBIT": NaN,
        "Net Income": 50
    },
    "2015-06-30": {
        "Diluted EPS": -0.15,
        "Total Revenue": NaN,
        "Gross Profit": NaN,
        "Operating Income": 342,
        "EBIT": NaN,
        "Net Income": -53
    },
    "2015-03-31": {
        "Diluted EPS": 0.28,
        "Total Revenue": NaN,
        "Gross Profit": NaN,
        "Operating Income": 571,
        "EBIT": 989,
        "Net Income": 98
    },
    "2014-12-31": {
        "Diluted EPS": 1.47,
        "Total Revenue": NaN,
        "Gross Profit": NaN,
        "Operating Income": 605,
        "EBIT": 983,
        "Net Income": 502
    },
    "2014-09-30": {
        "Diluted EPS": 0.81,
        "Total Revenue": NaN,
        "Gross Profit": NaN,
        "Operating Income": 684,
        "EBIT": NaN,
        "Net Income": 275
    },
    "2014-06-30": {
        "Diluted EPS": 0.37,
        "Total Revenue": NaN,
        "Gross Profit": NaN,
        "Operating Income": 355,
        "EBIT": 774,
        "Net Income": 126
    },
    "2014-03-31": {
        "Diluted EPS": -0.07,
        "Total Revenue": NaN,
        "Gross Profit": NaN,
        "Operating Income": 357,
        "EBIT": 770,
        "Net Income": -23
    },
    "2013-12-31": {
        "Diluted EPS": 0.28,
        "Total Revenue": NaN,
        "Gross Profit": NaN,
        "Operating Income": 224,
        "EBIT": 653,
        "Net Income": 124
    },
    "2013-09-30": {
        "Diluted EPS": -2.92,
        "Total Revenue": NaN,
        "Gross Profit": 967,
        "Operating Income": -892,
        "EBIT": 82,
        "Net Income": -973
    },
    "2013-06-30": {
        "Diluted EPS": 0.03,
        "Total Revenue": NaN,
        "Gross Profit": 798,
        "Operating Income": 142,
        "EBIT": 493,
        "Net Income": 11
    },
    "2013-03-31": {
        "Diluted EPS": -0.09,
        "Total Revenue": NaN,
        "Gross Profit": 768,
        "Operating Income": 117,
        "EBIT": 468,
        "Net Income": -28
    },
    "2012-12-31": {
        "Diluted EPS": -0.29,
        "Total Revenue": 920,
        "Gross Profit": 702,
        "Operating Income": -98,
        "EBIT": 237,
        "Net Income": -89
    },
    "2012-09-30": {
        "Diluted EPS": 0.02,
        "Total Revenue": 884,
        "Gross Profit": 654,
        "Operating Income": 29,
        "EBIT": 274,
        "Net Income": 8
    },
    "2012-06-30": {
        "Diluted EPS": -0.07,
        "Total Revenue": 820,
        "Gross Profit": 610,
        "Operating Income": 87,
        "EBIT": 308,
        "Net Income": -22
    },
    "2012-03-31": {
        "Diluted EPS": -0.04,
        "Total Revenue": 856,
        "Gross Profit": 544,
        "Operating Income": 61,
        "EBIT": 283,
        "Net Income": -13
    },
    "2011-12-31": {
        "Diluted EPS": 0.17,
        "Total Revenue": 652,
        "Gross Profit": 499,
        "Operating Income": -6,
        "EBIT": 211,
        "Net Income": 56
    },
    "2011-09-30": {
        "Diluted EPS": 0.13,
        "Total Revenue": 601,
        "Gross Profit": 435,
        "Operating Income": 112,
        "EBIT": 280,
        "Net Income": 41
    },
    "2011-06-30": {
        "Diluted EPS": 0.17,
        "Total Revenue": 609,
        "Gross Profit": 436,
        "Operating Income": 118,
        "EBIT": 248,
        "Net Income": 56
    },
    "2011-03-31": {
        "Diluted EPS": 0.02,
        "Total Revenue": 565,
        "Gross Profit": 362,
        "Operating Income": 75,
        "EBIT": 201,
        "Net Income": 6
    },
    "2010-12-31": {
        "Diluted EPS": 0.02,
        "Total Revenue": 515,
        "Gross Profit": 301,
        "Operating Income": -49,
        "EBIT": 101,
        "Net Income": -31
    },
    "2010-09-30": {
        "Diluted EPS": -1.27,
        "Total Revenue": 208,
        "Gross Profit": 146,
        "Operating Income": -126,
        "EBIT": -79,
        "Net Income": -208
    },
    "2010-06-30": {
        "Diluted EPS": 0.21,
        "Total Revenue": 239,
        "Gross Profit": 172,
        "Operating Income": 49,
        "EBIT": 88,
        "Net Income": 34
    },
    "2010-03-31": {
        "Diluted EPS": -0.02,
        "Total Revenue": 220,
        "Gross Profit": 157,
        "Operating Income": 16,
        "EBIT": 56,
        "Net Income": -3
    },
    "2009-12-31": {
        "Diluted EPS": 0.46,
        "Total Revenue": 241,
        "Gross Profit": 168,
        "Operating Income": 59,
        "EBIT": 104,
        "Net Income": 73
    },
    "2009-09-30": {
        "Diluted EPS": 0.25,
        "Total Revenue": 213,
        "Gross Profit": 162,
        "Operating Income": 58,
        "EBIT": 101,
        "Net Income": 40
    },
    "2009-06-30": {
        "Diluted EPS": 0.15,
        "Total Revenue": 194,
        "Gross Profit": 143,
        "Operating Income": 11,
        "EBIT": 39,
        "Net Income": 24
    },
    "2009-03-31": {
        "Diluted EPS": 0.25,
        "Total Revenue": 173,
        "Gross Profit": 128,
        "Operating Income": 54,
        "EBIT": 75,
        "Net Income": 39
    },
    "2023-09-30": {
        "Tax Effect Of Unusual Items": -194800000.0,
        "Tax Rate For Calcs": 0.4,
        "Normalized EBITDA": 801000000.0,
        "Total Unusual Items": -487000000.0,
        "Total Unusual Items Excluding Goodwill": -487000000.0,
        "Net Income From Continuing Operation Net Minority Interest": -378000000.0,
        "Reconciled Depreciation": 301000000.0,
        "Reconciled Cost Of Revenue": 575000000.0,
        "EBITDA": 314000000.0,
        "EBIT": 13000000.0,
        "Net Interest Income": -333000000.0,
        "Interest Expense": 339000000.0,
        "Interest Income": 6000000.0,
        "Normalized Income": -85800000.0,
        "Net Income From Continuing And Discontinued Operation": -378000000.0,
        "Total Expenses": 1744000000.0,
        "Total Operating Income As Reported": 14000000.0,
        "Diluted Average Shares": 366990291.0,
        "Basic Average Shares": 366990291.0,
        "Diluted EPS": -1.03,
        "Basic EPS": -1.03,
        "Diluted NI Availto Com Stockholders": -378000000.0,
        "Net Income Common Stockholders": -378000000.0,
        "Net Income": -378000000.0,
        "Minority Interests": 4000000.0,
        "Net Income Including Noncontrolling Interests": -382000000.0,
        "Net Income Continuous Operations": -382000000.0,
        "Tax Provision": 56000000.0,
        "Pretax Income": -326000000.0,
        "Other Income Expense": -487000000.0,
        "Other Non Operating Income Expenses": NaN,
        "Special Income Charges": -480000000.0,
        "Gain On Sale Of Ppe": 5000000.0,
        "Other Special Charges": 24000000.0,
        "Impairment Of Capital Assets": 406000000.0,
        "Restructuring And Mergern Acquisition": 55000000.0,
        "Gain On Sale Of Security": -7000000.0,
        "Net Non Operating Interest Income Expense": -333000000.0,
        "Interest Expense Non Operating": 339000000.0,
        "Interest Income Non Operating": 6000000.0,
        "Operating Income": 494000000.0,
        "Operating Expense": 1121000000.0,
        "Depreciation Amortization Depletion Income Statement": 253000000.0,
        "Depreciation And Amortization In Income Statement": 253000000.0,
        "Amortization": 253000000.0,
        "Amortization Of Intangibles Income Statement": 253000000.0,
        "Research And Development": 153000000.0,
        "Selling General And Administration": 715000000.0,
        "Gross Profit": 1615000000.0,
        "Cost Of Revenue": 623000000.0,
        "Total Revenue": 2238000000.0,
        "Operating Revenue": 2213000000.0
    },
    "2023-12-31": {
        "Tax Effect Of Unusual Items": -61600000.0,
        "Tax Rate For Calcs": 0.4,
        "Normalized EBITDA": 839000000.0,
        "Total Unusual Items": -154000000.0,
        "Total Unusual Items Excluding Goodwill": -154000000.0,
        "Net Income From Continuing Operation Net Minority Interest": -39000000.0,
        "Reconciled Depreciation": 329000000.0,
        "Reconciled Cost Of Revenue": 658000000.0,
        "EBITDA": 685000000.0,
        "EBIT": 356000000.0,
        "Net Interest Income": -356000000.0,
        "Interest Expense": 363000000.0,
        "Interest Income": 7000000.0,
        "Normalized Income": 53400000.0,
        "Net Income From Continuing And Discontinued Operation": -39000000.0,
        "Total Expenses": 1905000000.0,
        "Total Operating Income As Reported": 362000000.0,
        "Diluted Average Shares": 354545455.0,
        "Basic Average Shares": 354545455.0,
        "Diluted EPS": -0.11,
        "Basic EPS": -0.11,
        "Diluted NI Availto Com Stockholders": -39000000.0,
        "Net Income Common Stockholders": -39000000.0,
        "Net Income": -39000000.0,
        "Minority Interests": 8000000.0,
        "Net Income Including Noncontrolling Interests": -47000000.0,
        "Net Income Continuous Operations": -47000000.0,
        "Tax Provision": 40000000.0,
        "Pretax Income": -7000000.0,
        "Other Income Expense": -154000000.0,
        "Other Non Operating Income Expenses": 0.0,
        "Special Income Charges": -140000000.0,
        "Gain On Sale Of Ppe": -1000000.0,
        "Other Special Charges": 1000000.0,
        "Impairment Of Capital Assets": 37000000.0,
        "Restructuring And Mergern Acquisition": 47000000.0,
        "Gain On Sale Of Security": -14000000.0,
        "Net Non Operating Interest Income Expense": -356000000.0,
        "Interest Expense Non Operating": 363000000.0,
        "Interest Income Non Operating": 7000000.0,
        "Operating Income": 503000000.0,
        "Operating Expense": 1200000000.0,
        "Depreciation Amortization Depletion Income Statement": 282000000.0,
        "Depreciation And Amortization In Income Statement": 282000000.0,
        "Amortization": 282000000.0,
        "Amortization Of Intangibles Income Statement": 282000000.0,
        "Research And Development": 152000000.0,
        "Selling General And Administration": 766000000.0,
        "Gross Profit": 1703000000.0,
        "Cost Of Revenue": 705000000.0,
        "Total Revenue": 2408000000.0,
        "Operating Revenue": 2382000000.0
    },
    "2024-03-31": {
        "Tax Effect Of Unusual Items": -2550000.0,
        "Tax Rate For Calcs": 0.15,
        "Normalized EBITDA": 623000000.0,
        "Total Unusual Items": -17000000.0,
        "Total Unusual Items Excluding Goodwill": -17000000.0,
        "Net Income From Continuing Operation Net Minority Interest": -64000000.0,
        "Reconciled Depreciation": 320000000.0,
        "Reconciled Cost Of Revenue": 594000000.0,
        "EBITDA": 606000000.0,
        "EBIT": 286000000.0,
        "Net Interest Income": -346000000.0,
        "Interest Expense": 355000000.0,
        "Interest Income": 9000000.0,
        "Normalized Income": -49550000.0,
        "Net Income From Continuing And Discontinued Operation": -64000000.0,
        "Total Expenses": 1859000000.0,
        "Total Operating Income As Reported": 281000000.0,
        "Diluted Average Shares": 366800000.0,
        "Basic Average Shares": 366800000.0,
        "Diluted EPS": -0.17,
        "Basic EPS": -0.17,
        "Diluted NI Availto Com Stockholders": -64000000.0,
        "Net Income Common Stockholders": -64000000.0,
        "Net Income": -64000000.0,
        "Minority Interests": 13000000.0,
        "Net Income Including Noncontrolling Interests": -77000000.0,
        "Net Income Continuous Operations": -77000000.0,
        "Tax Provision": 8000000.0,
        "Pretax Income": -69000000.0,
        "Other Income Expense": -17000000.0,
        "Other Non Operating Income Expenses": NaN,
        "Special Income Charges": -2000000.0,
        "Gain On Sale Of Ppe": 4000000.0,
        "Other Special Charges": -5000000.0,
        "Impairment Of Capital Assets": 1000000.0,
        "Restructuring And Mergern Acquisition": 10000000.0,
        "Gain On Sale Of Security": -15000000.0,
        "Net Non Operating Interest Income Expense": -346000000.0,
        "Interest Expense Non Operating": 355000000.0,
        "Interest Income Non Operating": 9000000.0,
        "Operating Income": 294000000.0,
        "Operating Expense": 1219000000.0,
        "Depreciation Amortization Depletion Income Statement": 274000000.0,
        "Depreciation And Amortization In Income Statement": 274000000.0,
        "Amortization": 274000000.0,
        "Amortization Of Intangibles Income Statement": 274000000.0,
        "Research And Development": 151000000.0,
        "Selling General And Administration": 794000000.0,
        "Gross Profit": 1513000000.0,
        "Cost Of Revenue": 640000000.0,
        "Total Revenue": 2153000000.0,
        "Operating Revenue": 2129000000.0
    },
    "2024-06-30": {
        "Tax Effect Of Unusual Items": -4950000.0,
        "Tax Rate For Calcs": 0.15,
        "Normalized EBITDA": 749000000.0,
        "Total Unusual Items": -33000000.0,
        "Total Unusual Items Excluding Goodwill": -33000000.0,
        "Net Income From Continuing Operation Net Minority Interest": 10000000.0,
        "Reconciled Depreciation": 318000000.0,
        "Reconciled Cost Of Revenue": 671000000.0,
        "EBITDA": 716000000.0,
        "EBIT": 398000000.0,
        "Net Interest Income": -342000000.0,
        "Interest Expense": 350000000.0,
        "Interest Income": 8000000.0,
        "Normalized Income": 38050000.0,
        "Net Income From Continuing And Discontinued Operation": 10000000.0,
        "Total Expenses": 1977000000.0,
        "Total Operating Income As Reported": 389000000.0,
        "Diluted Average Shares": 370200000.0,
        "Basic Average Shares": 367900000.0,
        "Diluted EPS": 0.03,
        "Basic EPS": 0.03,
        "Diluted NI Availto Com Stockholders": 10000000.0,
        "Net Income Common Stockholders": 10000000.0,
        "Net Income": 10000000.0,
        "Minority Interests": 11000000.0,
        "Net Income Including Noncontrolling Interests": -1000000.0,
        "Net Income Continuous Operations": -1000000.0,
        "Tax Provision": 49000000.0,
        "Pretax Income": 48000000.0,
        "Other Income Expense": -36000000.0,
        "Other Non Operating Income Expenses": -3000000.0,
        "Special Income Charges": -22000000.0,
        "Gain On Sale Of Ppe": 1000000.0,
        "Other Special Charges": 9000000.0,
        "Impairment Of Capital Assets": 5000000.0,
        "Restructuring And Mergern Acquisition": 9000000.0,
        "Gain On Sale Of Security": -11000000.0,
        "Net Non Operating Interest Income Expense": -342000000.0,
        "Interest Expense Non Operating": 350000000.0,
        "Interest Income Non Operating": 8000000.0,
        "Operating Income": 426000000.0,
        "Operating Expense": 1258000000.0,
        "Depreciation Amortization Depletion Income Statement": 270000000.0,
        "Depreciation And Amortization In Income Statement": 270000000.0,
        "Amortization": 270000000.0,
        "Amortization Of Intangibles Income Statement": 270000000.0,
        "Research And Development": 156000000.0,
        "Selling General And Administration": 832000000.0,
        "Gross Profit": 1684000000.0,
        "Cost Of Revenue": 719000000.0,
        "Total Revenue": 2403000000.0,
        "Operating Revenue": 2379000000.0
    },
    "2024-09-30": {
        "Tax Effect Of Unusual Items": -31650000.0,
        "Tax Rate For Calcs": 0.15,
        "Normalized EBITDA": 858000000.0,
        "Total Unusual Items": -211000000.0,
        "Total Unusual Items Excluding Goodwill": -211000000.0,
        "Net Income From Continuing Operation Net Minority Interest": -85000000.0,
        "Reconciled Depreciation": 322000000.0,
        "Reconciled Cost Of Revenue": 648000000.0,
        "EBITDA": 647000000.0,
        "EBIT": 325000000.0,
        "Net Interest Income": -339000000.0,
        "Interest Expense": 346000000.0,
        "Interest Income": 7000000.0,
        "Normalized Income": 94350000.0,
        "Net Income From Continuing And Discontinued Operation": -85000000.0,
        "Total Expenses": 1981000000.0,
        "Total Operating Income As Reported": 318000000.0,
        "Diluted Average Shares": 368400000.0,
        "Basic Average Shares": 368400000.0,
        "Diluted EPS": -0.23,
        "Basic EPS": -0.23,
        "Diluted NI Availto Com Stockholders": -85000000.0,
        "Net Income Common Stockholders": -85000000.0,
        "Net Income": -85000000.0,
        "Minority Interests": 7000000.0,
        "Net Income Including Noncontrolling Interests": -92000000.0,
        "Net Income Continuous Operations": -92000000.0,
        "Tax Provision": 71000000.0,
        "Pretax Income": -21000000.0,
        "Other Income Expense": -211000000.0,
        "Other Non Operating Income Expenses": NaN,
        "Special Income Charges": -211000000.0,
        "Gain On Sale Of Ppe": 5000000.0,
        "Other Special Charges": 188000000.0,
        "Impairment Of Capital Assets": 0.0,
        "Restructuring And Mergern Acquisition": 28000000.0,
        "Gain On Sale Of Security": NaN,
        "Net Non Operating Interest Income Expense": -339000000.0,
        "Interest Expense Non Operating": 346000000.0,
        "Interest Income Non Operating": 7000000.0,
        "Operating Income": 529000000.0,
        "Operating Expense": 1285000000.0,
        "Depreciation Amortization Depletion Income Statement": 274000000.0,
        "Depreciation And Amortization In Income Statement": 274000000.0,
        "Amortization": 274000000.0,
        "Amortization Of Intangibles Income Statement": 274000000.0,
        "Research And Development": 161000000.0,
        "Selling General And Administration": 850000000.0,
        "Gross Profit": 1814000000.0,
        "Cost Of Revenue": 696000000.0,
        "Total Revenue": 2510000000.0,
        "Operating Revenue": 2482000000.0
    }
}