{
    "2023-04-30": {
        "Tax Effect Of Unusual Items": 904162.0,
        "Tax Rate For Calcs": 0.238,
        "Normalized EBITDA": -227777000.0,
        "Total Unusual Items": 3799000.0,
        "Total Unusual Items Excluding Goodwill": 3799000.0,
        "Net Income From Continuing Operation Net Minority Interest": -206073000.0,
        "Reconciled Depreciation": 37196000.0,
        "Reconciled Cost Of Revenue": 730494000.0,
        "EBITDA": -223978000.0,
        "EBIT": -261174000.0,
        "Net Interest Income": -9149000.0,
        "Interest Expense": 9149000.0,
        "Normalized Income": -208967838.0,
        "Net Income From Continuing And Discontinued Operation": -206073000.0,
        "Total Expenses": 1388555000.0,
        "Total Operating Income As Reported": -261179000.0,
        "Diluted Average Shares": 29018000.0,
        "Basic Average Shares": 29018000.0,
        "Diluted EPS": -7.1,
        "Basic EPS": -7.1,
        "Diluted NI Availto Com Stockholders": -206073000.0,
        "Net Income Common Stockholders": -206073000.0,
        "Net Income": -206073000.0,
        "Net Income Including Noncontrolling Interests": -206073000.0,
        "Net Income Continuous Operations": -206073000.0,
        "Tax Provision": -64250000.0,
        "Pretax Income": -270323000.0,
        "Other Income Expense": 3804000.0,
        "Other Non Operating Income Expenses": 5000.0,
        "Gain On Sale Of Security": 3799000.0,
        "Net Non Operating Interest Income Expense": -9149000.0,
        "Interest Expense Non Operating": 9149000.0,
        "Operating Income": -264978000.0,
        "Operating Expense": 657447000.0,
        "Depreciation Amortization Depletion Income Statement": 36582000.0,
        "Depreciation And Amortization In Income Statement": 36582000.0,
        "Depreciation Income Statement": 36582000.0,
        "Selling General And Administration": 620865000.0,
        "Gross Profit": 392469000.0,
        "Cost Of Revenue": 731108000.0,
        "Total Revenue": 1123577000.0,
        "Operating Revenue": 1123577000.0
    },
    "2023-01-31": {
        "Tax Effect Of Unusual Items": NaN,
        "Tax Rate For Calcs": NaN,
        "Normalized EBITDA": NaN,
        "Total Unusual Items": NaN,
        "Total Unusual Items Excluding Goodwill": NaN,
        "Net Income From Continuing Operation Net Minority Interest": NaN,
        "Reconciled Depreciation": NaN,
        "Reconciled Cost Of Revenue": NaN,
        "EBITDA": NaN,
        "EBIT": NaN,
        "Net Interest Income": NaN,
        "Interest Expense": NaN,
        "Normalized Income": NaN,
        "Net Income From Continuing And Discontinued Operation": NaN,
        "Total Expenses": NaN,
        "Total Operating Income As Reported": NaN,
        "Diluted Average Shares": NaN,
        "Basic Average Shares": NaN,
        "Diluted EPS": NaN,
        "Basic EPS": NaN,
        "Diluted NI Availto Com Stockholders": NaN,
        "Net Income Common Stockholders": NaN,
        "Net Income": NaN,
        "Net Income Including Noncontrolling Interests": NaN,
        "Net Income Continuous Operations": NaN,
        "Tax Provision": NaN,
        "Pretax Income": NaN,
        "Other Income Expense": 4000.0,
        "Other Non Operating Income Expenses": 4000.0,
        "Gain On Sale Of Security": NaN,
        "Net Non Operating Interest Income Expense": NaN,
        "Interest Expense Non Operating": NaN,
        "Operating Income": NaN,
        "Operating Expense": NaN,
        "Depreciation Amortization Depletion Income Statement": NaN,
        "Depreciation And Amortization In Income Statement": NaN,
        "Depreciation Income Statement": NaN,
        "Selling General And Administration": NaN,
        "Gross Profit": NaN,
        "Cost Of Revenue": NaN,
        "Total Revenue": NaN,
        "Operating Revenue": NaN
    },
    "2022-10-31": {
        "Tax Effect Of Unusual Items": NaN,
        "Tax Rate For Calcs": NaN,
        "Normalized EBITDA": NaN,
        "Total Unusual Items": NaN,
        "Total Unusual Items Excluding Goodwill": NaN,
        "Net Income From Continuing Operation Net Minority Interest": NaN,
        "Reconciled Depreciation": NaN,
        "Reconciled Cost Of Revenue": NaN,
        "EBITDA": NaN,
        "EBIT": NaN,
        "Net Interest Income": NaN,
        "Interest Expense": NaN,
        "Normalized Income": NaN,
        "Net Income From Continuing And Discontinued Operation": NaN,
        "Total Expenses": NaN,
        "Total Operating Income As Reported": NaN,
        "Diluted Average Shares": NaN,
        "Basic Average Shares": NaN,
        "Diluted EPS": NaN,
        "Basic EPS": NaN,
        "Diluted NI Availto Com Stockholders": NaN,
        "Net Income Common Stockholders": NaN,
        "Net Income": NaN,
        "Net Income Including Noncontrolling Interests": NaN,
        "Net Income Continuous Operations": NaN,
        "Tax Provision": NaN,
        "Pretax Income": NaN,
        "Other Income Expense": NaN,
        "Other Non Operating Income Expenses": 62000.0,
        "Gain On Sale Of Security": NaN,
        "Net Non Operating Interest Income Expense": NaN,
        "Interest Expense Non Operating": NaN,
        "Operating Income": NaN,
        "Operating Expense": NaN,
        "Depreciation Amortization Depletion Income Statement": NaN,
        "Depreciation And Amortization In Income Statement": NaN,
        "Depreciation Income Statement": NaN,
        "Selling General And Administration": NaN,
        "Gross Profit": NaN,
        "Cost Of Revenue": NaN,
        "Total Revenue": NaN,
        "Operating Revenue": NaN
    },
    "2022-07-31": {
        "Tax Effect Of Unusual Items": 0.0,
        "Tax Rate For Calcs": 0.254,
        "Normalized EBITDA": -71639000.0,
        "Net Income From Continuing Operation Net Minority Interest": -84150000.0,
        "Reconciled Depreciation": 37197000.0,
        "Reconciled Cost Of Revenue": 907673000.0,
        "EBITDA": -71639000.0,
        "EBIT": -108836000.0,
        "Net Interest Income": -3904000.0,
        "Interest Expense": 3904000.0,
        "Normalized Income": -84150000.0,
        "Net Income From Continuing And Discontinued Operation": -84150000.0,
        "Total Expenses": 1455314000.0,
        "Total Operating Income As Reported": -109093000.0,
        "Diluted Average Shares": 28919000.0,
        "Basic Average Shares": 28919000.0,
        "Diluted EPS": -2.91,
        "Basic EPS": -2.91,
        "Diluted NI Availto Com Stockholders": -84150000.0,
        "Net Income Common Stockholders": -84150000.0,
        "Net Income": -84150000.0,
        "Net Income Including Noncontrolling Interests": -84150000.0,
        "Net Income Continuous Operations": -84150000.0,
        "Tax Provision": -28590000.0,
        "Pretax Income": -112740000.0,
        "Other Income Expense": 257000.0,
        "Other Non Operating Income Expenses": 257000.0,
        "Net Non Operating Interest Income Expense": -3904000.0,
        "Interest Expense Non Operating": 3904000.0,
        "Operating Income": -109093000.0,
        "Operating Expense": 547641000.0,
        "Depreciation Amortization Depletion Income Statement": 37197000.0,
        "Depreciation And Amortization In Income Statement": 37197000.0,
        "Depreciation Income Statement": 37197000.0,
        "Selling General And Administration": 510444000.0,
        "Gross Profit": 438548000.0,
        "Cost Of Revenue": 907673000.0,
        "Total Revenue": 1346221000.0,
        "Operating Revenue": 1346221000.0
    },
    "2022-04-30": {
        "Diluted EPS": -0.39,
        "Total Revenue": NaN,
        "Gross Profit": 505,
        "Operating Income": -14,
        "EBIT": 24,
        "Net Income": -11
    },
    "2022-01-31": {
        "Diluted EPS": 1.76,
        "Total Revenue": NaN,
        "Gross Profit": 646,
        "Operating Income": 67,
        "EBIT": 105,
        "Net Income": 50
    },
    "2021-10-31": {
        "Diluted EPS": -0.14,
        "Total Revenue": NaN,
        "Gross Profit": 519,
        "Operating Income": -4,
        "EBIT": -98,
        "Net Income": -4
    },
    "2021-07-31": {
        "Diluted EPS": 1.09,
        "Total Revenue": NaN,
        "Gross Profit": 578,
        "Operating Income": 54,
        "EBIT": 219,
        "Net Income": 38
    },
    "2021-04-30": {
        "Diluted EPS": 2.62,
        "Total Revenue": NaN,
        "Gross Profit": 654,
        "Operating Income": 123,
        "EBIT": 157,
        "Net Income": 95
    },
    "2021-01-31": {
        "Diluted EPS": 2.8,
        "Total Revenue": NaN,
        "Gross Profit": 685,
        "Operating Income": 131,
        "EBIT": -10,
        "Net Income": 98
    },
    "2020-10-31": {
        "Diluted EPS": 0.76,
        "Total Revenue": NaN,
        "Gross Profit": 558,
        "Operating Income": 43,
        "EBIT": 133,
        "Net Income": 30
    },
    "2020-07-31": {
        "Diluted EPS": 11.29,
        "Total Revenue": NaN,
        "Gross Profit": 684,
        "Operating Income": 609,
        "EBIT": 761,
        "Net Income": 452
    },
    "2020-04-30": {
        "Diluted EPS": 1.26,
        "Total Revenue": NaN,
        "Gross Profit": 571,
        "Operating Income": 74,
        "EBIT": 112,
        "Net Income": 49
    },
    "2020-01-31": {
        "Diluted EPS": 2.36,
        "Total Revenue": NaN,
        "Gross Profit": 634,
        "Operating Income": 126,
        "EBIT": -8,
        "Net Income": 94
    },
    "2019-10-31": {
        "Diluted EPS": 3.25,
        "Total Revenue": NaN,
        "Gross Profit": 463,
        "Operating Income": 170,
        "EBIT": 263,
        "Net Income": 127
    },
    "2019-07-31": {
        "Diluted EPS": 0.16,
        "Total Revenue": NaN,
        "Gross Profit": 498,
        "Operating Income": 13,
        "EBIT": 158,
        "Net Income": 6
    },
    "2019-04-30": {
        "Diluted EPS": 0.39,
        "Total Revenue": NaN,
        "Gross Profit": 519,
        "Operating Income": 26,
        "EBIT": 59,
        "Net Income": 16
    },
    "2019-01-31": {
        "Diluted EPS": 2.66,
        "Total Revenue": NaN,
        "Gross Profit": 659,
        "Operating Income": 148,
        "EBIT": 180,
        "Net Income": 108
    },
    "2018-10-31": {
        "Diluted EPS": -0.16,
        "Total Revenue": NaN,
        "Gross Profit": 459,
        "Operating Income": -10,
        "EBIT": 19,
        "Net Income": -7
    },
    "2018-07-31": {
        "Diluted EPS": 0.59,
        "Total Revenue": NaN,
        "Gross Profit": 491,
        "Operating Income": 34,
        "EBIT": 62,
        "Net Income": 24
    },
    "2018-04-30": {
        "Diluted EPS": 0.74,
        "Total Revenue": NaN,
        "Gross Profit": 512,
        "Operating Income": 45,
        "EBIT": 71,
        "Net Income": 31
    },
    "2018-01-31": {
        "Diluted EPS": 2.46,
        "Total Revenue": NaN,
        "Gross Profit": 682,
        "Operating Income": 168,
        "EBIT": 194,
        "Net Income": 105
    },
    "2017-10-31": {
        "Diluted EPS": 0.1,
        "Total Revenue": NaN,
        "Gross Profit": 444,
        "Operating Income": 6,
        "EBIT": 32,
        "Net Income": 4
    },
    "2017-07-31": {
        "Diluted EPS": 0.67,
        "Total Revenue": NaN,
        "Gross Profit": 493,
        "Operating Income": 48,
        "EBIT": 75,
        "Net Income": 29
    },
    "2017-04-30": {
        "Diluted EPS": 1.15,
        "Total Revenue": NaN,
        "Gross Profit": 524,
        "Operating Income": 80,
        "EBIT": 106,
        "Net Income": 52
    },
    "2017-01-31": {
        "Diluted EPS": 2.0,
        "Total Revenue": NaN,
        "Gross Profit": 653,
        "Operating Income": 145,
        "EBIT": 171,
        "Net Income": 90
    },
    "2016-10-31": {
        "Diluted EPS": 0.03,
        "Total Revenue": NaN,
        "Gross Profit": 442,
        "Operating Income": 2,
        "EBIT": 29,
        "Net Income": 1
    },
    "2016-07-31": {
        "Diluted EPS": 0.5,
        "Total Revenue": NaN,
        "Gross Profit": 486,
        "Operating Income": 39,
        "EBIT": 67,
        "Net Income": 23
    },
    "2016-04-30": {
        "Diluted EPS": 0.79,
        "Total Revenue": NaN,
        "Gross Profit": 518,
        "Operating Income": 63,
        "EBIT": 89,
        "Net Income": 39
    },
    "2016-01-31": {
        "Diluted EPS": 1.89,
        "Total Revenue": NaN,
        "Gross Profit": 647,
        "Operating Income": 155,
        "EBIT": 182,
        "Net Income": 95
    },
    "2015-10-31": {
        "Diluted EPS": -0.03,
        "Total Revenue": NaN,
        "Gross Profit": 440,
        "Operating Income": -2,
        "EBIT": 25,
        "Net Income": -2
    },
    "2015-07-31": {
        "Diluted EPS": 0.34,
        "Total Revenue": NaN,
        "Gross Profit": 476,
        "Operating Income": 31,
        "EBIT": 57,
        "Net Income": 18
    },
    "2015-04-30": {
        "Diluted EPS": 0.6,
        "Total Revenue": NaN,
        "Gross Profit": 504,
        "Operating Income": 53,
        "EBIT": 81,
        "Net Income": 32
    },
    "2015-01-31": {
        "Diluted EPS": 1.7,
        "Total Revenue": NaN,
        "Gross Profit": 650,
        "Operating Income": 153,
        "EBIT": 181,
        "Net Income": 94
    },
    "2014-10-31": {
        "Diluted EPS": -0.06,
        "Total Revenue": NaN,
        "Gross Profit": 431,
        "Operating Income": -4,
        "EBIT": 23,
        "Net Income": -3
    },
    "2014-07-31": {
        "Diluted EPS": 0.36,
        "Total Revenue": NaN,
        "Gross Profit": 470,
        "Operating Income": 28,
        "EBIT": 54,
        "Net Income": 20
    },
    "2014-04-30": {
        "Diluted EPS": 0.06,
        "Total Revenue": NaN,
        "Gross Profit": 494,
        "Operating Income": 47,
        "EBIT": 73,
        "Net Income": 3
    },
    "2014-01-31": {
        "Diluted EPS": 1.46,
        "Total Revenue": NaN,
        "Gross Profit": 610,
        "Operating Income": 135,
        "EBIT": 183,
        "Net Income": 84
    },
    "2013-10-31": {
        "Diluted EPS": -0.17,
        "Total Revenue": NaN,
        "Gross Profit": 431,
        "Operating Income": -3,
        "EBIT": 1,
        "Net Income": -10
    },
    "2013-07-31": {
        "Diluted EPS": 0.31,
        "Total Revenue": NaN,
        "Gross Profit": 464,
        "Operating Income": 36,
        "EBIT": 61,
        "Net Income": 18
    },
    "2013-04-30": {
        "Diluted EPS": 0.56,
        "Total Revenue": NaN,
        "Gross Profit": 502,
        "Operating Income": 61,
        "EBIT": 86,
        "Net Income": 32
    },
    "2013-01-31": {
        "Diluted EPS": 2.04,
        "Total Revenue": NaN,
        "Gross Profit": 632,
        "Operating Income": 210,
        "EBIT": 235,
        "Net Income": 120
    },
    "2012-10-31": {
        "Diluted EPS": -0.1,
        "Total Revenue": NaN,
        "Gross Profit": 433,
        "Operating Income": -7,
        "EBIT": 17,
        "Net Income": -6
    },
    "2012-07-31": {
        "Diluted EPS": 0.36,
        "Total Revenue": NaN,
        "Gross Profit": 478,
        "Operating Income": 39,
        "EBIT": 63,
        "Net Income": 22
    },
    "2012-04-30": {
        "Diluted EPS": 0.63,
        "Total Revenue": NaN,
        "Gross Profit": 512,
        "Operating Income": 69,
        "EBIT": 92,
        "Net Income": 41
    },
    "2012-01-31": {
        "Diluted EPS": 1.72,
        "Total Revenue": NaN,
        "Gross Profit": 664,
        "Operating Income": 189,
        "EBIT": 226,
        "Net Income": 115
    },
    "2011-10-31": {
        "Diluted EPS": 0.06,
        "Total Revenue": NaN,
        "Gross Profit": 444,
        "Operating Income": 9,
        "EBIT": 26,
        "Net Income": 4
    },
    "2011-07-31": {
        "Diluted EPS": 0.5,
        "Total Revenue": NaN,
        "Gross Profit": 461,
        "Operating Income": 60,
        "EBIT": 80,
        "Net Income": 36
    },
    "2011-04-30": {
        "Diluted EPS": 0.7,
        "Total Revenue": NaN,
        "Gross Profit": 494,
        "Operating Income": 86,
        "EBIT": 106,
        "Net Income": 52
    },
    "2011-01-31": {
        "Diluted EPS": 1.44,
        "Total Revenue": NaN,
        "Gross Profit": 620,
        "Operating Income": 177,
        "EBIT": 217,
        "Net Income": 110
    },
    "2010-10-31": {
        "Diluted EPS": 0.23,
        "Total Revenue": NaN,
        "Gross Profit": 428,
        "Operating Income": 27,
        "EBIT": 45,
        "Net Income": 18
    },
    "2010-07-31": {
        "Diluted EPS": 0.48,
        "Total Revenue": NaN,
        "Gross Profit": 462,
        "Operating Income": 63,
        "EBIT": 81,
        "Net Income": 39
    },
    "2010-04-30": {
        "Diluted EPS": 0.68,
        "Total Revenue": NaN,
        "Gross Profit": 502,
        "Operating Income": 90,
        "EBIT": 108,
        "Net Income": 56
    },
    "2010-01-31": {
        "Diluted EPS": 1.27,
        "Total Revenue": NaN,
        "Gross Profit": 605,
        "Operating Income": 169,
        "EBIT": 187,
        "Net Income": 105
    },
    "2009-10-31": {
        "Diluted EPS": 0.37,
        "Total Revenue": NaN,
        "Gross Profit": 418,
        "Operating Income": 48,
        "EBIT": 65,
        "Net Income": 30
    },
    "2009-07-31": {
        "Diluted EPS": 0.34,
        "Total Revenue": NaN,
        "Gross Profit": 434,
        "Operating Income": 48,
        "EBIT": 66,
        "Net Income": 28
    },
    "2009-04-30": {
        "Diluted EPS": 0.44,
        "Total Revenue": NaN,
        "Gross Profit": 462,
        "Operating Income": 60,
        "EBIT": 79,
        "Net Income": 36
    },
    "2009-01-31": {
        "Diluted EPS": 0.96,
        "Total Revenue": NaN,
        "Gross Profit": 553,
        "Operating Income": 133,
        "EBIT": 151,
        "Net Income": 79
    },
    "2023-07-31": {
        "Tax Effect Of Unusual Items": 0.0,
        "Tax Rate For Calcs": 0.21,
        "Normalized EBITDA": -80067000.0,
        "Total Unusual Items": NaN,
        "Total Unusual Items Excluding Goodwill": NaN,
        "Net Income From Continuing Operation Net Minority Interest": -249837000.0,
        "Reconciled Depreciation": 42020000.0,
        "Reconciled Cost Of Revenue": 762739000.0,
        "EBITDA": -80067000.0,
        "EBIT": -122087000.0,
        "Net Interest Income": -11175000.0,
        "Interest Expense": 11175000.0,
        "Normalized Income": -249837000.0,
        "Net Income From Continuing And Discontinued Operation": -249837000.0,
        "Total Expenses": 1261448000.0,
        "Total Operating Income As Reported": -122087000.0,
        "Diluted Average Shares": 29175000.0,
        "Basic Average Shares": 29175000.0,
        "Diluted EPS": -8.56,
        "Basic EPS": -8.56,
        "Diluted NI Availto Com Stockholders": -249837000.0,
        "Net Income Common Stockholders": -249837000.0,
        "Net Income": -249837000.0,
        "Net Income Including Noncontrolling Interests": -249837000.0,
        "Net Income Continuous Operations": -249837000.0,
        "Tax Provision": 116575000.0,
        "Pretax Income": -133262000.0,
        "Other Income Expense": NaN,
        "Other Non Operating Income Expenses": NaN,
        "Gain On Sale Of Security": NaN,
        "Net Non Operating Interest Income Expense": -11175000.0,
        "Interest Expense Non Operating": 11175000.0,
        "Operating Income": -122087000.0,
        "Operating Expense": 497971000.0,
        "Depreciation Amortization Depletion Income Statement": 41282000.0,
        "Depreciation And Amortization In Income Statement": 41282000.0,
        "Depreciation Income Statement": 41282000.0,
        "Selling General And Administration": 456689000.0,
        "Gross Profit": 375884000.0,
        "Cost Of Revenue": 763477000.0,
        "Total Revenue": 1139361000.0,
        "Operating Revenue": 1139361000.0
    },
    "2023-10-31": {
        "Tax Effect Of Unusual Items": 45242899.0,
        "Tax Rate For Calcs": 0.221,
        "Normalized EBITDA": -151373000.0,
        "Total Unusual Items": 204719000.0,
        "Total Unusual Items Excluding Goodwill": 204719000.0,
        "Net Income From Continuing Operation Net Minority Interest": 4743000.0,
        "Reconciled Depreciation": 33664000.0,
        "Reconciled Cost Of Revenue": 652320000.0,
        "EBITDA": 53346000.0,
        "EBIT": 19682000.0,
        "Net Interest Income": -13592000.0,
        "Interest Expense": 13592000.0,
        "Normalized Income": -154733101.0,
        "Net Income From Continuing And Discontinued Operation": 4743000.0,
        "Total Expenses": 1211714000.0,
        "Total Operating Income As Reported": 19682000.0,
        "Diluted Average Shares": 29300000.0,
        "Basic Average Shares": 29204000.0,
        "Diluted EPS": 0.16,
        "Basic EPS": 0.16,
        "Diluted NI Availto Com Stockholders": 4743000.0,
        "Net Income Common Stockholders": 4743000.0,
        "Net Income": 4743000.0,
        "Net Income Including Noncontrolling Interests": 4743000.0,
        "Net Income Continuous Operations": 4743000.0,
        "Tax Provision": 1347000.0,
        "Pretax Income": 6090000.0,
        "Other Income Expense": 204719000.0,
        "Other Non Operating Income Expenses": NaN,
        "Gain On Sale Of Security": 204719000.0,
        "Net Non Operating Interest Income Expense": -13592000.0,
        "Interest Expense Non Operating": 13592000.0,
        "Operating Income": -185037000.0,
        "Operating Expense": 558852000.0,
        "Depreciation Amortization Depletion Income Statement": 33122000.0,
        "Depreciation And Amortization In Income Statement": 33122000.0,
        "Depreciation Income Statement": 33122000.0,
        "Selling General And Administration": 525730000.0,
        "Gross Profit": 373815000.0,
        "Cost Of Revenue": 652862000.0,
        "Total Revenue": 1026677000.0,
        "Operating Revenue": 1026677000.0
    },
    "2024-01-31": {
        "Tax Effect Of Unusual Items": 62147.285702,
        "Tax Rate For Calcs": 0.11279,
        "Normalized EBITDA": 9975000.0,
        "Total Unusual Items": 551000.0,
        "Total Unusual Items Excluding Goodwill": 551000.0,
        "Net Income From Continuing Operation Net Minority Interest": -30709000.0,
        "Reconciled Depreciation": 34297000.0,
        "Reconciled Cost Of Revenue": 887262000.0,
        "EBITDA": 10526000.0,
        "EBIT": -23771000.0,
        "Net Interest Income": -10842000.0,
        "Interest Expense": 10842000.0,
        "Normalized Income": -31197852.714298,
        "Net Income From Continuing And Discontinued Operation": -30709000.0,
        "Total Expenses": 1456808000.0,
        "Total Operating Income As Reported": -23773000.0,
        "Diluted Average Shares": 29217000.0,
        "Basic Average Shares": 29217000.0,
        "Diluted EPS": -1.05,
        "Basic EPS": -1.05,
        "Diluted NI Availto Com Stockholders": -30709000.0,
        "Net Income Common Stockholders": -30709000.0,
        "Net Income": -30709000.0,
        "Net Income Including Noncontrolling Interests": -30709000.0,
        "Net Income Continuous Operations": -30709000.0,
        "Tax Provision": -3904000.0,
        "Pretax Income": -34613000.0,
        "Other Income Expense": 553000.0,
        "Other Non Operating Income Expenses": 2000.0,
        "Gain On Sale Of Security": 551000.0,
        "Net Non Operating Interest Income Expense": -10842000.0,
        "Interest Expense Non Operating": 10842000.0,
        "Operating Income": -24324000.0,
        "Operating Expense": 568767000.0,
        "Depreciation Amortization Depletion Income Statement": 33518000.0,
        "Depreciation And Amortization In Income Statement": 33518000.0,
        "Depreciation Income Statement": 33518000.0,
        "Selling General And Administration": 535249000.0,
        "Gross Profit": 544443000.0,
        "Cost Of Revenue": 888041000.0,
        "Total Revenue": 1432484000.0,
        "Operating Revenue": 1432484000.0
    },
    "2024-04-30": {
        "Tax Effect Of Unusual Items": 0.0,
        "Tax Rate For Calcs": 0.21,
        "Normalized EBITDA": -160431000.0,
        "Total Unusual Items": NaN,
        "Total Unusual Items Excluding Goodwill": NaN,
        "Net Income From Continuing Operation Net Minority Interest": -205035000.0,
        "Reconciled Depreciation": 32424000.0,
        "Reconciled Cost Of Revenue": 636540000.0,
        "EBITDA": -160431000.0,
        "EBIT": -192855000.0,
        "Net Interest Income": -11989000.0,
        "Interest Expense": 11989000.0,
        "Normalized Income": -205035000.0,
        "Net Income From Continuing And Discontinued Operation": -205035000.0,
        "Total Expenses": 1201968000.0,
        "Total Operating Income As Reported": -192856000.0,
        "Diluted Average Shares": 29350000.0,
        "Basic Average Shares": 29350000.0,
        "Diluted EPS": -6.99,
        "Basic EPS": -6.99,
        "Diluted NI Availto Com Stockholders": -205035000.0,
        "Net Income Common Stockholders": -205035000.0,
        "Net Income": -205035000.0,
        "Net Income Including Noncontrolling Interests": -205035000.0,
        "Net Income Continuous Operations": -205035000.0,
        "Tax Provision": 191000.0,
        "Pretax Income": -204844000.0,
        "Other Income Expense": 1000.0,
        "Other Non Operating Income Expenses": 1000.0,
        "Gain On Sale Of Security": NaN,
        "Net Non Operating Interest Income Expense": -11989000.0,
        "Interest Expense Non Operating": 11989000.0,
        "Operating Income": -192856000.0,
        "Operating Expense": 564555000.0,
        "Depreciation Amortization Depletion Income Statement": 31551000.0,
        "Depreciation And Amortization In Income Statement": 31551000.0,
        "Depreciation Income Statement": 31551000.0,
        "Selling General And Administration": 533004000.0,
        "Gross Profit": 371699000.0,
        "Cost Of Revenue": 637413000.0,
        "Total Revenue": 1009112000.0,
        "Operating Revenue": 1009112000.0
    }
}