{
    "2023-03-31": {
        "Tax Effect Of Unusual Items": 0.0,
        "Tax Rate For Calcs": 0.0,
        "Normalized EBITDA": -6484000.0,
        "Total Unusual Items": NaN,
        "Total Unusual Items Excluding Goodwill": NaN,
        "Net Income From Continuing Operation Net Minority Interest": -7144000.0,
        "Reconciled Depreciation": 614000.0,
        "Reconciled Cost Of Revenue": 3028000.0,
        "EBIT": -7098000.0,
        "Net Interest Income": -46000.0,
        "Interest Expense": 46000.0,
        "Normalized Income": -7144000.0,
        "Net Income From Continuing And Discontinued Operation": -7144000.0,
        "Total Expenses": 7771000.0,
        "Total Operating Income As Reported": -7098000.0,
        "Diluted Average Shares": 587355.0,
        "Basic Average Shares": 587355.0,
        "Diluted EPS": -12.3,
        "Basic EPS": -12.3,
        "Diluted NI Availto Com Stockholders": -7144000.0,
        "Net Income Common Stockholders": -7144000.0,
        "Net Income": -7144000.0,
        "Net Income Including Noncontrolling Interests": -7144000.0,
        "Net Income Continuous Operations": -7144000.0,
        "Tax Provision": 0.0,
        "Pretax Income": -7144000.0,
        "Other Income Expense": NaN,
        "Other Non Operating Income Expenses": NaN,
        "Gain On Sale Of Security": NaN,
        "Net Non Operating Interest Income Expense": -46000.0,
        "Interest Expense Non Operating": 46000.0,
        "Operating Income": -7098000.0,
        "Operating Expense": 4743000.0,
        "Research And Development": 1040000.0,
        "Selling General And Administration": 3703000.0,
        "Selling And Marketing Expense": 715000.0,
        "General And Administrative Expense": 2988000.0,
        "Other Gand A": 2988000.0,
        "Gross Profit": -2355000.0,
        "Cost Of Revenue": 3028000.0,
        "Total Revenue": 673000.0,
        "Operating Revenue": 673000.0
    },
    "2022-12-31": {
        "Tax Effect Of Unusual Items": 0.0,
        "Tax Rate For Calcs": 0.006703,
        "Normalized EBITDA": -18162000.0,
        "Total Unusual Items": NaN,
        "Total Unusual Items Excluding Goodwill": NaN,
        "Net Income From Continuing Operation Net Minority Interest": -18522000.0,
        "Reconciled Depreciation": 438000.0,
        "Reconciled Cost Of Revenue": 4307000.0,
        "EBIT": -18600000.0,
        "Net Interest Income": -47000.0,
        "Interest Expense": 47000.0,
        "Normalized Income": -18522000.0,
        "Net Income From Continuing And Discontinued Operation": -18522000.0,
        "Total Expenses": 8318000.0,
        "Total Operating Income As Reported": -18603000.0,
        "Diluted Average Shares": 568769.0,
        "Basic Average Shares": 568769.0,
        "Diluted EPS": -17.1,
        "Basic EPS": -17.1,
        "Diluted NI Availto Com Stockholders": -18522000.0,
        "Net Income Common Stockholders": -18522000.0,
        "Net Income": -18522000.0,
        "Net Income Including Noncontrolling Interests": -18522000.0,
        "Net Income Continuous Operations": -18522000.0,
        "Tax Provision": -125000.0,
        "Pretax Income": -18647000.0,
        "Other Income Expense": 3000.0,
        "Other Non Operating Income Expenses": 3000.0,
        "Gain On Sale Of Security": NaN,
        "Net Non Operating Interest Income Expense": -47000.0,
        "Interest Expense Non Operating": 47000.0,
        "Operating Income": -18603000.0,
        "Operating Expense": 4011000.0,
        "Research And Development": 1216000.0,
        "Selling General And Administration": 2795000.0,
        "Selling And Marketing Expense": 835000.0,
        "General And Administrative Expense": 1960000.0,
        "Other Gand A": 1960000.0,
        "Gross Profit": -14592000.0,
        "Cost Of Revenue": 4307000.0,
        "Total Revenue": -10285000.0,
        "Operating Revenue": -10285000.0
    },
    "2022-09-30": {
        "Tax Effect Of Unusual Items": 0.0,
        "Tax Rate For Calcs": 0.0,
        "Normalized EBITDA": -5086000.0,
        "Total Unusual Items": NaN,
        "Total Unusual Items Excluding Goodwill": NaN,
        "Net Income From Continuing Operation Net Minority Interest": -5545000.0,
        "Reconciled Depreciation": 407000.0,
        "Reconciled Cost Of Revenue": 5776000.0,
        "EBIT": -5493000.0,
        "Net Interest Income": -52000.0,
        "Interest Expense": 52000.0,
        "Normalized Income": -5545000.0,
        "Net Income From Continuing And Discontinued Operation": -5545000.0,
        "Total Expenses": 11164000.0,
        "Total Operating Income As Reported": -5577000.0,
        "Diluted Average Shares": 566601.0,
        "Basic Average Shares": 566601.0,
        "Diluted EPS": -18.0,
        "Basic EPS": -18.0,
        "Diluted NI Availto Com Stockholders": -5545000.0,
        "Net Income Common Stockholders": -5545000.0,
        "Net Income": -5545000.0,
        "Net Income Including Noncontrolling Interests": -5545000.0,
        "Net Income Continuous Operations": -5545000.0,
        "Tax Provision": 0.0,
        "Pretax Income": -5545000.0,
        "Other Income Expense": 84000.0,
        "Other Non Operating Income Expenses": 84000.0,
        "Gain On Sale Of Security": NaN,
        "Net Non Operating Interest Income Expense": -52000.0,
        "Interest Expense Non Operating": 52000.0,
        "Operating Income": -5577000.0,
        "Operating Expense": 5388000.0,
        "Research And Development": 1366000.0,
        "Selling General And Administration": 4022000.0,
        "Selling And Marketing Expense": 975000.0,
        "General And Administrative Expense": 3047000.0,
        "Other Gand A": 3047000.0,
        "Gross Profit": -189000.0,
        "Cost Of Revenue": 5776000.0,
        "Total Revenue": 5587000.0,
        "Operating Revenue": 5587000.0
    },
    "2022-06-30": {
        "Tax Effect Of Unusual Items": 0.0,
        "Tax Rate For Calcs": 0.0,
        "Normalized EBITDA": -5097000.0,
        "Total Unusual Items": NaN,
        "Total Unusual Items Excluding Goodwill": NaN,
        "Net Income From Continuing Operation Net Minority Interest": -5252000.0,
        "Reconciled Depreciation": -9000.0,
        "Reconciled Cost Of Revenue": 8023000.0,
        "EBIT": -5097000.0,
        "Net Interest Income": -155000.0,
        "Interest Expense": 155000.0,
        "Normalized Income": -5252000.0,
        "Net Income From Continuing And Discontinued Operation": -5252000.0,
        "Total Expenses": 15708000.0,
        "Total Operating Income As Reported": -5097000.0,
        "Diluted Average Shares": 563528.0,
        "Basic Average Shares": 563528.0,
        "Diluted EPS": -17.82,
        "Basic EPS": -17.82,
        "Diluted NI Availto Com Stockholders": -5252000.0,
        "Net Income Common Stockholders": -5252000.0,
        "Net Income": -5252000.0,
        "Net Income Including Noncontrolling Interests": -5252000.0,
        "Net Income Continuous Operations": -5252000.0,
        "Tax Provision": 0.0,
        "Pretax Income": -5252000.0,
        "Other Income Expense": NaN,
        "Other Non Operating Income Expenses": NaN,
        "Gain On Sale Of Security": NaN,
        "Net Non Operating Interest Income Expense": -155000.0,
        "Interest Expense Non Operating": 155000.0,
        "Operating Income": -5097000.0,
        "Operating Expense": 7685000.0,
        "Research And Development": 1729000.0,
        "Selling General And Administration": 5956000.0,
        "Selling And Marketing Expense": 1656000.0,
        "General And Administrative Expense": 4300000.0,
        "Other Gand A": 4300000.0,
        "Gross Profit": 2588000.0,
        "Cost Of Revenue": 8023000.0,
        "Total Revenue": 10611000.0,
        "Operating Revenue": 10611000.0
    },
    "2022-03-31": {
        "Diluted EPS": -3.9,
        "Total Revenue": 20,
        "Gross Profit": 10,
        "Operating Income": -2,
        "EBIT": -1,
        "Net Income": -2
    },
    "2021-12-31": {
        "Diluted EPS": -6.01,
        "Total Revenue": 14,
        "Gross Profit": 4,
        "Operating Income": -3,
        "EBIT": -2,
        "Net Income": -3
    },
    "2021-09-30": {
        "Diluted EPS": -1.2,
        "Total Revenue": 17,
        "Gross Profit": 6,
        "Operating Income": -1,
        "EBIT": 0,
        "Net Income": -1
    },
    "2021-06-30": {
        "Diluted EPS": -4.2,
        "Total Revenue": 12,
        "Gross Profit": 5,
        "Operating Income": -2,
        "EBIT": -2,
        "Net Income": -2
    },
    "2021-03-31": {
        "Diluted EPS": 5.71,
        "Total Revenue": 18,
        "Gross Profit": 9,
        "Operating Income": 3,
        "EBIT": 3,
        "Net Income": 3
    },
    "2020-12-31": {
        "Diluted EPS": 13.21,
        "Total Revenue": 19,
        "Gross Profit": 8,
        "Operating Income": 2,
        "EBIT": 2,
        "Net Income": 2
    },
    "2020-09-30": {
        "Diluted EPS": -11.11,
        "Total Revenue": 7,
        "Gross Profit": 1,
        "Operating Income": -5,
        "EBIT": -4,
        "Net Income": -5
    },
    "2020-06-30": {
        "Diluted EPS": -15.32,
        "Total Revenue": 1,
        "Gross Profit": -2,
        "Operating Income": -6,
        "EBIT": -6,
        "Net Income": -6
    },
    "2020-03-31": {
        "Diluted EPS": -31.83,
        "Total Revenue": 1,
        "Gross Profit": -2,
        "Operating Income": -6,
        "EBIT": -6,
        "Net Income": -8
    },
    "2019-12-31": {
        "Diluted EPS": 4.2,
        "Total Revenue": 2,
        "Gross Profit": -1,
        "Operating Income": -6,
        "EBIT": -5,
        "Net Income": -6
    },
    "2019-09-30": {
        "Diluted EPS": -74.17,
        "Total Revenue": 2,
        "Gross Profit": -1,
        "Operating Income": -6,
        "EBIT": -5,
        "Net Income": -6
    },
    "2019-06-30": {
        "Diluted EPS": -114.11,
        "Total Revenue": 1,
        "Gross Profit": -1,
        "Operating Income": -6,
        "EBIT": -6,
        "Net Income": -8
    },
    "2019-03-31": {
        "Diluted EPS": -183.18,
        "Total Revenue": 1,
        "Gross Profit": -2,
        "Operating Income": -6,
        "EBIT": -6,
        "Net Income": -6
    },
    "2018-12-31": {
        "Diluted EPS": -168.17,
        "Total Revenue": 1,
        "Gross Profit": -2,
        "Operating Income": -6,
        "EBIT": -6,
        "Net Income": -6
    },
    "2018-09-30": {
        "Diluted EPS": -726.73,
        "Total Revenue": 1,
        "Gross Profit": -2,
        "Operating Income": -6,
        "EBIT": -6,
        "Net Income": -7
    },
    "2018-06-30": {
        "Diluted EPS": -810.81,
        "Total Revenue": 1,
        "Gross Profit": -2,
        "Operating Income": -6,
        "EBIT": -6,
        "Net Income": -6
    },
    "2018-03-31": {
        "Diluted EPS": NaN,
        "Total Revenue": 1,
        "Gross Profit": -2,
        "Operating Income": -6,
        "EBIT": -6,
        "Net Income": -6
    },
    "2017-12-31": {
        "Diluted EPS": NaN,
        "Total Revenue": 1,
        "Gross Profit": -1,
        "Operating Income": -6,
        "EBIT": -5,
        "Net Income": -6
    },
    "2017-09-30": {
        "Diluted EPS": NaN,
        "Total Revenue": 1,
        "Gross Profit": -1,
        "Operating Income": -6,
        "EBIT": -6,
        "Net Income": -6
    },
    "2017-06-30": {
        "Diluted EPS": NaN,
        "Total Revenue": 1,
        "Gross Profit": -1,
        "Operating Income": -5,
        "EBIT": -5,
        "Net Income": -6
    },
    "2017-03-31": {
        "Diluted EPS": NaN,
        "Total Revenue": 2,
        "Gross Profit": 0,
        "Operating Income": -4,
        "EBIT": -4,
        "Net Income": -4
    },
    "2016-12-31": {
        "Diluted EPS": -90.18,
        "Total Revenue": 1,
        "Gross Profit": -1,
        "Operating Income": -4,
        "EBIT": -4,
        "Net Income": -4
    },
    "2016-09-30": {
        "Diluted EPS": NaN,
        "Total Revenue": 1,
        "Gross Profit": -1,
        "Operating Income": -5,
        "EBIT": -5,
        "Net Income": -5
    },
    "2016-06-30": {
        "Diluted EPS": NaN,
        "Total Revenue": 1,
        "Gross Profit": -1,
        "Operating Income": -5,
        "EBIT": -4,
        "Net Income": -5
    },
    "2016-03-31": {
        "Diluted EPS": NaN,
        "Total Revenue": 0,
        "Gross Profit": -1,
        "Operating Income": -5,
        "EBIT": -5,
        "Net Income": -5
    },
    "2015-12-31": {
        "Diluted EPS": NaN,
        "Total Revenue": 0,
        "Gross Profit": -1,
        "Operating Income": -5,
        "EBIT": -4,
        "Net Income": -5
    },
    "2015-09-30": {
        "Diluted EPS": NaN,
        "Total Revenue": 0,
        "Gross Profit": -1,
        "Operating Income": -4,
        "EBIT": -4,
        "Net Income": -4
    },
    "2015-06-30": {
        "Diluted EPS": NaN,
        "Total Revenue": 0,
        "Gross Profit": -1,
        "Operating Income": -4,
        "EBIT": -4,
        "Net Income": -4
    },
    "2015-03-31": {
        "Diluted EPS": NaN,
        "Total Revenue": 0,
        "Gross Profit": -1,
        "Operating Income": -4,
        "EBIT": -4,
        "Net Income": -4
    },
    "2014-12-31": {
        "Diluted EPS": NaN,
        "Total Revenue": 0,
        "Gross Profit": -1,
        "Operating Income": -4,
        "EBIT": -4,
        "Net Income": -4
    },
    "2014-09-30": {
        "Diluted EPS": NaN,
        "Total Revenue": 0,
        "Gross Profit": -1,
        "Operating Income": -4,
        "EBIT": -4,
        "Net Income": -4
    },
    "2014-06-30": {
        "Diluted EPS": NaN,
        "Total Revenue": 0,
        "Gross Profit": 0,
        "Operating Income": -3,
        "EBIT": -3,
        "Net Income": -3
    },
    "2014-03-31": {
        "Diluted EPS": NaN,
        "Total Revenue": 0,
        "Gross Profit": -1,
        "Operating Income": -4,
        "EBIT": -3,
        "Net Income": -5
    },
    "2013-12-31": {
        "Diluted EPS": NaN,
        "Total Revenue": 0,
        "Gross Profit": 0,
        "Operating Income": 0,
        "EBIT": 0,
        "Net Income": -2
    },
    "2013-09-30": {
        "Diluted EPS": NaN,
        "Total Revenue": 0,
        "Gross Profit": -1,
        "Operating Income": -2,
        "EBIT": -2,
        "Net Income": -3
    },
    "2013-06-30": {
        "Diluted EPS": NaN,
        "Total Revenue": 0,
        "Gross Profit": 0,
        "Operating Income": 0,
        "EBIT": 0,
        "Net Income": -2
    },
    "2013-03-31": {
        "Diluted EPS": NaN,
        "Total Revenue": 0,
        "Gross Profit": 0,
        "Operating Income": 0,
        "EBIT": 0,
        "Net Income": -2
    },
    "2012-12-31": {
        "Diluted EPS": 0.0,
        "Total Revenue": NaN,
        "Gross Profit": NaN,
        "Operating Income": NaN,
        "EBIT": NaN,
        "Net Income": NaN
    },
    "2023-06-30": {
        "Tax Effect Of Unusual Items": 0.0,
        "Tax Rate For Calcs": 0.0,
        "Normalized EBITDA": -5653000.0,
        "Total Unusual Items": 2442000.0,
        "Total Unusual Items Excluding Goodwill": 2442000.0,
        "Net Income From Continuing Operation Net Minority Interest": -3631000.0,
        "Reconciled Depreciation": 370000.0,
        "Reconciled Cost Of Revenue": 2550000.0,
        "EBIT": -3581000.0,
        "Net Interest Income": -50000.0,
        "Interest Expense": 50000.0,
        "Normalized Income": -6073000.0,
        "Net Income From Continuing And Discontinued Operation": -3631000.0,
        "Total Expenses": 6703000.0,
        "Total Operating Income As Reported": -6114000.0,
        "Diluted Average Shares": 1036529.0,
        "Basic Average Shares": 1036529.0,
        "Diluted EPS": -3.5,
        "Basic EPS": -3.5,
        "Diluted NI Availto Com Stockholders": -3631000.0,
        "Net Income Common Stockholders": -3631000.0,
        "Net Income": -3631000.0,
        "Net Income Including Noncontrolling Interests": -3631000.0,
        "Net Income Continuous Operations": -3631000.0,
        "Tax Provision": 0.0,
        "Pretax Income": -3631000.0,
        "Other Income Expense": 2533000.0,
        "Other Non Operating Income Expenses": 91000.0,
        "Gain On Sale Of Security": 2442000.0,
        "Net Non Operating Interest Income Expense": -50000.0,
        "Interest Expense Non Operating": 50000.0,
        "Operating Income": -6114000.0,
        "Operating Expense": 4153000.0,
        "Research And Development": 409000.0,
        "Selling General And Administration": 3744000.0,
        "Selling And Marketing Expense": 250000.0,
        "General And Administrative Expense": 3494000.0,
        "Other Gand A": 3494000.0,
        "Gross Profit": -1961000.0,
        "Cost Of Revenue": 2550000.0,
        "Total Revenue": 589000.0,
        "Operating Revenue": 589000.0
    }
}