{
    "2023-03-31": {
        "Tax Effect Of Unusual Items": NaN,
        "Tax Rate For Calcs": NaN,
        "Normalized EBITDA": NaN,
        "Total Unusual Items": NaN,
        "Total Unusual Items Excluding Goodwill": NaN,
        "Net Income From Continuing Operation Net Minority Interest": NaN,
        "Reconciled Depreciation": NaN,
        "Reconciled Cost Of Revenue": NaN,
        "EBITDA": NaN,
        "EBIT": NaN,
        "Net Interest Income": NaN,
        "Interest Expense": NaN,
        "Normalized Income": NaN,
        "Net Income From Continuing And Discontinued Operation": NaN,
        "Total Expenses": NaN,
        "Diluted Average Shares": 110604400.0,
        "Basic Average Shares": 110604400.0,
        "Diluted EPS": -2.721411,
        "Basic EPS": -2.721411,
        "Diluted NI Availto Com Stockholders": NaN,
        "Net Income Common Stockholders": NaN,
        "Net Income": NaN,
        "Minority Interests": NaN,
        "Net Income Including Noncontrolling Interests": NaN,
        "Net Income Continuous Operations": NaN,
        "Tax Provision": NaN,
        "Pretax Income": NaN,
        "Other Income Expense": NaN,
        "Other Non Operating Income Expenses": NaN,
        "Earnings From Equity Interest": NaN,
        "Gain On Sale Of Security": NaN,
        "Net Non Operating Interest Income Expense": NaN,
        "Interest Expense Non Operating": NaN,
        "Operating Income": NaN,
        "Operating Expense": NaN,
        "Selling General And Administration": NaN,
        "General And Administrative Expense": NaN,
        "Other Gand A": NaN,
        "Gross Profit": NaN,
        "Cost Of Revenue": NaN,
        "Total Revenue": NaN,
        "Operating Revenue": NaN
    },
    "2022-12-31": {
        "Tax Effect Of Unusual Items": NaN,
        "Tax Rate For Calcs": NaN,
        "Normalized EBITDA": NaN,
        "Total Unusual Items": NaN,
        "Total Unusual Items Excluding Goodwill": NaN,
        "Net Income From Continuing Operation Net Minority Interest": NaN,
        "Reconciled Depreciation": NaN,
        "Reconciled Cost Of Revenue": NaN,
        "EBITDA": NaN,
        "EBIT": NaN,
        "Net Interest Income": NaN,
        "Interest Expense": NaN,
        "Normalized Income": NaN,
        "Net Income From Continuing And Discontinued Operation": NaN,
        "Total Expenses": NaN,
        "Diluted Average Shares": 110567671.0,
        "Basic Average Shares": 110567671.0,
        "Diluted EPS": 5.109993,
        "Basic EPS": 5.109993,
        "Diluted NI Availto Com Stockholders": NaN,
        "Net Income Common Stockholders": NaN,
        "Net Income": NaN,
        "Minority Interests": NaN,
        "Net Income Including Noncontrolling Interests": NaN,
        "Net Income Continuous Operations": NaN,
        "Tax Provision": NaN,
        "Pretax Income": NaN,
        "Other Income Expense": NaN,
        "Other Non Operating Income Expenses": NaN,
        "Earnings From Equity Interest": NaN,
        "Gain On Sale Of Security": NaN,
        "Net Non Operating Interest Income Expense": NaN,
        "Interest Expense Non Operating": NaN,
        "Operating Income": NaN,
        "Operating Expense": NaN,
        "Selling General And Administration": NaN,
        "General And Administrative Expense": NaN,
        "Other Gand A": NaN,
        "Gross Profit": NaN,
        "Cost Of Revenue": NaN,
        "Total Revenue": NaN,
        "Operating Revenue": NaN
    },
    "2022-09-30": {
        "Tax Effect Of Unusual Items": -7771144.278607,
        "Tax Rate For Calcs": 0.176617,
        "Normalized EBITDA": 644000000.0,
        "Total Unusual Items": -44000000.0,
        "Total Unusual Items Excluding Goodwill": -44000000.0,
        "Net Income From Continuing Operation Net Minority Interest": 229000000.0,
        "Reconciled Depreciation": 51000000.0,
        "Reconciled Cost Of Revenue": 121000000.0,
        "EBITDA": 600000000.0,
        "EBIT": 549000000.0,
        "Net Interest Income": -147000000.0,
        "Interest Expense": 147000000.0,
        "Normalized Income": 265228855.721393,
        "Net Income From Continuing And Discontinued Operation": 229000000.0,
        "Total Expenses": 138000000.0,
        "Diluted Average Shares": 110513085.0,
        "Basic Average Shares": 110513085.0,
        "Diluted EPS": 2.072153,
        "Basic EPS": 2.072153,
        "Diluted NI Availto Com Stockholders": 229000000.0,
        "Net Income Common Stockholders": 229000000.0,
        "Net Income": 229000000.0,
        "Minority Interests": -102000000.0,
        "Net Income Including Noncontrolling Interests": 331000000.0,
        "Net Income Continuous Operations": 331000000.0,
        "Tax Provision": 71000000.0,
        "Pretax Income": 402000000.0,
        "Other Income Expense": 233000000.0,
        "Other Non Operating Income Expenses": 269000000.0,
        "Earnings From Equity Interest": 8000000.0,
        "Gain On Sale Of Security": -44000000.0,
        "Net Non Operating Interest Income Expense": -147000000.0,
        "Interest Expense Non Operating": 147000000.0,
        "Operating Income": 316000000.0,
        "Operating Expense": 17000000.0,
        "Selling General And Administration": 17000000.0,
        "General And Administrative Expense": 17000000.0,
        "Other Gand A": 17000000.0,
        "Gross Profit": 333000000.0,
        "Cost Of Revenue": 121000000.0,
        "Total Revenue": 454000000.0,
        "Operating Revenue": 448000000.0
    },
    "2022-06-30": {
        "Tax Effect Of Unusual Items": -2000000.0,
        "Tax Rate For Calcs": 0.4,
        "Normalized EBITDA": 1043000000.0,
        "Total Unusual Items": -5000000.0,
        "Total Unusual Items Excluding Goodwill": -5000000.0,
        "Net Income From Continuing Operation Net Minority Interest": 673000000.0,
        "Reconciled Depreciation": 54000000.0,
        "Reconciled Cost Of Revenue": 131000000.0,
        "EBITDA": 1038000000.0,
        "EBIT": 984000000.0,
        "Net Interest Income": -143000000.0,
        "Interest Expense": 143000000.0,
        "Normalized Income": 676000000.0,
        "Net Income From Continuing And Discontinued Operation": 673000000.0,
        "Total Expenses": 148000000.0,
        "Diluted Average Shares": 110468803.0,
        "Basic Average Shares": 110468803.0,
        "Diluted EPS": 6.092218,
        "Basic EPS": 6.092218,
        "Diluted NI Availto Com Stockholders": 673000000.0,
        "Net Income Common Stockholders": 673000000.0,
        "Net Income": 673000000.0,
        "Minority Interests": -169000000.0,
        "Net Income Including Noncontrolling Interests": 842000000.0,
        "Net Income Continuous Operations": 842000000.0,
        "Tax Provision": -1000000.0,
        "Pretax Income": 841000000.0,
        "Other Income Expense": 653000000.0,
        "Other Non Operating Income Expenses": 656000000.0,
        "Earnings From Equity Interest": 2000000.0,
        "Gain On Sale Of Security": -5000000.0,
        "Net Non Operating Interest Income Expense": -143000000.0,
        "Interest Expense Non Operating": 143000000.0,
        "Operating Income": 331000000.0,
        "Operating Expense": 17000000.0,
        "Selling General And Administration": 17000000.0,
        "General And Administrative Expense": 17000000.0,
        "Other Gand A": 17000000.0,
        "Gross Profit": 348000000.0,
        "Cost Of Revenue": 131000000.0,
        "Total Revenue": 479000000.0,
        "Operating Revenue": 474000000.0
    },
    "2023-06-30": {
        "Tax Effect Of Unusual Items": 4080000.0,
        "Tax Rate For Calcs": 0.34,
        "Normalized EBITDA": 147000000.0,
        "Total Unusual Items": 12000000.0,
        "Total Unusual Items Excluding Goodwill": 12000000.0,
        "Net Income From Continuing Operation Net Minority Interest": -274000000.0,
        "Reconciled Depreciation": 57000000.0,
        "Reconciled Cost Of Revenue": 149000000.0,
        "EBITDA": 159000000.0,
        "EBIT": 102000000.0,
        "Net Interest Income": -161000000.0,
        "Interest Expense": 161000000.0,
        "Normalized Income": -281920000.0,
        "Net Income From Continuing And Discontinued Operation": -274000000.0,
        "Total Expenses": 166000000.0,
        "Diluted Average Shares": 110683830.0,
        "Basic Average Shares": 110683830.0,
        "Diluted EPS": -2.47552,
        "Basic EPS": -2.47552,
        "Diluted NI Availto Com Stockholders": -274000000.0,
        "Net Income Common Stockholders": -274000000.0,
        "Net Income": -274000000.0,
        "Minority Interests": -120000000.0,
        "Net Income Including Noncontrolling Interests": -154000000.0,
        "Net Income Continuous Operations": -154000000.0,
        "Tax Provision": 95000000.0,
        "Pretax Income": -59000000.0,
        "Other Income Expense": -270000000.0,
        "Other Non Operating Income Expenses": -285000000.0,
        "Earnings From Equity Interest": 3000000.0,
        "Gain On Sale Of Security": 12000000.0,
        "Net Non Operating Interest Income Expense": -161000000.0,
        "Interest Expense Non Operating": 161000000.0,
        "Operating Income": 372000000.0,
        "Operating Expense": 17000000.0,
        "Selling General And Administration": 17000000.0,
        "General And Administrative Expense": 17000000.0,
        "Other Gand A": 17000000.0,
        "Gross Profit": 389000000.0,
        "Cost Of Revenue": 149000000.0,
        "Total Revenue": 538000000.0,
        "Operating Revenue": 528000000.0
    },
    "2023-09-30": {
        "Tax Effect Of Unusual Items": -1204710.144928,
        "Tax Rate For Calcs": 0.086051,
        "Normalized EBITDA": 1339000000.0,
        "Total Unusual Items": -14000000.0,
        "Total Unusual Items Excluding Goodwill": -14000000.0,
        "Net Income From Continuing Operation Net Minority Interest": 913000000.0,
        "Reconciled Depreciation": 59000000.0,
        "Reconciled Cost Of Revenue": 146000000.0,
        "EBITDA": 1325000000.0,
        "EBIT": 1266000000.0,
        "Net Interest Income": -162000000.0,
        "Interest Expense": 162000000.0,
        "Normalized Income": 925795289.855072,
        "Net Income From Continuing And Discontinued Operation": 913000000.0,
        "Total Expenses": 162000000.0,
        "Diluted Average Shares": 131799687.0,
        "Basic Average Shares": 131799687.0,
        "Diluted EPS": 6.927179,
        "Basic EPS": 6.927179,
        "Diluted NI Availto Com Stockholders": 913000000.0,
        "Net Income Common Stockholders": 913000000.0,
        "Net Income": 913000000.0,
        "Minority Interests": -96000000.0,
        "Net Income Including Noncontrolling Interests": 1009000000.0,
        "Net Income Continuous Operations": 1009000000.0,
        "Tax Provision": 95000000.0,
        "Pretax Income": 1104000000.0,
        "Other Income Expense": 877000000.0,
        "Other Non Operating Income Expenses": 915000000.0,
        "Earnings From Equity Interest": -24000000.0,
        "Gain On Sale Of Security": -14000000.0,
        "Net Non Operating Interest Income Expense": -162000000.0,
        "Interest Expense Non Operating": 162000000.0,
        "Operating Income": 389000000.0,
        "Operating Expense": 16000000.0,
        "Selling General And Administration": 16000000.0,
        "General And Administrative Expense": 16000000.0,
        "Other Gand A": 16000000.0,
        "Gross Profit": 405000000.0,
        "Cost Of Revenue": 146000000.0,
        "Total Revenue": 551000000.0,
        "Operating Revenue": 543000000.0
    },
    "2023-12-31": {
        "Tax Effect Of Unusual Items": 8500000.0,
        "Tax Rate For Calcs": 0.34,
        "Normalized EBITDA": 434000000.0,
        "Total Unusual Items": 25000000.0,
        "Total Unusual Items Excluding Goodwill": 25000000.0,
        "Net Income From Continuing Operation Net Minority Interest": -227000000.0,
        "Reconciled Depreciation": 194000000.0,
        "Reconciled Cost Of Revenue": 336000000.0,
        "EBITDA": 459000000.0,
        "EBIT": 265000000.0,
        "Net Interest Income": -221000000.0,
        "Interest Expense": 221000000.0,
        "Normalized Income": -243500000.0,
        "Net Income From Continuing And Discontinued Operation": -227000000.0,
        "Total Expenses": 354000000.0,
        "Diluted Average Shares": NaN,
        "Basic Average Shares": NaN,
        "Diluted EPS": NaN,
        "Basic EPS": NaN,
        "Diluted NI Availto Com Stockholders": -227000000.0,
        "Net Income Common Stockholders": -227000000.0,
        "Net Income": -227000000.0,
        "Minority Interests": -173000000.0,
        "Net Income Including Noncontrolling Interests": -54000000.0,
        "Net Income Continuous Operations": -54000000.0,
        "Tax Provision": 98000000.0,
        "Pretax Income": 44000000.0,
        "Other Income Expense": -298000000.0,
        "Other Non Operating Income Expenses": -323000000.0,
        "Earnings From Equity Interest": 0.0,
        "Gain On Sale Of Security": 25000000.0,
        "Net Non Operating Interest Income Expense": -221000000.0,
        "Interest Expense Non Operating": 221000000.0,
        "Operating Income": 563000000.0,
        "Operating Expense": 18000000.0,
        "Selling General And Administration": 18000000.0,
        "General And Administrative Expense": 18000000.0,
        "Other Gand A": 18000000.0,
        "Gross Profit": 581000000.0,
        "Cost Of Revenue": 336000000.0,
        "Total Revenue": 917000000.0,
        "Operating Revenue": 912000000.0
    },
    "2024-03-31": {
        "Tax Effect Of Unusual Items": -15719594.594595,
        "Tax Rate For Calcs": 0.334459,
        "Normalized EBITDA": 1518000000.0,
        "Total Unusual Items": -47000000.0,
        "Total Unusual Items Excluding Goodwill": -47000000.0,
        "Net Income From Continuing Operation Net Minority Interest": 28000000.0,
        "Reconciled Depreciation": 936000000.0,
        "Reconciled Cost Of Revenue": 339000000.0,
        "EBITDA": 1471000000.0,
        "EBIT": 535000000.0,
        "Net Interest Income": -239000000.0,
        "Interest Expense": 239000000.0,
        "Normalized Income": 59280405.405405,
        "Net Income From Continuing And Discontinued Operation": 28000000.0,
        "Total Expenses": 357000000.0,
        "Diluted Average Shares": 131909617.0,
        "Basic Average Shares": 131909617.0,
        "Diluted EPS": 0.212267,
        "Basic EPS": 0.212267,
        "Diluted NI Availto Com Stockholders": 28000000.0,
        "Net Income Common Stockholders": 28000000.0,
        "Net Income": 28000000.0,
        "Minority Interests": -169000000.0,
        "Net Income Including Noncontrolling Interests": 197000000.0,
        "Net Income Continuous Operations": 197000000.0,
        "Tax Provision": 99000000.0,
        "Pretax Income": 296000000.0,
        "Other Income Expense": -10000000.0,
        "Other Non Operating Income Expenses": 37000000.0,
        "Earnings From Equity Interest": 0.0,
        "Gain On Sale Of Security": -47000000.0,
        "Net Non Operating Interest Income Expense": -239000000.0,
        "Interest Expense Non Operating": 239000000.0,
        "Operating Income": 545000000.0,
        "Operating Expense": 18000000.0,
        "Selling General And Administration": 18000000.0,
        "General And Administrative Expense": 18000000.0,
        "Other Gand A": 18000000.0,
        "Gross Profit": 563000000.0,
        "Cost Of Revenue": 339000000.0,
        "Total Revenue": 902000000.0,
        "Operating Revenue": 902000000.0
    },
    "2024-06-30": {
        "Tax Effect Of Unusual Items": -7871967.654987,
        "Tax Rate For Calcs": 0.133423,
        "Normalized EBITDA": 1251000000.0,
        "Total Unusual Items": -59000000.0,
        "Total Unusual Items Excluding Goodwill": -59000000.0,
        "Net Income From Continuing Operation Net Minority Interest": 491000000.0,
        "Reconciled Depreciation": 191000000.0,
        "Reconciled Cost Of Revenue": 329000000.0,
        "EBITDA": 1192000000.0,
        "EBIT": 1001000000.0,
        "Net Interest Income": -259000000.0,
        "Interest Expense": 259000000.0,
        "Normalized Income": 542128032.345013,
        "Net Income From Continuing And Discontinued Operation": 491000000.0,
        "Total Expenses": 346000000.0,
        "Diluted Average Shares": 131915764.0,
        "Basic Average Shares": 131915764.0,
        "Diluted EPS": 3.722072,
        "Basic EPS": 3.722072,
        "Diluted NI Availto Com Stockholders": 491000000.0,
        "Net Income Common Stockholders": 491000000.0,
        "Net Income": 491000000.0,
        "Minority Interests": -152000000.0,
        "Net Income Including Noncontrolling Interests": 643000000.0,
        "Net Income Continuous Operations": 643000000.0,
        "Tax Provision": 99000000.0,
        "Pretax Income": 742000000.0,
        "Other Income Expense": 439000000.0,
        "Other Non Operating Income Expenses": 498000000.0,
        "Earnings From Equity Interest": 0.0,
        "Gain On Sale Of Security": -59000000.0,
        "Net Non Operating Interest Income Expense": -259000000.0,
        "Interest Expense Non Operating": 259000000.0,
        "Operating Income": 562000000.0,
        "Operating Expense": 17000000.0,
        "Selling General And Administration": 17000000.0,
        "General And Administrative Expense": 17000000.0,
        "Other Gand A": 17000000.0,
        "Gross Profit": 579000000.0,
        "Cost Of Revenue": 329000000.0,
        "Total Revenue": 908000000.0,
        "Operating Revenue": 908000000.0
    }
}