{
    "2023-03-31": {
        "Tax Effect Of Unusual Items": NaN,
        "Tax Rate For Calcs": NaN,
        "Normalized EBITDA": NaN,
        "Total Unusual Items": NaN,
        "Total Unusual Items Excluding Goodwill": NaN,
        "Net Income From Continuing Operation Net Minority Interest": NaN,
        "Reconciled Depreciation": NaN,
        "Reconciled Cost Of Revenue": NaN,
        "EBITDA": NaN,
        "EBIT": NaN,
        "Net Interest Income": NaN,
        "Interest Expense": NaN,
        "Normalized Income": NaN,
        "Net Income From Continuing And Discontinued Operation": NaN,
        "Total Expenses": NaN,
        "Total Operating Income As Reported": NaN,
        "Diluted Average Shares": 127344.0,
        "Basic Average Shares": 127344.0,
        "Diluted EPS": -19.92,
        "Basic EPS": -19.92,
        "Diluted NI Availto Com Stockholders": NaN,
        "Net Income Common Stockholders": NaN,
        "Net Income": NaN,
        "Net Income Including Noncontrolling Interests": NaN,
        "Net Income Continuous Operations": NaN,
        "Pretax Income": NaN,
        "Other Income Expense": NaN,
        "Other Non Operating Income Expenses": NaN,
        "Special Income Charges": NaN,
        "Impairment Of Capital Assets": NaN,
        "Net Non Operating Interest Income Expense": NaN,
        "Interest Expense Non Operating": NaN,
        "Operating Income": NaN,
        "Operating Expense": NaN,
        "Research And Development": NaN,
        "Selling General And Administration": NaN,
        "Selling And Marketing Expense": NaN,
        "General And Administrative Expense": NaN,
        "Other Gand A": NaN,
        "Gross Profit": NaN,
        "Cost Of Revenue": NaN,
        "Total Revenue": NaN,
        "Operating Revenue": NaN
    },
    "2022-12-31": {
        "Tax Effect Of Unusual Items": NaN,
        "Tax Rate For Calcs": NaN,
        "Normalized EBITDA": NaN,
        "Total Unusual Items": -27192.0,
        "Total Unusual Items Excluding Goodwill": -27192.0,
        "Net Income From Continuing Operation Net Minority Interest": NaN,
        "Reconciled Depreciation": NaN,
        "Reconciled Cost Of Revenue": 0.0,
        "EBITDA": NaN,
        "EBIT": NaN,
        "Net Interest Income": 0.0,
        "Interest Expense": NaN,
        "Normalized Income": NaN,
        "Net Income From Continuing And Discontinued Operation": NaN,
        "Total Expenses": NaN,
        "Total Operating Income As Reported": NaN,
        "Diluted Average Shares": NaN,
        "Basic Average Shares": NaN,
        "Diluted EPS": NaN,
        "Basic EPS": NaN,
        "Diluted NI Availto Com Stockholders": NaN,
        "Net Income Common Stockholders": NaN,
        "Net Income": NaN,
        "Net Income Including Noncontrolling Interests": NaN,
        "Net Income Continuous Operations": NaN,
        "Pretax Income": NaN,
        "Other Income Expense": NaN,
        "Other Non Operating Income Expenses": NaN,
        "Special Income Charges": -27192.0,
        "Impairment Of Capital Assets": 27192.0,
        "Net Non Operating Interest Income Expense": 0.0,
        "Interest Expense Non Operating": NaN,
        "Operating Income": NaN,
        "Operating Expense": NaN,
        "Research And Development": NaN,
        "Selling General And Administration": NaN,
        "Selling And Marketing Expense": NaN,
        "General And Administrative Expense": NaN,
        "Other Gand A": NaN,
        "Gross Profit": 0.0,
        "Cost Of Revenue": 0.0,
        "Total Revenue": NaN,
        "Operating Revenue": NaN
    },
    "2022-09-30": {
        "Tax Effect Of Unusual Items": NaN,
        "Tax Rate For Calcs": NaN,
        "Normalized EBITDA": NaN,
        "Total Unusual Items": -210117.0,
        "Total Unusual Items Excluding Goodwill": -210117.0,
        "Net Income From Continuing Operation Net Minority Interest": NaN,
        "Reconciled Depreciation": NaN,
        "Reconciled Cost Of Revenue": 0.0,
        "EBITDA": NaN,
        "EBIT": NaN,
        "Net Interest Income": 0.0,
        "Normalized Income": NaN,
        "Net Income From Continuing And Discontinued Operation": NaN,
        "Total Expenses": NaN,
        "Total Operating Income As Reported": NaN,
        "Diluted Average Shares": 1007617.0,
        "Basic Average Shares": 1007617.0,
        "Diluted EPS": -2.94,
        "Basic EPS": -2.94,
        "Diluted NI Availto Com Stockholders": NaN,
        "Net Income Common Stockholders": NaN,
        "Net Income": NaN,
        "Net Income Including Noncontrolling Interests": NaN,
        "Net Income Continuous Operations": NaN,
        "Pretax Income": NaN,
        "Other Income Expense": NaN,
        "Other Non Operating Income Expenses": NaN,
        "Special Income Charges": -210117.0,
        "Impairment Of Capital Assets": 210117.0,
        "Net Non Operating Interest Income Expense": 0.0,
        "Operating Income": NaN,
        "Operating Expense": NaN,
        "Research And Development": NaN,
        "Selling General And Administration": NaN,
        "Selling And Marketing Expense": NaN,
        "General And Administrative Expense": NaN,
        "Other Gand A": NaN,
        "Gross Profit": 0.0,
        "Cost Of Revenue": 0.0,
        "Total Revenue": NaN,
        "Operating Revenue": NaN
    },
    "2022-06-30": {
        "Tax Effect Of Unusual Items": 0.0,
        "Tax Rate For Calcs": 0.0,
        "Normalized EBITDA": -1937402.0,
        "Total Unusual Items": NaN,
        "Total Unusual Items Excluding Goodwill": NaN,
        "Net Income From Continuing Operation Net Minority Interest": -1937402.0,
        "Reconciled Depreciation": 82555.0,
        "Reconciled Cost Of Revenue": 200129.0,
        "EBITDA": -1937402.0,
        "EBIT": -1937402.0,
        "Net Interest Income": 0.0,
        "Interest Expense": 0.0,
        "Normalized Income": -1937402.0,
        "Net Income From Continuing And Discontinued Operation": -1937402.0,
        "Total Expenses": 2234765.0,
        "Total Operating Income As Reported": -1985725.0,
        "Diluted Average Shares": 1007115.0,
        "Basic Average Shares": 1007115.0,
        "Diluted EPS": -2.0,
        "Basic EPS": -2.0,
        "Diluted NI Availto Com Stockholders": -1937402.0,
        "Net Income Common Stockholders": -1937402.0,
        "Net Income": -1937402.0,
        "Net Income Including Noncontrolling Interests": -1937402.0,
        "Net Income Continuous Operations": -1937402.0,
        "Pretax Income": -1937402.0,
        "Other Income Expense": 48323.0,
        "Other Non Operating Income Expenses": 48323.0,
        "Special Income Charges": NaN,
        "Impairment Of Capital Assets": NaN,
        "Net Non Operating Interest Income Expense": 0.0,
        "Interest Expense Non Operating": 0.0,
        "Operating Income": -1985725.0,
        "Operating Expense": 2034636.0,
        "Research And Development": 756283.0,
        "Selling General And Administration": 1278353.0,
        "Selling And Marketing Expense": 81357.0,
        "General And Administrative Expense": 1196996.0,
        "Other Gand A": 1196996.0,
        "Gross Profit": 48911.0,
        "Cost Of Revenue": 200129.0,
        "Total Revenue": 249040.0,
        "Operating Revenue": 249040.0
    },
    "2022-03-31": {
        "Diluted EPS": -0.1,
        "Total Revenue": NaN,
        "Gross Profit": NaN,
        "Operating Income": -2,
        "EBIT": -2,
        "Net Income": -2
    },
    "2021-12-31": {
        "Diluted EPS": -0.09,
        "Total Revenue": NaN,
        "Gross Profit": NaN,
        "Operating Income": -1,
        "EBIT": -1,
        "Net Income": -1
    },
    "2021-09-30": {
        "Diluted EPS": -0.11,
        "Total Revenue": NaN,
        "Gross Profit": NaN,
        "Operating Income": -1,
        "EBIT": -1,
        "Net Income": -1
    },
    "2021-06-30": {
        "Diluted EPS": -0.15,
        "Total Revenue": NaN,
        "Gross Profit": NaN,
        "Operating Income": -1,
        "EBIT": -1,
        "Net Income": -1
    },
    "2021-03-31": {
        "Diluted EPS": -0.06,
        "Total Revenue": NaN,
        "Gross Profit": NaN,
        "Operating Income": 0,
        "EBIT": 0,
        "Net Income": 0
    },
    "2020-12-31": {
        "Diluted EPS": 0.0,
        "Total Revenue": NaN,
        "Gross Profit": NaN,
        "Operating Income": NaN,
        "EBIT": NaN,
        "Net Income": NaN
    },
    "2020-09-30": {
        "Diluted EPS": -0.04,
        "Total Revenue": NaN,
        "Gross Profit": NaN,
        "Operating Income": 0,
        "EBIT": 0,
        "Net Income": 0
    },
    "2019-12-31": {
        "Diluted EPS": 0.0,
        "Total Revenue": NaN,
        "Gross Profit": NaN,
        "Operating Income": NaN,
        "EBIT": NaN,
        "Net Income": NaN
    },
    "2023-06-30": {
        "Tax Effect Of Unusual Items": 0.0,
        "Tax Rate For Calcs": 0.0,
        "Normalized EBITDA": -2519467.0,
        "Total Unusual Items": NaN,
        "Total Unusual Items Excluding Goodwill": NaN,
        "Net Income From Continuing Operation Net Minority Interest": -2813305.0,
        "Reconciled Depreciation": 293502.0,
        "Reconciled Cost Of Revenue": 0.0,
        "EBITDA": -2519467.0,
        "EBIT": -2812969.0,
        "Net Interest Income": -336.0,
        "Interest Expense": 336.0,
        "Normalized Income": -2813305.0,
        "Net Income From Continuing And Discontinued Operation": -2813305.0,
        "Total Expenses": 2903688.0,
        "Total Operating Income As Reported": -2903688.0,
        "Diluted Average Shares": 127881.0,
        "Basic Average Shares": 127881.0,
        "Diluted EPS": -22.0,
        "Basic EPS": -22.0,
        "Diluted NI Availto Com Stockholders": -2813305.0,
        "Net Income Common Stockholders": -2813305.0,
        "Net Income": -2813305.0,
        "Net Income Including Noncontrolling Interests": -2813305.0,
        "Net Income Continuous Operations": -2813305.0,
        "Pretax Income": -2813305.0,
        "Other Income Expense": 90719.0,
        "Other Non Operating Income Expenses": 90719.0,
        "Special Income Charges": NaN,
        "Impairment Of Capital Assets": NaN,
        "Net Non Operating Interest Income Expense": -336.0,
        "Interest Expense Non Operating": 336.0,
        "Operating Income": -2903688.0,
        "Operating Expense": 2903688.0,
        "Research And Development": 1676256.0,
        "Selling General And Administration": 1227432.0,
        "Selling And Marketing Expense": 154329.0,
        "General And Administrative Expense": 1073103.0,
        "Other Gand A": 1073103.0,
        "Gross Profit": 0.0,
        "Cost Of Revenue": 0.0,
        "Total Revenue": 0.0,
        "Operating Revenue": 0.0
    },
    "2023-09-30": {
        "Tax Effect Of Unusual Items": 0.0,
        "Tax Rate For Calcs": 0.0,
        "Normalized EBITDA": -2070448.0,
        "Total Unusual Items": 0.0,
        "Total Unusual Items Excluding Goodwill": 0.0,
        "Net Income From Continuing Operation Net Minority Interest": -2297998.0,
        "Reconciled Depreciation": 270785.0,
        "Reconciled Cost Of Revenue": 0.0,
        "EBITDA": -2070448.0,
        "EBIT": -2341233.0,
        "Net Interest Income": NaN,
        "Interest Expense": NaN,
        "Normalized Income": -2297998.0,
        "Net Income From Continuing And Discontinued Operation": -2297998.0,
        "Total Expenses": 2341233.0,
        "Total Operating Income As Reported": -2341233.0,
        "Diluted Average Shares": 137870.0,
        "Basic Average Shares": 137870.0,
        "Diluted EPS": -16.64,
        "Basic EPS": -16.64,
        "Diluted NI Availto Com Stockholders": -2297998.0,
        "Net Income Common Stockholders": -2297998.0,
        "Net Income": -2297998.0,
        "Net Income Including Noncontrolling Interests": -2297998.0,
        "Net Income Continuous Operations": -2297998.0,
        "Pretax Income": -2297998.0,
        "Other Income Expense": 43235.0,
        "Other Non Operating Income Expenses": 43235.0,
        "Special Income Charges": 0.0,
        "Impairment Of Capital Assets": 0.0,
        "Net Non Operating Interest Income Expense": NaN,
        "Interest Expense Non Operating": NaN,
        "Operating Income": -2341233.0,
        "Operating Expense": 2341233.0,
        "Research And Development": 1397318.0,
        "Selling General And Administration": 943915.0,
        "Selling And Marketing Expense": -19619.0,
        "General And Administrative Expense": 963534.0,
        "Other Gand A": 963534.0,
        "Gross Profit": 0.0,
        "Cost Of Revenue": 0.0,
        "Total Revenue": 0.0,
        "Operating Revenue": 0.0
    },
    "2023-12-31": {
        "Tax Effect Of Unusual Items": 0.0,
        "Tax Rate For Calcs": 0.0,
        "Normalized EBITDA": -2330401.0,
        "Total Unusual Items": 0.0,
        "Total Unusual Items Excluding Goodwill": 0.0,
        "Net Income From Continuing Operation Net Minority Interest": -2302742.0,
        "Reconciled Depreciation": 56323.0,
        "Reconciled Cost Of Revenue": 0.0,
        "EBITDA": -2330401.0,
        "EBIT": -2386724.0,
        "Net Interest Income": NaN,
        "Interest Expense": NaN,
        "Normalized Income": -2302742.0,
        "Net Income From Continuing And Discontinued Operation": -2302742.0,
        "Total Expenses": 2386724.0,
        "Total Operating Income As Reported": -2386724.0,
        "Diluted Average Shares": NaN,
        "Basic Average Shares": NaN,
        "Diluted EPS": NaN,
        "Basic EPS": NaN,
        "Diluted NI Availto Com Stockholders": -2302742.0,
        "Net Income Common Stockholders": -2302742.0,
        "Net Income": -2302742.0,
        "Net Income Including Noncontrolling Interests": -2302742.0,
        "Net Income Continuous Operations": -2302742.0,
        "Pretax Income": -2302742.0,
        "Other Income Expense": -80918.0,
        "Other Non Operating Income Expenses": -80918.0,
        "Special Income Charges": 0.0,
        "Impairment Of Capital Assets": 0.0,
        "Net Non Operating Interest Income Expense": NaN,
        "Interest Expense Non Operating": NaN,
        "Operating Income": -2386724.0,
        "Operating Expense": 2386724.0,
        "Research And Development": 1286451.0,
        "Selling General And Administration": 1100273.0,
        "Selling And Marketing Expense": 687.0,
        "General And Administrative Expense": 1099586.0,
        "Other Gand A": 1099586.0,
        "Gross Profit": 0.0,
        "Cost Of Revenue": 0.0,
        "Total Revenue": 0.0,
        "Operating Revenue": 0.0
    },
    "2024-03-31": {
        "Tax Effect Of Unusual Items": 0.0,
        "Tax Rate For Calcs": 0.0,
        "Normalized EBITDA": -2373779.0,
        "Total Unusual Items": NaN,
        "Total Unusual Items Excluding Goodwill": NaN,
        "Net Income From Continuing Operation Net Minority Interest": -2328465.0,
        "Reconciled Depreciation": 54326.0,
        "Reconciled Cost Of Revenue": NaN,
        "EBITDA": -2373779.0,
        "EBIT": -2428105.0,
        "Net Interest Income": NaN,
        "Interest Expense": NaN,
        "Normalized Income": -2328465.0,
        "Net Income From Continuing And Discontinued Operation": -2328465.0,
        "Total Expenses": 2428105.0,
        "Total Operating Income As Reported": -2428105.0,
        "Diluted Average Shares": 294922.0,
        "Basic Average Shares": 294922.0,
        "Diluted EPS": -7.92,
        "Basic EPS": -7.92,
        "Diluted NI Availto Com Stockholders": -2328465.0,
        "Net Income Common Stockholders": -2328465.0,
        "Net Income": -2328465.0,
        "Net Income Including Noncontrolling Interests": -2328465.0,
        "Net Income Continuous Operations": -2328465.0,
        "Pretax Income": -2328465.0,
        "Other Income Expense": 99640.0,
        "Other Non Operating Income Expenses": 99640.0,
        "Special Income Charges": NaN,
        "Impairment Of Capital Assets": NaN,
        "Net Non Operating Interest Income Expense": NaN,
        "Interest Expense Non Operating": NaN,
        "Operating Income": -2428105.0,
        "Operating Expense": 2428105.0,
        "Research And Development": 1334797.0,
        "Selling General And Administration": 1093308.0,
        "Selling And Marketing Expense": 6424.0,
        "General And Administrative Expense": 1086884.0,
        "Other Gand A": 1086884.0,
        "Gross Profit": NaN,
        "Cost Of Revenue": NaN,
        "Total Revenue": 0.0,
        "Operating Revenue": 0.0
    },
    "2024-06-30": {
        "Tax Effect Of Unusual Items": 0.0,
        "Tax Rate For Calcs": 0.0,
        "Normalized EBITDA": -1795192.0,
        "Total Unusual Items": NaN,
        "Total Unusual Items Excluding Goodwill": NaN,
        "Net Income From Continuing Operation Net Minority Interest": -2475380.0,
        "Reconciled Depreciation": 53717.0,
        "Reconciled Cost Of Revenue": NaN,
        "EBITDA": -1795192.0,
        "EBIT": -1848909.0,
        "Net Interest Income": -626471.0,
        "Interest Expense": 626471.0,
        "Normalized Income": -2475380.0,
        "Net Income From Continuing And Discontinued Operation": -2475380.0,
        "Total Expenses": 1895261.0,
        "Total Operating Income As Reported": -1895261.0,
        "Diluted Average Shares": 483164.0,
        "Basic Average Shares": 483164.0,
        "Diluted EPS": -5.12,
        "Basic EPS": -5.12,
        "Diluted NI Availto Com Stockholders": -2475380.0,
        "Net Income Common Stockholders": -2475380.0,
        "Net Income": -2475380.0,
        "Net Income Including Noncontrolling Interests": -2475380.0,
        "Net Income Continuous Operations": -2475380.0,
        "Pretax Income": -2475380.0,
        "Other Income Expense": 46352.0,
        "Other Non Operating Income Expenses": 46352.0,
        "Special Income Charges": NaN,
        "Impairment Of Capital Assets": NaN,
        "Net Non Operating Interest Income Expense": -626471.0,
        "Interest Expense Non Operating": 626471.0,
        "Operating Income": -1895261.0,
        "Operating Expense": 1895261.0,
        "Research And Development": 1032474.0,
        "Selling General And Administration": 862787.0,
        "Selling And Marketing Expense": 305.0,
        "General And Administrative Expense": 862482.0,
        "Other Gand A": 862482.0,
        "Gross Profit": NaN,
        "Cost Of Revenue": NaN,
        "Total Revenue": 0.0,
        "Operating Revenue": 0.0
    }
}