{
    "2023-03-31": {
        "Tax Effect Of Unusual Items": NaN,
        "Tax Rate For Calcs": NaN,
        "Normalized EBITDA": NaN,
        "Total Unusual Items": NaN,
        "Total Unusual Items Excluding Goodwill": NaN,
        "Net Income From Continuing Operation Net Minority Interest": NaN,
        "Reconciled Depreciation": NaN,
        "Reconciled Cost Of Revenue": NaN,
        "EBITDA": NaN,
        "EBIT": NaN,
        "Net Interest Income": NaN,
        "Interest Income": 1624000.0,
        "Normalized Income": NaN,
        "Net Income From Continuing And Discontinued Operation": NaN,
        "Total Expenses": NaN,
        "Total Operating Income As Reported": NaN,
        "Diluted Average Shares": 3275172.0,
        "Basic Average Shares": 3275172.0,
        "Diluted EPS": -4.27,
        "Basic EPS": -4.27,
        "Diluted NI Availto Com Stockholders": NaN,
        "Average Dilution Earnings": NaN,
        "Net Income Common Stockholders": NaN,
        "Net Income": NaN,
        "Minority Interests": NaN,
        "Net Income Including Noncontrolling Interests": NaN,
        "Net Income Continuous Operations": NaN,
        "Tax Provision": NaN,
        "Pretax Income": NaN,
        "Other Income Expense": NaN,
        "Other Non Operating Income Expenses": NaN,
        "Special Income Charges": NaN,
        "Impairment Of Capital Assets": NaN,
        "Restructuring And Mergern Acquisition": NaN,
        "Gain On Sale Of Security": NaN,
        "Net Non Operating Interest Income Expense": NaN,
        "Interest Income Non Operating": 1624000.0,
        "Operating Income": NaN,
        "Operating Expense": NaN,
        "Other Operating Expenses": NaN,
        "Depreciation Amortization Depletion Income Statement": NaN,
        "Depreciation And Amortization In Income Statement": NaN,
        "Selling General And Administration": NaN,
        "General And Administrative Expense": NaN,
        "Other Gand A": NaN,
        "Salaries And Wages": NaN,
        "Gross Profit": NaN,
        "Cost Of Revenue": NaN,
        "Total Revenue": NaN,
        "Operating Revenue": NaN
    },
    "2022-12-31": {
        "Tax Effect Of Unusual Items": NaN,
        "Tax Rate For Calcs": NaN,
        "Normalized EBITDA": NaN,
        "Total Unusual Items": NaN,
        "Total Unusual Items Excluding Goodwill": NaN,
        "Net Income From Continuing Operation Net Minority Interest": NaN,
        "Reconciled Depreciation": NaN,
        "Reconciled Cost Of Revenue": NaN,
        "EBITDA": NaN,
        "EBIT": NaN,
        "Net Interest Income": NaN,
        "Interest Income": NaN,
        "Normalized Income": NaN,
        "Net Income From Continuing And Discontinued Operation": NaN,
        "Total Expenses": NaN,
        "Total Operating Income As Reported": NaN,
        "Diluted Average Shares": NaN,
        "Basic Average Shares": NaN,
        "Diluted EPS": NaN,
        "Basic EPS": NaN,
        "Diluted NI Availto Com Stockholders": NaN,
        "Average Dilution Earnings": 0.0,
        "Net Income Common Stockholders": NaN,
        "Net Income": NaN,
        "Minority Interests": NaN,
        "Net Income Including Noncontrolling Interests": NaN,
        "Net Income Continuous Operations": NaN,
        "Tax Provision": NaN,
        "Pretax Income": NaN,
        "Other Income Expense": NaN,
        "Other Non Operating Income Expenses": NaN,
        "Special Income Charges": NaN,
        "Impairment Of Capital Assets": NaN,
        "Restructuring And Mergern Acquisition": NaN,
        "Gain On Sale Of Security": NaN,
        "Net Non Operating Interest Income Expense": NaN,
        "Total Other Finance Cost": -1039000.0,
        "Interest Income Non Operating": NaN,
        "Operating Income": NaN,
        "Operating Expense": NaN,
        "Other Operating Expenses": NaN,
        "Depreciation Amortization Depletion Income Statement": NaN,
        "Depreciation And Amortization In Income Statement": NaN,
        "Selling General And Administration": NaN,
        "General And Administrative Expense": NaN,
        "Other Gand A": NaN,
        "Salaries And Wages": NaN,
        "Gross Profit": NaN,
        "Cost Of Revenue": NaN,
        "Total Revenue": NaN,
        "Operating Revenue": NaN
    },
    "2022-09-30": {
        "Tax Effect Of Unusual Items": NaN,
        "Tax Rate For Calcs": NaN,
        "Normalized EBITDA": NaN,
        "Total Unusual Items": NaN,
        "Total Unusual Items Excluding Goodwill": NaN,
        "Net Income From Continuing Operation Net Minority Interest": NaN,
        "Reconciled Depreciation": NaN,
        "Reconciled Cost Of Revenue": NaN,
        "EBITDA": NaN,
        "EBIT": NaN,
        "Net Interest Income": NaN,
        "Interest Income": 623000.0,
        "Normalized Income": NaN,
        "Net Income From Continuing And Discontinued Operation": NaN,
        "Total Expenses": NaN,
        "Total Operating Income As Reported": NaN,
        "Diluted Average Shares": 3063667.0,
        "Basic Average Shares": 3063667.0,
        "Diluted EPS": -152.75,
        "Basic EPS": -152.75,
        "Diluted NI Availto Com Stockholders": NaN,
        "Average Dilution Earnings": 0.0,
        "Net Income Common Stockholders": NaN,
        "Net Income": NaN,
        "Minority Interests": NaN,
        "Net Income Including Noncontrolling Interests": NaN,
        "Net Income Continuous Operations": NaN,
        "Tax Provision": NaN,
        "Pretax Income": NaN,
        "Other Income Expense": NaN,
        "Other Non Operating Income Expenses": NaN,
        "Special Income Charges": NaN,
        "Impairment Of Capital Assets": NaN,
        "Restructuring And Mergern Acquisition": NaN,
        "Gain On Sale Of Security": NaN,
        "Net Non Operating Interest Income Expense": NaN,
        "Total Other Finance Cost": -623000.0,
        "Interest Income Non Operating": 623000.0,
        "Operating Income": NaN,
        "Operating Expense": NaN,
        "Other Operating Expenses": NaN,
        "Depreciation Amortization Depletion Income Statement": NaN,
        "Depreciation And Amortization In Income Statement": NaN,
        "Selling General And Administration": NaN,
        "General And Administrative Expense": NaN,
        "Other Gand A": NaN,
        "Salaries And Wages": NaN,
        "Gross Profit": NaN,
        "Cost Of Revenue": NaN,
        "Total Revenue": NaN,
        "Operating Revenue": NaN
    },
    "2022-06-30": {
        "Tax Effect Of Unusual Items": 1576380.0,
        "Tax Rate For Calcs": 0.156,
        "Normalized EBITDA": -47380000.0,
        "Total Unusual Items": 10105000.0,
        "Total Unusual Items Excluding Goodwill": 10105000.0,
        "Net Income From Continuing Operation Net Minority Interest": -3897000.0,
        "Reconciled Depreciation": 6098000.0,
        "Reconciled Cost Of Revenue": NaN,
        "EBITDA": -37275000.0,
        "EBIT": -43373000.0,
        "Net Interest Income": 153000.0,
        "Interest Income": NaN,
        "Normalized Income": -12425620.0,
        "Net Income From Continuing And Discontinued Operation": -3897000.0,
        "Total Expenses": 56945000.0,
        "Total Operating Income As Reported": -43551000.0,
        "Diluted Average Shares": 71226366.0,
        "Basic Average Shares": 71226366.0,
        "Diluted EPS": -0.05,
        "Basic EPS": -0.05,
        "Diluted NI Availto Com Stockholders": -3897000.0,
        "Average Dilution Earnings": 0.0,
        "Net Income Common Stockholders": -3897000.0,
        "Net Income": -3897000.0,
        "Minority Interests": 23744000.0,
        "Net Income Including Noncontrolling Interests": -27641000.0,
        "Net Income Continuous Operations": -27641000.0,
        "Tax Provision": -5100000.0,
        "Pretax Income": -32741000.0,
        "Other Income Expense": 10479000.0,
        "Other Non Operating Income Expenses": 374000.0,
        "Special Income Charges": -178000.0,
        "Impairment Of Capital Assets": NaN,
        "Restructuring And Mergern Acquisition": 178000.0,
        "Gain On Sale Of Security": 10283000.0,
        "Net Non Operating Interest Income Expense": 153000.0,
        "Total Other Finance Cost": -153000.0,
        "Interest Income Non Operating": NaN,
        "Operating Income": -43373000.0,
        "Operating Expense": 56945000.0,
        "Other Operating Expenses": 4921000.0,
        "Depreciation Amortization Depletion Income Statement": 6098000.0,
        "Depreciation And Amortization In Income Statement": 6098000.0,
        "Selling General And Administration": 45926000.0,
        "General And Administrative Expense": 45926000.0,
        "Other Gand A": 11679000.0,
        "Salaries And Wages": 34247000.0,
        "Gross Profit": NaN,
        "Cost Of Revenue": NaN,
        "Total Revenue": 13572000.0,
        "Operating Revenue": 13572000.0
    },
    "2022-03-31": {
        "Diluted EPS": -0.14,
        "Total Revenue": 13,
        "Gross Profit": 13,
        "Operating Income": -48,
        "EBIT": -43,
        "Net Income": -7
    },
    "2021-12-31": {
        "Diluted EPS": -1.39,
        "Total Revenue": 14,
        "Gross Profit": 14,
        "Operating Income": -125,
        "EBIT": -119,
        "Net Income": -94
    },
    "2021-09-30": {
        "Diluted EPS": 0.0,
        "Total Revenue": 9,
        "Gross Profit": 9,
        "Operating Income": -30,
        "EBIT": -25,
        "Net Income": -29
    },
    "2021-06-30": {
        "Diluted EPS": 0.0,
        "Total Revenue": 8,
        "Gross Profit": 8,
        "Operating Income": -31,
        "EBIT": -28,
        "Net Income": -32
    },
    "2021-03-31": {
        "Diluted EPS": -2.0,
        "Total Revenue": 8,
        "Gross Profit": 8,
        "Operating Income": -28,
        "EBIT": -25,
        "Net Income": -29
    },
    "2020-12-31": {
        "Diluted EPS": 0.0,
        "Total Revenue": NaN,
        "Gross Profit": NaN,
        "Operating Income": NaN,
        "EBIT": NaN,
        "Net Income": NaN
    },
    "2020-09-30": {
        "Diluted EPS": 0.0,
        "Total Revenue": NaN,
        "Gross Profit": NaN,
        "Operating Income": NaN,
        "EBIT": NaN,
        "Net Income": NaN
    },
    "2023-06-30": {
        "Tax Effect Of Unusual Items": NaN,
        "Tax Rate For Calcs": NaN,
        "Normalized EBITDA": NaN,
        "Total Unusual Items": NaN,
        "Total Unusual Items Excluding Goodwill": NaN,
        "Net Income From Continuing Operation Net Minority Interest": NaN,
        "Reconciled Depreciation": NaN,
        "Reconciled Cost Of Revenue": NaN,
        "EBITDA": NaN,
        "EBIT": NaN,
        "Net Interest Income": NaN,
        "Interest Income": 701000.0,
        "Normalized Income": NaN,
        "Net Income From Continuing And Discontinued Operation": NaN,
        "Total Expenses": NaN,
        "Total Operating Income As Reported": NaN,
        "Diluted Average Shares": 3593491.0,
        "Basic Average Shares": 3593491.0,
        "Diluted EPS": -4.69,
        "Basic EPS": -4.69,
        "Diluted NI Availto Com Stockholders": NaN,
        "Average Dilution Earnings": 0.0,
        "Net Income Common Stockholders": NaN,
        "Net Income": NaN,
        "Minority Interests": NaN,
        "Net Income Including Noncontrolling Interests": NaN,
        "Net Income Continuous Operations": NaN,
        "Tax Provision": NaN,
        "Pretax Income": NaN,
        "Other Income Expense": NaN,
        "Other Non Operating Income Expenses": NaN,
        "Special Income Charges": NaN,
        "Impairment Of Capital Assets": NaN,
        "Restructuring And Mergern Acquisition": NaN,
        "Gain On Sale Of Security": NaN,
        "Net Non Operating Interest Income Expense": NaN,
        "Interest Income Non Operating": 701000.0,
        "Operating Income": NaN,
        "Operating Expense": NaN,
        "Other Operating Expenses": NaN,
        "Depreciation Amortization Depletion Income Statement": NaN,
        "Depreciation And Amortization In Income Statement": NaN,
        "Selling General And Administration": NaN,
        "General And Administrative Expense": NaN,
        "Other Gand A": NaN,
        "Salaries And Wages": NaN,
        "Gross Profit": NaN,
        "Cost Of Revenue": NaN,
        "Total Revenue": NaN,
        "Operating Revenue": NaN
    },
    "2023-09-30": {
        "Tax Effect Of Unusual Items": -4799760.0,
        "Tax Rate For Calcs": 0.21,
        "Normalized EBITDA": -3403000.0,
        "Total Unusual Items": -22856000.0,
        "Total Unusual Items Excluding Goodwill": -22856000.0,
        "Net Income From Continuing Operation Net Minority Interest": -17331000.0,
        "Reconciled Depreciation": 3959000.0,
        "Reconciled Cost Of Revenue": 189428000.0,
        "EBITDA": -26259000.0,
        "EBIT": -30218000.0,
        "Net Interest Income": 1177000.0,
        "Interest Income": 1177000.0,
        "Normalized Income": 725240.0,
        "Net Income From Continuing And Discontinued Operation": -17331000.0,
        "Total Expenses": 234992000.0,
        "Total Operating Income As Reported": -52860000.0,
        "Diluted Average Shares": 3654314.0,
        "Basic Average Shares": 3654314.0,
        "Diluted EPS": -4.74,
        "Basic EPS": -4.74,
        "Diluted NI Availto Com Stockholders": -17331000.0,
        "Average Dilution Earnings": 0.0,
        "Net Income Common Stockholders": -17331000.0,
        "Net Income": -17331000.0,
        "Minority Interests": 34418000.0,
        "Net Income Including Noncontrolling Interests": -51749000.0,
        "Net Income Continuous Operations": -51749000.0,
        "Tax Provision": 231000.0,
        "Pretax Income": -51518000.0,
        "Other Income Expense": -22477000.0,
        "Other Non Operating Income Expenses": 379000.0,
        "Special Income Charges": -22642000.0,
        "Impairment Of Capital Assets": 23381000.0,
        "Restructuring And Mergern Acquisition": -739000.0,
        "Gain On Sale Of Security": -214000.0,
        "Net Non Operating Interest Income Expense": 1177000.0,
        "Interest Income Non Operating": 1177000.0,
        "Operating Income": -30218000.0,
        "Operating Expense": 45564000.0,
        "Other Operating Expenses": 2052000.0,
        "Depreciation Amortization Depletion Income Statement": 3959000.0,
        "Depreciation And Amortization In Income Statement": 3959000.0,
        "Selling General And Administration": 39553000.0,
        "General And Administrative Expense": 39553000.0,
        "Other Gand A": 14945000.0,
        "Salaries And Wages": 24608000.0,
        "Gross Profit": 15346000.0,
        "Cost Of Revenue": 189428000.0,
        "Total Revenue": 204774000.0,
        "Operating Revenue": 204774000.0
    },
    "2023-12-31": {
        "Tax Effect Of Unusual Items": -11650800.0,
        "Tax Rate For Calcs": 0.21,
        "Normalized EBITDA": 34841000.0,
        "Total Unusual Items": -55480000.0,
        "Total Unusual Items Excluding Goodwill": -55480000.0,
        "Net Income From Continuing Operation Net Minority Interest": -26699000.0,
        "Reconciled Depreciation": 3089000.0,
        "Reconciled Cost Of Revenue": 196910000.0,
        "EBITDA": -20639000.0,
        "EBIT": -23728000.0,
        "Net Interest Income": 836000.0,
        "Interest Income": NaN,
        "Normalized Income": 17130200.0,
        "Net Income From Continuing And Discontinued Operation": -26699000.0,
        "Total Expenses": 238242000.0,
        "Total Operating Income As Reported": -78494000.0,
        "Diluted Average Shares": NaN,
        "Basic Average Shares": NaN,
        "Diluted EPS": NaN,
        "Basic EPS": NaN,
        "Diluted NI Availto Com Stockholders": -26699000.0,
        "Average Dilution Earnings": 0.0,
        "Net Income Common Stockholders": -26699000.0,
        "Net Income": -26699000.0,
        "Minority Interests": 51994000.0,
        "Net Income Including Noncontrolling Interests": -78693000.0,
        "Net Income Continuous Operations": -78693000.0,
        "Tax Provision": 43000.0,
        "Pretax Income": -78650000.0,
        "Other Income Expense": -55758000.0,
        "Other Non Operating Income Expenses": -278000.0,
        "Special Income Charges": -54766000.0,
        "Impairment Of Capital Assets": 67383000.0,
        "Restructuring And Mergern Acquisition": -12617000.0,
        "Gain On Sale Of Security": -714000.0,
        "Net Non Operating Interest Income Expense": 836000.0,
        "Interest Income Non Operating": NaN,
        "Operating Income": -23728000.0,
        "Operating Expense": 41332000.0,
        "Other Operating Expenses": 1988000.0,
        "Depreciation Amortization Depletion Income Statement": 3089000.0,
        "Depreciation And Amortization In Income Statement": 3089000.0,
        "Selling General And Administration": 36255000.0,
        "General And Administrative Expense": 36255000.0,
        "Other Gand A": 20031000.0,
        "Salaries And Wages": 16224000.0,
        "Gross Profit": 17604000.0,
        "Cost Of Revenue": 196910000.0,
        "Total Revenue": 214514000.0,
        "Operating Revenue": 214514000.0
    },
    "2024-03-31": {
        "Tax Effect Of Unusual Items": 547470.0,
        "Tax Rate For Calcs": 0.21,
        "Normalized EBITDA": -27948000.0,
        "Total Unusual Items": 2607000.0,
        "Total Unusual Items Excluding Goodwill": 2607000.0,
        "Net Income From Continuing Operation Net Minority Interest": -8165000.0,
        "Reconciled Depreciation": 57000.0,
        "Reconciled Cost Of Revenue": 831972000.0,
        "EBITDA": -25341000.0,
        "EBIT": -25398000.0,
        "Net Interest Income": 956000.0,
        "Interest Income": 956000.0,
        "Normalized Income": -10224530.0,
        "Net Income From Continuing And Discontinued Operation": -8165000.0,
        "Total Expenses": 879980000.0,
        "Total Operating Income As Reported": -31837000.0,
        "Diluted Average Shares": 4396495.0,
        "Basic Average Shares": 4396495.0,
        "Diluted EPS": -1.86,
        "Basic EPS": -1.86,
        "Diluted NI Availto Com Stockholders": -8165000.0,
        "Average Dilution Earnings": NaN,
        "Net Income Common Stockholders": -8165000.0,
        "Net Income": -8165000.0,
        "Minority Interests": 13110000.0,
        "Net Income Including Noncontrolling Interests": -21275000.0,
        "Net Income Continuous Operations": -21275000.0,
        "Tax Provision": 156000.0,
        "Pretax Income": -21119000.0,
        "Other Income Expense": 3323000.0,
        "Other Non Operating Income Expenses": 716000.0,
        "Special Income Charges": -6439000.0,
        "Impairment Of Capital Assets": 288000.0,
        "Restructuring And Mergern Acquisition": 6151000.0,
        "Gain On Sale Of Security": 9046000.0,
        "Net Non Operating Interest Income Expense": 956000.0,
        "Interest Income Non Operating": 956000.0,
        "Operating Income": -25398000.0,
        "Operating Expense": 48008000.0,
        "Other Operating Expenses": 6202000.0,
        "Depreciation Amortization Depletion Income Statement": 57000.0,
        "Depreciation And Amortization In Income Statement": 57000.0,
        "Selling General And Administration": 41749000.0,
        "General And Administrative Expense": 41749000.0,
        "Other Gand A": 17218000.0,
        "Salaries And Wages": 24531000.0,
        "Gross Profit": 22610000.0,
        "Cost Of Revenue": 831972000.0,
        "Total Revenue": 854582000.0,
        "Operating Revenue": 854582000.0
    },
    "2024-06-30": {
        "Tax Effect Of Unusual Items": -3379950.0,
        "Tax Rate For Calcs": 0.21,
        "Normalized EBITDA": -4824000.0,
        "Total Unusual Items": -16095000.0,
        "Total Unusual Items Excluding Goodwill": -16095000.0,
        "Net Income From Continuing Operation Net Minority Interest": -16424000.0,
        "Reconciled Depreciation": 117000.0,
        "Reconciled Cost Of Revenue": 491701000.0,
        "EBITDA": -20919000.0,
        "EBIT": -21036000.0,
        "Net Interest Income": 1245000.0,
        "Interest Income": 1245000.0,
        "Normalized Income": -3708950.0,
        "Net Income From Continuing And Discontinued Operation": -16424000.0,
        "Total Expenses": 530934000.0,
        "Total Operating Income As Reported": -22017000.0,
        "Diluted Average Shares": 6161704.0,
        "Basic Average Shares": 6161704.0,
        "Diluted EPS": -2.67,
        "Basic EPS": -2.67,
        "Diluted NI Availto Com Stockholders": -16424000.0,
        "Average Dilution Earnings": 0.0,
        "Net Income Common Stockholders": -16424000.0,
        "Net Income": -16424000.0,
        "Minority Interests": 19088000.0,
        "Net Income Including Noncontrolling Interests": -35512000.0,
        "Net Income Continuous Operations": -35512000.0,
        "Tax Provision": 74000.0,
        "Pretax Income": -35438000.0,
        "Other Income Expense": -15647000.0,
        "Other Non Operating Income Expenses": 448000.0,
        "Special Income Charges": -981000.0,
        "Impairment Of Capital Assets": 0.0,
        "Restructuring And Mergern Acquisition": 981000.0,
        "Gain On Sale Of Security": -15114000.0,
        "Net Non Operating Interest Income Expense": 1245000.0,
        "Interest Income Non Operating": 1245000.0,
        "Operating Income": -21036000.0,
        "Operating Expense": 39233000.0,
        "Other Operating Expenses": 3929000.0,
        "Depreciation Amortization Depletion Income Statement": 117000.0,
        "Depreciation And Amortization In Income Statement": 117000.0,
        "Selling General And Administration": 35187000.0,
        "General And Administrative Expense": 35187000.0,
        "Other Gand A": 12806000.0,
        "Salaries And Wages": 22381000.0,
        "Gross Profit": 18197000.0,
        "Cost Of Revenue": 491701000.0,
        "Total Revenue": 509898000.0,
        "Operating Revenue": 509898000.0
    },
    "2024-09-30": {
        "Tax Effect Of Unusual Items": 341244.0,
        "Tax Rate For Calcs": 0.018,
        "Normalized EBITDA": -45208000.0,
        "Total Unusual Items": 18958000.0,
        "Total Unusual Items Excluding Goodwill": 18958000.0,
        "Net Income From Continuing Operation Net Minority Interest": -2893000.0,
        "Reconciled Depreciation": 107000.0,
        "Reconciled Cost Of Revenue": 312841000.0,
        "EBITDA": -26250000.0,
        "EBIT": -26357000.0,
        "Net Interest Income": 1014000.0,
        "Interest Income": 1014000.0,
        "Normalized Income": -21509756.0,
        "Net Income From Continuing And Discontinued Operation": -2893000.0,
        "Total Expenses": 354776000.0,
        "Total Operating Income As Reported": -27383000.0,
        "Diluted Average Shares": 6361793.0,
        "Basic Average Shares": 6361793.0,
        "Diluted EPS": -0.45,
        "Basic EPS": -0.45,
        "Diluted NI Availto Com Stockholders": -2893000.0,
        "Average Dilution Earnings": NaN,
        "Net Income Common Stockholders": -2893000.0,
        "Net Income": -2893000.0,
        "Minority Interests": 3398000.0,
        "Net Income Including Noncontrolling Interests": -6291000.0,
        "Net Income Continuous Operations": -6291000.0,
        "Tax Provision": -114000.0,
        "Pretax Income": -6405000.0,
        "Other Income Expense": 18938000.0,
        "Other Non Operating Income Expenses": -20000.0,
        "Special Income Charges": -1026000.0,
        "Impairment Of Capital Assets": 601000.0,
        "Restructuring And Mergern Acquisition": 425000.0,
        "Gain On Sale Of Security": 19984000.0,
        "Net Non Operating Interest Income Expense": 1014000.0,
        "Interest Income Non Operating": 1014000.0,
        "Operating Income": -26357000.0,
        "Operating Expense": 41935000.0,
        "Other Operating Expenses": 2670000.0,
        "Depreciation Amortization Depletion Income Statement": 107000.0,
        "Depreciation And Amortization In Income Statement": 107000.0,
        "Selling General And Administration": 39158000.0,
        "General And Administrative Expense": 39158000.0,
        "Other Gand A": 18073000.0,
        "Salaries And Wages": 21085000.0,
        "Gross Profit": 15578000.0,
        "Cost Of Revenue": 312841000.0,
        "Total Revenue": 328419000.0,
        "Operating Revenue": 328419000.0
    }
}