{
    "2023-06-30": {
        "Tax Effect Of Unusual Items": -33224755.700326,
        "Tax Rate For Calcs": 0.325733,
        "Normalized EBITDA": 1050000000.0,
        "Total Unusual Items": -102000000.0,
        "Total Unusual Items Excluding Goodwill": -102000000.0,
        "Net Income From Continuing Operation Net Minority Interest": 410000000.0,
        "Reconciled Depreciation": 276000000.0,
        "Reconciled Cost Of Revenue": 5004000000.0,
        "EBITDA": 948000000.0,
        "EBIT": 672000000.0,
        "Net Interest Income": -58000000.0,
        "Interest Expense": 58000000.0,
        "Normalized Income": 478775244.299674,
        "Net Income From Continuing And Discontinued Operation": 410000000.0,
        "Total Expenses": 5699000000.0,
        "Total Operating Income As Reported": 514000000.0,
        "Diluted Average Shares": 1015000000.0,
        "Basic Average Shares": 1010000000.0,
        "Diluted EPS": 0.4,
        "Basic EPS": 0.41,
        "Diluted NI Availto Com Stockholders": 410000000.0,
        "Net Income Common Stockholders": 410000000.0,
        "Net Income": 410000000.0,
        "Minority Interests": -4000000.0,
        "Net Income Including Noncontrolling Interests": 414000000.0,
        "Net Income Continuous Operations": 414000000.0,
        "Tax Provision": 200000000.0,
        "Pretax Income": 614000000.0,
        "Other Income Expense": 56000000.0,
        "Other Non Operating Income Expenses": 158000000.0,
        "Special Income Charges": -102000000.0,
        "Restructuring And Mergern Acquisition": 102000000.0,
        "Net Non Operating Interest Income Expense": -58000000.0,
        "Interest Expense Non Operating": 58000000.0,
        "Operating Income": 616000000.0,
        "Operating Expense": 695000000.0,
        "Selling General And Administration": 695000000.0,
        "Gross Profit": 1311000000.0,
        "Cost Of Revenue": 5004000000.0,
        "Total Revenue": 6315000000.0,
        "Operating Revenue": 6315000000.0
    },
    "2023-03-31": {
        "Tax Effect Of Unusual Items": -13189473.684211,
        "Tax Rate For Calcs": 0.235526,
        "Normalized EBITDA": 1149000000.0,
        "Total Unusual Items": -56000000.0,
        "Total Unusual Items Excluding Goodwill": -56000000.0,
        "Net Income From Continuing Operation Net Minority Interest": 576000000.0,
        "Reconciled Depreciation": 269000000.0,
        "Reconciled Cost Of Revenue": 4567000000.0,
        "EBITDA": 1093000000.0,
        "EBIT": 824000000.0,
        "Net Interest Income": -64000000.0,
        "Interest Expense": 64000000.0,
        "Normalized Income": 618810526.315789,
        "Net Income From Continuing And Discontinued Operation": 576000000.0,
        "Total Expenses": 5222000000.0,
        "Total Operating Income As Reported": 438000000.0,
        "Diluted Average Shares": 1018000000.0,
        "Basic Average Shares": 1010000000.0,
        "Diluted EPS": 0.57,
        "Basic EPS": 0.57,
        "Diluted NI Availto Com Stockholders": 576000000.0,
        "Net Income Common Stockholders": 576000000.0,
        "Net Income": 576000000.0,
        "Minority Interests": -5000000.0,
        "Net Income Including Noncontrolling Interests": 581000000.0,
        "Net Income Continuous Operations": 581000000.0,
        "Tax Provision": 179000000.0,
        "Pretax Income": 760000000.0,
        "Other Income Expense": 330000000.0,
        "Other Non Operating Income Expenses": 386000000.0,
        "Special Income Charges": -56000000.0,
        "Restructuring And Mergern Acquisition": 56000000.0,
        "Net Non Operating Interest Income Expense": -64000000.0,
        "Interest Expense Non Operating": 64000000.0,
        "Operating Income": 494000000.0,
        "Operating Expense": 655000000.0,
        "Selling General And Administration": 655000000.0,
        "Gross Profit": 1149000000.0,
        "Cost Of Revenue": 4567000000.0,
        "Total Revenue": 5716000000.0,
        "Operating Revenue": 5716000000.0
    },
    "2022-12-31": {
        "Tax Effect Of Unusual Items": -6090000.0,
        "Tax Rate For Calcs": 0.21,
        "Normalized EBITDA": 693000000.0,
        "Total Unusual Items": -29000000.0,
        "Total Unusual Items Excluding Goodwill": -29000000.0,
        "Net Income From Continuing Operation Net Minority Interest": 182000000.0,
        "Reconciled Depreciation": 255000000.0,
        "Reconciled Cost Of Revenue": 4568000000.0,
        "EBITDA": 664000000.0,
        "EBIT": 409000000.0,
        "Net Interest Income": -64000000.0,
        "Interest Expense": 64000000.0,
        "Normalized Income": 204910000.0,
        "Net Income From Continuing And Discontinued Operation": 182000000.0,
        "Total Expenses": 5213000000.0,
        "Total Operating Income As Reported": 663000000.0,
        "Diluted Average Shares": 1009000000.0,
        "Basic Average Shares": 1000000000.0,
        "Diluted EPS": 0.18,
        "Basic EPS": 0.18,
        "Diluted NI Availto Com Stockholders": 182000000.0,
        "Net Income Common Stockholders": 182000000.0,
        "Net Income": 182000000.0,
        "Minority Interests": -6000000.0,
        "Net Income Including Noncontrolling Interests": 188000000.0,
        "Net Income Continuous Operations": 188000000.0,
        "Tax Provision": 157000000.0,
        "Pretax Income": 345000000.0,
        "Other Income Expense": -283000000.0,
        "Other Non Operating Income Expenses": -254000000.0,
        "Special Income Charges": -29000000.0,
        "Restructuring And Mergern Acquisition": 29000000.0,
        "Net Non Operating Interest Income Expense": -64000000.0,
        "Interest Expense Non Operating": 64000000.0,
        "Operating Income": 692000000.0,
        "Operating Expense": 645000000.0,
        "Selling General And Administration": 645000000.0,
        "Gross Profit": 1337000000.0,
        "Cost Of Revenue": 4568000000.0,
        "Total Revenue": 5905000000.0,
        "Operating Revenue": 5905000000.0
    },
    "2022-09-30": {
        "Tax Effect Of Unusual Items": -49350000.0,
        "Tax Rate For Calcs": 0.21,
        "Normalized EBITDA": 698000000.0,
        "Total Unusual Items": -235000000.0,
        "Total Unusual Items Excluding Goodwill": -235000000.0,
        "Net Income From Continuing Operation Net Minority Interest": -17000000.0,
        "Reconciled Depreciation": 254000000.0,
        "Reconciled Cost Of Revenue": 4245000000.0,
        "EBITDA": 463000000.0,
        "EBIT": 209000000.0,
        "Net Interest Income": -65000000.0,
        "Interest Expense": 65000000.0,
        "Normalized Income": 168650000.0,
        "Net Income From Continuing And Discontinued Operation": -17000000.0,
        "Total Expenses": 4865000000.0,
        "Total Operating Income As Reported": 269000000.0,
        "Diluted Average Shares": 1008000000.0,
        "Basic Average Shares": 1008000000.0,
        "Diluted EPS": -0.02,
        "Basic EPS": -0.02,
        "Diluted NI Availto Com Stockholders": -17000000.0,
        "Net Income Common Stockholders": -17000000.0,
        "Net Income": -17000000.0,
        "Minority Interests": -8000000.0,
        "Net Income Including Noncontrolling Interests": -9000000.0,
        "Net Income Continuous Operations": -9000000.0,
        "Tax Provision": 153000000.0,
        "Pretax Income": 144000000.0,
        "Other Income Expense": -295000000.0,
        "Other Non Operating Income Expenses": -60000000.0,
        "Special Income Charges": -235000000.0,
        "Restructuring And Mergern Acquisition": 235000000.0,
        "Net Non Operating Interest Income Expense": -65000000.0,
        "Interest Expense Non Operating": 65000000.0,
        "Operating Income": 504000000.0,
        "Operating Expense": 620000000.0,
        "Selling General And Administration": 620000000.0,
        "Gross Profit": 1124000000.0,
        "Cost Of Revenue": 4245000000.0,
        "Total Revenue": 5369000000.0,
        "Operating Revenue": 5369000000.0
    },
    "2022-06-30": {
        "Tax Effect Of Unusual Items": -148400000.0,
        "Tax Rate For Calcs": 0.4,
        "Normalized EBITDA": 51000000.0,
        "Total Unusual Items": -371000000.0,
        "Total Unusual Items Excluding Goodwill": -371000000.0,
        "Net Income From Continuing Operation Net Minority Interest": -839000000.0,
        "Reconciled Depreciation": 275000000.0,
        "Reconciled Cost Of Revenue": 4077000000.0,
        "EBITDA": -320000000.0,
        "EBIT": -595000000.0,
        "Net Interest Income": -60000000.0,
        "Interest Expense": 60000000.0,
        "Normalized Income": -616400000.0,
        "Net Income From Continuing And Discontinued Operation": -839000000.0,
        "Total Expenses": 4701000000.0,
        "Total Operating Income As Reported": -25000000.0,
        "Diluted Average Shares": 998809524.0,
        "Basic Average Shares": 998809524.0,
        "Diluted EPS": -0.84,
        "Basic EPS": -0.84,
        "Diluted NI Availto Com Stockholders": -839000000.0,
        "Net Income Common Stockholders": -839000000.0,
        "Net Income": -839000000.0,
        "Minority Interests": -2000000.0,
        "Net Income Including Noncontrolling Interests": -837000000.0,
        "Net Income Continuous Operations": -837000000.0,
        "Tax Provision": 182000000.0,
        "Pretax Income": -655000000.0,
        "Other Income Expense": -941000000.0,
        "Other Non Operating Income Expenses": -570000000.0,
        "Special Income Charges": -371000000.0,
        "Restructuring And Mergern Acquisition": 371000000.0,
        "Net Non Operating Interest Income Expense": -60000000.0,
        "Interest Expense Non Operating": 60000000.0,
        "Operating Income": 346000000.0,
        "Operating Expense": 624000000.0,
        "Selling General And Administration": 624000000.0,
        "Gross Profit": 970000000.0,
        "Cost Of Revenue": 4077000000.0,
        "Total Revenue": 5047000000.0,
        "Operating Revenue": 5047000000.0
    },
    "2022-03-31": {
        "Diluted EPS": 0.08,
        "Total Revenue": NaN,
        "Gross Profit": 970,
        "Operating Income": 279,
        "EBIT": 556,
        "Net Income": 72
    },
    "2021-12-31": {
        "Diluted EPS": 0.41,
        "Total Revenue": NaN,
        "Gross Profit": NaN,
        "Operating Income": 574,
        "EBIT": 847,
        "Net Income": 293
    },
    "2021-09-30": {
        "Diluted EPS": 0.01,
        "Total Revenue": NaN,
        "Gross Profit": NaN,
        "Operating Income": 378,
        "EBIT": 640,
        "Net Income": 8
    },
    "2021-06-30": {
        "Diluted EPS": -0.08,
        "Total Revenue": NaN,
        "Gross Profit": 976,
        "Operating Income": 194,
        "EBIT": 472,
        "Net Income": -68
    },
    "2021-03-31": {
        "Diluted EPS": -0.61,
        "Total Revenue": NaN,
        "Gross Profit": 858,
        "Operating Income": 164,
        "EBIT": 456,
        "Net Income": -452
    },
    "2020-12-31": {
        "Diluted EPS": 1.48,
        "Total Revenue": NaN,
        "Gross Profit": NaN,
        "Operating Income": 182,
        "EBIT": 489,
        "Net Income": 652
    },
    "2020-09-30": {
        "Diluted EPS": -0.25,
        "Total Revenue": NaN,
        "Gross Profit": 757,
        "Operating Income": -49,
        "EBIT": 267,
        "Net Income": -170
    },
    "2020-06-30": {
        "Diluted EPS": -0.3,
        "Total Revenue": NaN,
        "Gross Profit": 678,
        "Operating Income": -52,
        "EBIT": 287,
        "Net Income": -195
    },
    "2020-03-31": {
        "Diluted EPS": -15.66,
        "Total Revenue": NaN,
        "Gross Profit": 755,
        "Operating Income": NaN,
        "EBIT": -931,
        "Net Income": NaN
    },
    "2019-12-31": {
        "Diluted EPS": 0.08,
        "Total Revenue": NaN,
        "Gross Profit": NaN,
        "Operating Income": 330,
        "EBIT": 683,
        "Net Income": 48
    },
    "2019-09-30": {
        "Diluted EPS": 0.11,
        "Total Revenue": NaN,
        "Gross Profit": NaN,
        "Operating Income": 297,
        "EBIT": 653,
        "Net Income": 57
    },
    "2019-06-30": {
        "Diluted EPS": -0.02,
        "Total Revenue": NaN,
        "Gross Profit": NaN,
        "Operating Income": 271,
        "EBIT": 630,
        "Net Income": -9
    },
    "2019-03-31": {
        "Diluted EPS": 0.06,
        "Total Revenue": NaN,
        "Gross Profit": 976,
        "Operating Income": 176,
        "EBIT": 526,
        "Net Income": 32
    },
    "2018-12-31": {
        "Diluted EPS": 0.3,
        "Total Revenue": NaN,
        "Gross Profit": NaN,
        "Operating Income": 382,
        "EBIT": 735,
        "Net Income": 131
    },
    "2018-09-30": {
        "Diluted EPS": 0.03,
        "Total Revenue": NaN,
        "Gross Profit": 973,
        "Operating Income": 282,
        "EBIT": 635,
        "Net Income": 13
    },
    "2018-06-30": {
        "Diluted EPS": -0.05,
        "Total Revenue": NaN,
        "Gross Profit": 936,
        "Operating Income": 78,
        "EBIT": 470,
        "Net Income": -19
    },
    "2018-03-31": {
        "Diluted EPS": 0.17,
        "Total Revenue": NaN,
        "Gross Profit": 841,
        "Operating Income": -41,
        "EBIT": 347,
        "Net Income": 70
    },
    "2017-12-31": {
        "Diluted EPS": -0.05,
        "Total Revenue": NaN,
        "Gross Profit": 859,
        "Operating Income": -111,
        "EBIT": 276,
        "Net Income": 31
    },
    "2017-09-30": {
        "Diluted EPS": -0.31,
        "Total Revenue": NaN,
        "Gross Profit": 952,
        "Operating Income": -193,
        "EBIT": 233,
        "Net Income": -134
    },
    "2017-06-30": {
        "Diluted EPS": 0.12,
        "Total Revenue": NaN,
        "Gross Profit": 539,
        "Operating Income": -66,
        "EBIT": 92,
        "Net Income": NaN
    },
    "2017-03-31": {
        "Diluted EPS": 0.0,
        "Total Revenue": NaN,
        "Gross Profit": 686,
        "Operating Income": 86,
        "EBIT": 218,
        "Net Income": NaN
    },
    "2016-12-31": {
        "Diluted EPS": 0.0,
        "Total Revenue": NaN,
        "Gross Profit": NaN,
        "Operating Income": NaN,
        "EBIT": NaN,
        "Net Income": NaN
    },
    "2016-09-30": {
        "Diluted EPS": -0.24,
        "Total Revenue": NaN,
        "Gross Profit": 730,
        "Operating Income": 176,
        "EBIT": NaN,
        "Net Income": NaN
    },
    "2016-06-30": {
        "Diluted EPS": -2.08,
        "Total Revenue": NaN,
        "Gross Profit": -704,
        "Operating Income": -570,
        "EBIT": NaN,
        "Net Income": -911
    },
    "2016-03-31": {
        "Diluted EPS": -2.22,
        "Total Revenue": NaN,
        "Gross Profit": 12,
        "Operating Income": -559,
        "EBIT": -205,
        "Net Income": -981
    },
    "2015-12-31": {
        "Diluted EPS": 0.0,
        "Total Revenue": NaN,
        "Gross Profit": NaN,
        "Operating Income": 881,
        "EBIT": NaN,
        "Net Income": NaN
    },
    "2015-09-30": {
        "Diluted EPS": -0.36,
        "Total Revenue": NaN,
        "Gross Profit": 411,
        "Operating Income": -101,
        "EBIT": 331,
        "Net Income": -159
    },
    "2015-06-30": {
        "Diluted EPS": -0.43,
        "Total Revenue": NaN,
        "Gross Profit": 384,
        "Operating Income": -144,
        "EBIT": 290,
        "Net Income": -188
    },
    "2015-03-31": {
        "Diluted EPS": -1.35,
        "Total Revenue": NaN,
        "Gross Profit": 252,
        "Operating Income": -774,
        "EBIT": -314,
        "Net Income": -589
    },
    "2014-12-31": {
        "Diluted EPS": 1.52,
        "Total Revenue": NaN,
        "Gross Profit": NaN,
        "Operating Income": NaN,
        "EBIT": NaN,
        "Net Income": 663
    },
    "2014-09-30": {
        "Diluted EPS": 0.86,
        "Total Revenue": NaN,
        "Gross Profit": NaN,
        "Operating Income": 661,
        "EBIT": NaN,
        "Net Income": 375
    },
    "2014-06-30": {
        "Diluted EPS": 0.8,
        "Total Revenue": NaN,
        "Gross Profit": NaN,
        "Operating Income": 631,
        "EBIT": NaN,
        "Net Income": 353
    },
    "2014-03-31": {
        "Diluted EPS": 0.74,
        "Total Revenue": NaN,
        "Gross Profit": NaN,
        "Operating Income": 552,
        "EBIT": 989,
        "Net Income": 328
    },
    "2013-12-31": {
        "Diluted EPS": 0.56,
        "Total Revenue": NaN,
        "Gross Profit": 974,
        "Operating Income": 482,
        "EBIT": 918,
        "Net Income": 248
    },
    "2013-09-30": {
        "Diluted EPS": 0.77,
        "Total Revenue": NaN,
        "Gross Profit": NaN,
        "Operating Income": 576,
        "EBIT": 999,
        "Net Income": 341
    },
    "2013-06-30": {
        "Diluted EPS": 0.54,
        "Total Revenue": NaN,
        "Gross Profit": 896,
        "Operating Income": 436,
        "EBIT": 860,
        "Net Income": 240
    },
    "2013-03-31": {
        "Diluted EPS": 0.6,
        "Total Revenue": NaN,
        "Gross Profit": 904,
        "Operating Income": 455,
        "EBIT": 870,
        "Net Income": 267
    },
    "2012-12-31": {
        "Diluted EPS": 0.48,
        "Total Revenue": NaN,
        "Gross Profit": 884,
        "Operating Income": 440,
        "EBIT": 857,
        "Net Income": 214
    },
    "2012-09-30": {
        "Diluted EPS": 0.63,
        "Total Revenue": NaN,
        "Gross Profit": 959,
        "Operating Income": 486,
        "EBIT": 894,
        "Net Income": 279
    },
    "2012-06-30": {
        "Diluted EPS": 1.0,
        "Total Revenue": NaN,
        "Gross Profit": NaN,
        "Operating Income": 639,
        "EBIT": NaN,
        "Net Income": 439
    },
    "2012-03-31": {
        "Diluted EPS": 0.86,
        "Total Revenue": NaN,
        "Gross Profit": NaN,
        "Operating Income": 627,
        "EBIT": 990,
        "Net Income": 379
    },
    "2011-12-31": {
        "Diluted EPS": 0.72,
        "Total Revenue": NaN,
        "Gross Profit": NaN,
        "Operating Income": 538,
        "EBIT": 908,
        "Net Income": 314
    },
    "2011-09-30": {
        "Diluted EPS": 1.61,
        "Total Revenue": NaN,
        "Gross Profit": NaN,
        "Operating Income": 805,
        "EBIT": NaN,
        "Net Income": 706
    },
    "2011-06-30": {
        "Diluted EPS": 0.77,
        "Total Revenue": NaN,
        "Gross Profit": NaN,
        "Operating Income": 617,
        "EBIT": 948,
        "Net Income": 338
    },
    "2011-03-31": {
        "Diluted EPS": 0.87,
        "Total Revenue": NaN,
        "Gross Profit": NaN,
        "Operating Income": 640,
        "EBIT": 955,
        "Net Income": 381
    },
    "2010-12-31": {
        "Diluted EPS": 0.83,
        "Total Revenue": NaN,
        "Gross Profit": NaN,
        "Operating Income": 562,
        "EBIT": 888,
        "Net Income": 335
    },
    "2010-09-30": {
        "Diluted EPS": 0.59,
        "Total Revenue": NaN,
        "Gross Profit": 889,
        "Operating Income": 405,
        "EBIT": 698,
        "Net Income": 255
    },
    "2010-06-30": {
        "Diluted EPS": 0.23,
        "Total Revenue": NaN,
        "Gross Profit": 712,
        "Operating Income": 232,
        "EBIT": 493,
        "Net Income": 93
    },
    "2010-03-31": {
        "Diluted EPS": 0.41,
        "Total Revenue": NaN,
        "Gross Profit": 627,
        "Operating Income": 218,
        "EBIT": 407,
        "Net Income": 129
    },
    "2009-12-31": {
        "Diluted EPS": 0.27,
        "Total Revenue": NaN,
        "Gross Profit": 549,
        "Operating Income": 150,
        "EBIT": 329,
        "Net Income": 84
    },
    "2009-09-30": {
        "Diluted EPS": 0.18,
        "Total Revenue": NaN,
        "Gross Profit": 471,
        "Operating Income": 111,
        "EBIT": 288,
        "Net Income": 55
    },
    "2009-06-30": {
        "Diluted EPS": 0.28,
        "Total Revenue": NaN,
        "Gross Profit": 539,
        "Operating Income": 153,
        "EBIT": 335,
        "Net Income": 87
    },
    "2009-03-31": {
        "Diluted EPS": 0.63,
        "Total Revenue": NaN,
        "Gross Profit": 708,
        "Operating Income": 318,
        "EBIT": 491,
        "Net Income": 195
    },
    "2023-09-30": {
        "Tax Effect Of Unusual Items": -619235.836627,
        "Tax Rate For Calcs": 0.309618,
        "Normalized EBITDA": 1078000000.0,
        "Total Unusual Items": -2000000.0,
        "Total Unusual Items Excluding Goodwill": -2000000.0,
        "Net Income From Continuing Operation Net Minority Interest": 518000000.0,
        "Reconciled Depreciation": 268000000.0,
        "Reconciled Cost Of Revenue": 5298000000.0,
        "EBITDA": 1076000000.0,
        "EBIT": 808000000.0,
        "Net Interest Income": -49000000.0,
        "Interest Expense": 49000000.0,
        "Normalized Income": 519380764.163373,
        "Net Income From Continuing And Discontinued Operation": 518000000.0,
        "Total Expenses": 5925000000.0,
        "Total Operating Income As Reported": 714000000.0,
        "Diluted Average Shares": 1017000000.0,
        "Basic Average Shares": 1009000000.0,
        "Diluted EPS": 0.51,
        "Basic EPS": 0.51,
        "Diluted NI Availto Com Stockholders": 518000000.0,
        "Net Income Common Stockholders": 518000000.0,
        "Net Income": 518000000.0,
        "Minority Interests": -6000000.0,
        "Net Income Including Noncontrolling Interests": 524000000.0,
        "Net Income Continuous Operations": 524000000.0,
        "Tax Provision": 235000000.0,
        "Pretax Income": 759000000.0,
        "Other Income Expense": 92000000.0,
        "Other Non Operating Income Expenses": 94000000.0,
        "Special Income Charges": -2000000.0,
        "Restructuring And Mergern Acquisition": NaN,
        "Net Non Operating Interest Income Expense": -49000000.0,
        "Interest Expense Non Operating": 49000000.0,
        "Operating Income": 716000000.0,
        "Operating Expense": 627000000.0,
        "Selling General And Administration": 627000000.0,
        "Gross Profit": 1343000000.0,
        "Cost Of Revenue": 5298000000.0,
        "Total Revenue": 6641000000.0,
        "Operating Revenue": 6641000000.0
    }
}