{
    "2023-03-31": {
        "Tax Effect Of Unusual Items": NaN,
        "Tax Rate For Calcs": NaN,
        "Normalized EBITDA": NaN,
        "Total Unusual Items": NaN,
        "Total Unusual Items Excluding Goodwill": NaN,
        "Net Income From Continuing Operation Net Minority Interest": NaN,
        "Reconciled Depreciation": NaN,
        "Reconciled Cost Of Revenue": NaN,
        "EBITDA": NaN,
        "EBIT": NaN,
        "Net Interest Income": NaN,
        "Interest Expense": NaN,
        "Interest Income": NaN,
        "Normalized Income": NaN,
        "Net Income From Continuing And Discontinued Operation": NaN,
        "Total Expenses": NaN,
        "Rent Expense Supplemental": NaN,
        "Total Operating Income As Reported": NaN,
        "Diluted Average Shares": NaN,
        "Basic Average Shares": NaN,
        "Diluted EPS": NaN,
        "Basic EPS": NaN,
        "Diluted NI Availto Com Stockholders": NaN,
        "Net Income Common Stockholders": NaN,
        "Net Income": NaN,
        "Net Income Including Noncontrolling Interests": NaN,
        "Net Income Discontinuous Operations": NaN,
        "Net Income Continuous Operations": NaN,
        "Tax Provision": NaN,
        "Pretax Income": NaN,
        "Other Income Expense": NaN,
        "Other Non Operating Income Expenses": NaN,
        "Earnings From Equity Interest": NaN,
        "Gain On Sale Of Security": NaN,
        "Net Non Operating Interest Income Expense": NaN,
        "Total Other Finance Cost": 905000.0,
        "Interest Expense Non Operating": NaN,
        "Interest Income Non Operating": NaN,
        "Operating Income": NaN,
        "Operating Expense": NaN,
        "Depreciation Amortization Depletion Income Statement": NaN,
        "Depreciation And Amortization In Income Statement": NaN,
        "Amortization": NaN,
        "Amortization Of Intangibles Income Statement": NaN,
        "Depreciation Income Statement": NaN,
        "Research And Development": NaN,
        "Selling General And Administration": NaN,
        "Selling And Marketing Expense": NaN,
        "General And Administrative Expense": NaN,
        "Other Gand A": NaN,
        "Insurance And Claims": NaN,
        "Rent And Landing Fees": NaN,
        "Salaries And Wages": NaN,
        "Gross Profit": NaN,
        "Cost Of Revenue": NaN,
        "Total Revenue": NaN,
        "Operating Revenue": NaN
    },
    "2022-12-31": {
        "Tax Effect Of Unusual Items": NaN,
        "Tax Rate For Calcs": NaN,
        "Normalized EBITDA": NaN,
        "Total Unusual Items": NaN,
        "Total Unusual Items Excluding Goodwill": NaN,
        "Net Income From Continuing Operation Net Minority Interest": NaN,
        "Reconciled Depreciation": NaN,
        "Reconciled Cost Of Revenue": NaN,
        "EBITDA": NaN,
        "EBIT": NaN,
        "Net Interest Income": NaN,
        "Interest Expense": NaN,
        "Interest Income": NaN,
        "Normalized Income": NaN,
        "Net Income From Continuing And Discontinued Operation": NaN,
        "Total Expenses": NaN,
        "Rent Expense Supplemental": NaN,
        "Total Operating Income As Reported": NaN,
        "Diluted Average Shares": NaN,
        "Basic Average Shares": NaN,
        "Diluted EPS": NaN,
        "Basic EPS": NaN,
        "Diluted NI Availto Com Stockholders": NaN,
        "Net Income Common Stockholders": NaN,
        "Net Income": NaN,
        "Net Income Including Noncontrolling Interests": NaN,
        "Net Income Discontinuous Operations": 0.0,
        "Net Income Continuous Operations": NaN,
        "Tax Provision": NaN,
        "Pretax Income": NaN,
        "Other Income Expense": NaN,
        "Other Non Operating Income Expenses": NaN,
        "Special Income Charges": 2000000.0,
        "Earnings From Equity Interest": NaN,
        "Gain On Sale Of Security": NaN,
        "Net Non Operating Interest Income Expense": NaN,
        "Total Other Finance Cost": NaN,
        "Interest Expense Non Operating": NaN,
        "Interest Income Non Operating": NaN,
        "Operating Income": NaN,
        "Operating Expense": NaN,
        "Depreciation Amortization Depletion Income Statement": NaN,
        "Depreciation And Amortization In Income Statement": NaN,
        "Amortization": NaN,
        "Amortization Of Intangibles Income Statement": NaN,
        "Depreciation Income Statement": NaN,
        "Research And Development": NaN,
        "Selling General And Administration": NaN,
        "Selling And Marketing Expense": NaN,
        "General And Administrative Expense": NaN,
        "Other Gand A": NaN,
        "Insurance And Claims": NaN,
        "Rent And Landing Fees": NaN,
        "Salaries And Wages": NaN,
        "Gross Profit": NaN,
        "Cost Of Revenue": NaN,
        "Total Revenue": NaN,
        "Operating Revenue": NaN
    },
    "2022-09-30": {
        "Tax Effect Of Unusual Items": NaN,
        "Tax Rate For Calcs": NaN,
        "Normalized EBITDA": NaN,
        "Total Unusual Items": NaN,
        "Total Unusual Items Excluding Goodwill": NaN,
        "Net Income From Continuing Operation Net Minority Interest": NaN,
        "Reconciled Depreciation": NaN,
        "Reconciled Cost Of Revenue": NaN,
        "EBITDA": NaN,
        "EBIT": NaN,
        "Net Interest Income": NaN,
        "Interest Expense": NaN,
        "Interest Income": NaN,
        "Normalized Income": NaN,
        "Net Income From Continuing And Discontinued Operation": NaN,
        "Total Expenses": NaN,
        "Rent Expense Supplemental": NaN,
        "Total Operating Income As Reported": NaN,
        "Diluted Average Shares": NaN,
        "Basic Average Shares": NaN,
        "Diluted EPS": NaN,
        "Basic EPS": NaN,
        "Diluted NI Availto Com Stockholders": NaN,
        "Net Income Common Stockholders": NaN,
        "Net Income": NaN,
        "Net Income Including Noncontrolling Interests": NaN,
        "Net Income Discontinuous Operations": 707000.0,
        "Net Income Continuous Operations": NaN,
        "Tax Provision": NaN,
        "Pretax Income": NaN,
        "Other Income Expense": NaN,
        "Other Non Operating Income Expenses": NaN,
        "Special Income Charges": 0.0,
        "Write Off": 0.0,
        "Earnings From Equity Interest": NaN,
        "Gain On Sale Of Security": NaN,
        "Net Non Operating Interest Income Expense": NaN,
        "Total Other Finance Cost": NaN,
        "Interest Expense Non Operating": NaN,
        "Interest Income Non Operating": NaN,
        "Operating Income": NaN,
        "Operating Expense": NaN,
        "Depreciation Amortization Depletion Income Statement": NaN,
        "Depreciation And Amortization In Income Statement": NaN,
        "Amortization": NaN,
        "Amortization Of Intangibles Income Statement": NaN,
        "Depreciation Income Statement": NaN,
        "Research And Development": NaN,
        "Selling General And Administration": NaN,
        "Selling And Marketing Expense": NaN,
        "General And Administrative Expense": NaN,
        "Other Gand A": NaN,
        "Insurance And Claims": NaN,
        "Rent And Landing Fees": NaN,
        "Salaries And Wages": NaN,
        "Gross Profit": NaN,
        "Cost Of Revenue": NaN,
        "Total Revenue": NaN,
        "Operating Revenue": NaN
    },
    "2022-06-30": {
        "Tax Effect Of Unusual Items": 0.0,
        "Tax Rate For Calcs": 0.0,
        "Normalized EBITDA": -11180000.0,
        "Total Unusual Items": -4646000.0,
        "Total Unusual Items Excluding Goodwill": -4646000.0,
        "Net Income From Continuing Operation Net Minority Interest": -26278000.0,
        "Reconciled Depreciation": 9177000.0,
        "Reconciled Cost Of Revenue": 9786000.0,
        "EBITDA": -15826000.0,
        "EBIT": -25003000.0,
        "Net Interest Income": -1097000.0,
        "Interest Expense": 1275000.0,
        "Interest Income": 178000.0,
        "Normalized Income": -21632000.0,
        "Net Income From Continuing And Discontinued Operation": -26278000.0,
        "Total Expenses": 36808000.0,
        "Rent Expense Supplemental": 670000.0,
        "Total Operating Income As Reported": -21706000.0,
        "Diluted Average Shares": 118112000.0,
        "Basic Average Shares": 118112000.0,
        "Diluted EPS": -0.22,
        "Basic EPS": -0.22,
        "Diluted NI Availto Com Stockholders": -26278000.0,
        "Net Income Common Stockholders": -26278000.0,
        "Net Income": -26278000.0,
        "Net Income Including Noncontrolling Interests": -26278000.0,
        "Net Income Discontinuous Operations": 0.0,
        "Net Income Continuous Operations": -26278000.0,
        "Tax Provision": 0.0,
        "Pretax Income": -26278000.0,
        "Other Income Expense": -3475000.0,
        "Other Non Operating Income Expenses": -42000.0,
        "Special Income Charges": 0.0,
        "Write Off": 0.0,
        "Earnings From Equity Interest": 1213000.0,
        "Gain On Sale Of Security": -4646000.0,
        "Net Non Operating Interest Income Expense": -1097000.0,
        "Total Other Finance Cost": NaN,
        "Interest Expense Non Operating": 1275000.0,
        "Interest Income Non Operating": 178000.0,
        "Operating Income": -21706000.0,
        "Operating Expense": 27022000.0,
        "Depreciation Amortization Depletion Income Statement": 9177000.0,
        "Depreciation And Amortization In Income Statement": 9177000.0,
        "Amortization": 140000.0,
        "Amortization Of Intangibles Income Statement": 140000.0,
        "Depreciation Income Statement": 9037000.0,
        "Research And Development": 106000.0,
        "Selling General And Administration": 17739000.0,
        "Selling And Marketing Expense": 2105000.0,
        "General And Administrative Expense": 15399000.0,
        "Other Gand A": 2142000.0,
        "Insurance And Claims": 1245000.0,
        "Rent And Landing Fees": 670000.0,
        "Salaries And Wages": 11342000.0,
        "Gross Profit": 5316000.0,
        "Cost Of Revenue": 9786000.0,
        "Total Revenue": 15102000.0,
        "Operating Revenue": 15102000.0
    },
    "2022-03-31": {
        "Diluted EPS": -0.17,
        "Total Revenue": 14,
        "Gross Profit": 3,
        "Operating Income": -27,
        "EBIT": -19,
        "Net Income": -20
    },
    "2021-12-31": {
        "Diluted EPS": -1.39,
        "Total Revenue": 11,
        "Gross Profit": 1,
        "Operating Income": -32,
        "EBIT": -27,
        "Net Income": 5
    },
    "2021-09-30": {
        "Diluted EPS": -0.67,
        "Total Revenue": 8,
        "Gross Profit": -5,
        "Operating Income": -49,
        "EBIT": -45,
        "Net Income": -47
    },
    "2021-06-30": {
        "Diluted EPS": -0.63,
        "Total Revenue": 7,
        "Gross Profit": 1,
        "Operating Income": -30,
        "EBIT": -26,
        "Net Income": -36
    },
    "2021-03-31": {
        "Diluted EPS": -0.7,
        "Total Revenue": 7,
        "Gross Profit": 2,
        "Operating Income": -9,
        "EBIT": -6,
        "Net Income": -169
    },
    "2020-12-31": {
        "Diluted EPS": 0.49,
        "Total Revenue": 16,
        "Gross Profit": 0,
        "Operating Income": -28,
        "EBIT": -25,
        "Net Income": -2
    },
    "2020-09-30": {
        "Diluted EPS": -0.42,
        "Total Revenue": 5,
        "Gross Profit": -3,
        "Operating Income": -13,
        "EBIT": -13,
        "Net Income": -14
    },
    "2020-06-30": {
        "Diluted EPS": -0.83,
        "Total Revenue": NaN,
        "Gross Profit": NaN,
        "Operating Income": 0,
        "EBIT": 0,
        "Net Income": -9
    },
    "2020-03-31": {
        "Diluted EPS": 0.16,
        "Total Revenue": NaN,
        "Gross Profit": NaN,
        "Operating Income": 0,
        "EBIT": 0,
        "Net Income": 6
    },
    "2019-12-31": {
        "Diluted EPS": 0.0,
        "Total Revenue": NaN,
        "Gross Profit": NaN,
        "Operating Income": 0,
        "EBIT": 0,
        "Net Income": -7
    },
    "2019-09-30": {
        "Diluted EPS": 0.0,
        "Total Revenue": NaN,
        "Gross Profit": NaN,
        "Operating Income": 0,
        "EBIT": 0,
        "Net Income": 0
    },
    "2019-06-30": {
        "Diluted EPS": 0.0,
        "Total Revenue": NaN,
        "Gross Profit": NaN,
        "Operating Income": 0,
        "EBIT": 0,
        "Net Income": 0
    },
    "2019-03-31": {
        "Diluted EPS": 0.0,
        "Total Revenue": NaN,
        "Gross Profit": NaN,
        "Operating Income": 0,
        "EBIT": 0,
        "Net Income": 0
    },
    "2018-12-31": {
        "Diluted EPS": 0.0,
        "Total Revenue": NaN,
        "Gross Profit": NaN,
        "Operating Income": NaN,
        "EBIT": NaN,
        "Net Income": NaN
    },
    "2023-06-30": {
        "Tax Effect Of Unusual Items": NaN,
        "Tax Rate For Calcs": NaN,
        "Normalized EBITDA": NaN,
        "Total Unusual Items": NaN,
        "Total Unusual Items Excluding Goodwill": NaN,
        "Net Income From Continuing Operation Net Minority Interest": NaN,
        "Reconciled Depreciation": NaN,
        "Reconciled Cost Of Revenue": NaN,
        "EBITDA": NaN,
        "EBIT": NaN,
        "Net Interest Income": NaN,
        "Interest Expense": NaN,
        "Interest Income": NaN,
        "Normalized Income": NaN,
        "Net Income From Continuing And Discontinued Operation": NaN,
        "Total Expenses": NaN,
        "Rent Expense Supplemental": NaN,
        "Total Operating Income As Reported": NaN,
        "Diluted Average Shares": NaN,
        "Basic Average Shares": NaN,
        "Diluted EPS": NaN,
        "Basic EPS": NaN,
        "Diluted NI Availto Com Stockholders": NaN,
        "Net Income Common Stockholders": NaN,
        "Net Income": NaN,
        "Net Income Including Noncontrolling Interests": NaN,
        "Net Income Discontinuous Operations": NaN,
        "Net Income Continuous Operations": NaN,
        "Tax Provision": NaN,
        "Pretax Income": NaN,
        "Other Income Expense": NaN,
        "Other Non Operating Income Expenses": NaN,
        "Earnings From Equity Interest": NaN,
        "Gain On Sale Of Security": NaN,
        "Net Non Operating Interest Income Expense": NaN,
        "Total Other Finance Cost": 800000.0,
        "Interest Expense Non Operating": NaN,
        "Interest Income Non Operating": NaN,
        "Operating Income": NaN,
        "Operating Expense": NaN,
        "Depreciation Amortization Depletion Income Statement": NaN,
        "Depreciation And Amortization In Income Statement": NaN,
        "Amortization": NaN,
        "Amortization Of Intangibles Income Statement": NaN,
        "Depreciation Income Statement": NaN,
        "Research And Development": NaN,
        "Selling General And Administration": NaN,
        "Selling And Marketing Expense": NaN,
        "General And Administrative Expense": NaN,
        "Other Gand A": NaN,
        "Insurance And Claims": NaN,
        "Rent And Landing Fees": NaN,
        "Salaries And Wages": NaN,
        "Gross Profit": NaN,
        "Cost Of Revenue": NaN,
        "Total Revenue": NaN,
        "Operating Revenue": NaN
    },
    "2023-09-30": {
        "Tax Effect Of Unusual Items": 2887645.756458,
        "Tax Rate For Calcs": 0.169742,
        "Normalized EBITDA": -2223000.0,
        "Total Unusual Items": 17012000.0,
        "Total Unusual Items Excluding Goodwill": 17012000.0,
        "Net Income From Continuing Operation Net Minority Interest": 675000.0,
        "Reconciled Depreciation": 11444000.0,
        "Reconciled Cost Of Revenue": 6627000.0,
        "EBITDA": 14789000.0,
        "EBIT": 3345000.0,
        "Net Interest Income": -2013000.0,
        "Interest Expense": 2532000.0,
        "Interest Income": 519000.0,
        "Normalized Income": -13449354.243542,
        "Net Income From Continuing And Discontinued Operation": 675000.0,
        "Total Expenses": 35775000.0,
        "Rent Expense Supplemental": 354000.0,
        "Total Operating Income As Reported": -14516000.0,
        "Diluted Average Shares": 17883000.0,
        "Basic Average Shares": 17360000.0,
        "Diluted EPS": 0.04,
        "Basic EPS": 0.04,
        "Diluted NI Availto Com Stockholders": 675000.0,
        "Net Income Common Stockholders": 675000.0,
        "Net Income": 675000.0,
        "Net Income Including Noncontrolling Interests": 675000.0,
        "Net Income Discontinuous Operations": 0.0,
        "Net Income Continuous Operations": 675000.0,
        "Tax Provision": 138000.0,
        "Pretax Income": 813000.0,
        "Other Income Expense": 17342000.0,
        "Other Non Operating Income Expenses": 2000.0,
        "Earnings From Equity Interest": 328000.0,
        "Gain On Sale Of Security": 17012000.0,
        "Net Non Operating Interest Income Expense": -2013000.0,
        "Total Other Finance Cost": NaN,
        "Interest Expense Non Operating": 2532000.0,
        "Interest Income Non Operating": 519000.0,
        "Operating Income": -14515000.0,
        "Operating Expense": 29008000.0,
        "Depreciation Amortization Depletion Income Statement": 11304000.0,
        "Depreciation And Amortization In Income Statement": 11304000.0,
        "Amortization": 140000.0,
        "Amortization Of Intangibles Income Statement": 140000.0,
        "Depreciation Income Statement": 11164000.0,
        "Research And Development": 323000.0,
        "Selling General And Administration": 17381000.0,
        "Selling And Marketing Expense": 877000.0,
        "General And Administrative Expense": 16504000.0,
        "Other Gand A": 2927000.0,
        "Insurance And Claims": 590000.0,
        "Rent And Landing Fees": 354000.0,
        "Salaries And Wages": 12633000.0,
        "Gross Profit": 14493000.0,
        "Cost Of Revenue": 6767000.0,
        "Total Revenue": 21260000.0,
        "Operating Revenue": 21260000.0
    },
    "2023-12-31": {
        "Tax Effect Of Unusual Items": 49140.0,
        "Tax Rate For Calcs": 0.21,
        "Normalized EBITDA": 9965000.0,
        "Total Unusual Items": 234000.0,
        "Total Unusual Items Excluding Goodwill": 234000.0,
        "Net Income From Continuing Operation Net Minority Interest": -3788000.0,
        "Reconciled Depreciation": 10895000.0,
        "Reconciled Cost Of Revenue": 11811000.0,
        "EBITDA": 10199000.0,
        "EBIT": -696000.0,
        "Net Interest Income": -2218000.0,
        "Interest Expense": 2679000.0,
        "Interest Income": 461000.0,
        "Normalized Income": -3972860.0,
        "Net Income From Continuing And Discontinued Operation": -3788000.0,
        "Total Expenses": 40152000.0,
        "Rent Expense Supplemental": 338000.0,
        "Total Operating Income As Reported": -4644000.0,
        "Diluted Average Shares": 17667875.0,
        "Basic Average Shares": 17667875.0,
        "Diluted EPS": -0.24,
        "Basic EPS": -0.24,
        "Diluted NI Availto Com Stockholders": -3788000.0,
        "Net Income Common Stockholders": -3788000.0,
        "Net Income": -3788000.0,
        "Net Income Including Noncontrolling Interests": -3788000.0,
        "Net Income Discontinuous Operations": 0.0,
        "Net Income Continuous Operations": -3788000.0,
        "Tax Provision": 413000.0,
        "Pretax Income": -3375000.0,
        "Other Income Expense": 3487000.0,
        "Other Non Operating Income Expenses": 1000.0,
        "Earnings From Equity Interest": 3252000.0,
        "Gain On Sale Of Security": 234000.0,
        "Net Non Operating Interest Income Expense": -2218000.0,
        "Total Other Finance Cost": 0.0,
        "Interest Expense Non Operating": 2679000.0,
        "Interest Income Non Operating": 461000.0,
        "Operating Income": -4644000.0,
        "Operating Expense": 28142000.0,
        "Depreciation Amortization Depletion Income Statement": 10696000.0,
        "Depreciation And Amortization In Income Statement": 10696000.0,
        "Amortization": 140000.0,
        "Amortization Of Intangibles Income Statement": 140000.0,
        "Depreciation Income Statement": 10556000.0,
        "Research And Development": 368000.0,
        "Selling General And Administration": 17078000.0,
        "Selling And Marketing Expense": 899000.0,
        "General And Administrative Expense": 16179000.0,
        "Other Gand A": 2904000.0,
        "Insurance And Claims": 495000.0,
        "Rent And Landing Fees": 338000.0,
        "Salaries And Wages": 12442000.0,
        "Gross Profit": 23498000.0,
        "Cost Of Revenue": 12010000.0,
        "Total Revenue": 35508000.0,
        "Operating Revenue": 35508000.0
    },
    "2024-03-31": {
        "Tax Effect Of Unusual Items": -53340.0,
        "Tax Rate For Calcs": 0.21,
        "Normalized EBITDA": -1477000.0,
        "Total Unusual Items": -254000.0,
        "Total Unusual Items Excluding Goodwill": -254000.0,
        "Net Income From Continuing Operation Net Minority Interest": -15810000.0,
        "Reconciled Depreciation": 11375000.0,
        "Reconciled Cost Of Revenue": 6842000.0,
        "EBITDA": -1731000.0,
        "EBIT": -13106000.0,
        "Net Interest Income": -2234000.0,
        "Interest Expense": 2634000.0,
        "Interest Income": 400000.0,
        "Normalized Income": -15609340.0,
        "Net Income From Continuing And Discontinued Operation": -15810000.0,
        "Total Expenses": 37489000.0,
        "Rent Expense Supplemental": 498000.0,
        "Total Operating Income As Reported": -13253000.0,
        "Diluted Average Shares": 17903500.0,
        "Basic Average Shares": 17903500.0,
        "Diluted EPS": -0.88,
        "Basic EPS": -0.88,
        "Diluted NI Availto Com Stockholders": -15810000.0,
        "Net Income Common Stockholders": -15810000.0,
        "Net Income": -15810000.0,
        "Net Income Including Noncontrolling Interests": -15810000.0,
        "Net Income Discontinuous Operations": NaN,
        "Net Income Continuous Operations": -15810000.0,
        "Tax Provision": 70000.0,
        "Pretax Income": -15740000.0,
        "Other Income Expense": -253000.0,
        "Other Non Operating Income Expenses": 1000.0,
        "Earnings From Equity Interest": 0.0,
        "Gain On Sale Of Security": -254000.0,
        "Net Non Operating Interest Income Expense": -2234000.0,
        "Total Other Finance Cost": NaN,
        "Interest Expense Non Operating": 2634000.0,
        "Interest Income Non Operating": 400000.0,
        "Operating Income": -13253000.0,
        "Operating Expense": 30456000.0,
        "Depreciation Amortization Depletion Income Statement": 11184000.0,
        "Depreciation And Amortization In Income Statement": 11184000.0,
        "Amortization": 140000.0,
        "Amortization Of Intangibles Income Statement": 140000.0,
        "Depreciation Income Statement": 11044000.0,
        "Research And Development": 725000.0,
        "Selling General And Administration": 18547000.0,
        "Selling And Marketing Expense": 666000.0,
        "General And Administrative Expense": 17881000.0,
        "Other Gand A": 3107000.0,
        "Insurance And Claims": 472000.0,
        "Rent And Landing Fees": 498000.0,
        "Salaries And Wages": 13804000.0,
        "Gross Profit": 17203000.0,
        "Cost Of Revenue": 7033000.0,
        "Total Revenue": 24236000.0,
        "Operating Revenue": 24236000.0
    },
    "2024-06-30": {
        "Tax Effect Of Unusual Items": 1107330.0,
        "Tax Rate For Calcs": 0.21,
        "Normalized EBITDA": 71000.0,
        "Total Unusual Items": 5273000.0,
        "Total Unusual Items Excluding Goodwill": 5273000.0,
        "Net Income From Continuing Operation Net Minority Interest": -9397000.0,
        "Reconciled Depreciation": 11460000.0,
        "Reconciled Cost Of Revenue": 6699000.0,
        "EBITDA": 5344000.0,
        "EBIT": -6116000.0,
        "Net Interest Income": -2699000.0,
        "Interest Expense": 3029000.0,
        "Interest Income": 330000.0,
        "Normalized Income": -13562670.0,
        "Net Income From Continuing And Discontinued Operation": -9397000.0,
        "Total Expenses": 36659000.0,
        "Rent Expense Supplemental": 466000.0,
        "Total Operating Income As Reported": -11721000.0,
        "Diluted Average Shares": 18148250.0,
        "Basic Average Shares": 18148250.0,
        "Diluted EPS": -0.48,
        "Basic EPS": -0.48,
        "Diluted NI Availto Com Stockholders": -9397000.0,
        "Net Income Common Stockholders": -9397000.0,
        "Net Income": -9397000.0,
        "Net Income Including Noncontrolling Interests": -9397000.0,
        "Net Income Discontinuous Operations": NaN,
        "Net Income Continuous Operations": -9397000.0,
        "Tax Provision": 252000.0,
        "Pretax Income": -9145000.0,
        "Other Income Expense": 5275000.0,
        "Other Non Operating Income Expenses": 2000.0,
        "Earnings From Equity Interest": 0.0,
        "Gain On Sale Of Security": 5273000.0,
        "Net Non Operating Interest Income Expense": -2699000.0,
        "Total Other Finance Cost": NaN,
        "Interest Expense Non Operating": 3029000.0,
        "Interest Income Non Operating": 330000.0,
        "Operating Income": -11721000.0,
        "Operating Expense": 29777000.0,
        "Depreciation Amortization Depletion Income Statement": 11277000.0,
        "Depreciation And Amortization In Income Statement": 11277000.0,
        "Amortization": 141000.0,
        "Amortization Of Intangibles Income Statement": 141000.0,
        "Depreciation Income Statement": 11136000.0,
        "Research And Development": 570000.0,
        "Selling General And Administration": 17930000.0,
        "Selling And Marketing Expense": 1233000.0,
        "General And Administrative Expense": 16697000.0,
        "Other Gand A": 3126000.0,
        "Insurance And Claims": 466000.0,
        "Rent And Landing Fees": 466000.0,
        "Salaries And Wages": 12639000.0,
        "Gross Profit": 18056000.0,
        "Cost Of Revenue": 6882000.0,
        "Total Revenue": 24938000.0,
        "Operating Revenue": 24938000.0
    },
    "2024-09-30": {
        "Tax Effect Of Unusual Items": 750540.0,
        "Tax Rate For Calcs": 0.21,
        "Normalized EBITDA": -1715000.0,
        "Total Unusual Items": 3574000.0,
        "Total Unusual Items Excluding Goodwill": 3574000.0,
        "Net Income From Continuing Operation Net Minority Interest": -12591000.0,
        "Reconciled Depreciation": 11280000.0,
        "Reconciled Cost Of Revenue": 6495000.0,
        "EBITDA": 1859000.0,
        "EBIT": -9421000.0,
        "Net Interest Income": -2885000.0,
        "Interest Expense": 3142000.0,
        "Interest Income": 257000.0,
        "Normalized Income": -15414460.0,
        "Net Income From Continuing And Discontinued Operation": -12591000.0,
        "Total Expenses": 35779000.0,
        "Rent Expense Supplemental": 445000.0,
        "Total Operating Income As Reported": -13230000.0,
        "Diluted Average Shares": 19120000.0,
        "Basic Average Shares": 19120000.0,
        "Diluted EPS": -0.66,
        "Basic EPS": -0.66,
        "Diluted NI Availto Com Stockholders": -12591000.0,
        "Net Income Common Stockholders": -12591000.0,
        "Net Income": -12591000.0,
        "Net Income Including Noncontrolling Interests": -12591000.0,
        "Net Income Discontinuous Operations": NaN,
        "Net Income Continuous Operations": -12591000.0,
        "Tax Provision": 28000.0,
        "Pretax Income": -12563000.0,
        "Other Income Expense": 3552000.0,
        "Other Non Operating Income Expenses": -22000.0,
        "Earnings From Equity Interest": 0.0,
        "Gain On Sale Of Security": 3574000.0,
        "Net Non Operating Interest Income Expense": -2885000.0,
        "Total Other Finance Cost": NaN,
        "Interest Expense Non Operating": 3142000.0,
        "Interest Income Non Operating": 257000.0,
        "Operating Income": -13230000.0,
        "Operating Expense": 29129000.0,
        "Depreciation Amortization Depletion Income Statement": 11125000.0,
        "Depreciation And Amortization In Income Statement": 11125000.0,
        "Amortization": 140000.0,
        "Amortization Of Intangibles Income Statement": 140000.0,
        "Depreciation Income Statement": 10985000.0,
        "Research And Development": 266000.0,
        "Selling General And Administration": 17738000.0,
        "Selling And Marketing Expense": 947000.0,
        "General And Administrative Expense": 16791000.0,
        "Other Gand A": 3110000.0,
        "Insurance And Claims": 463000.0,
        "Rent And Landing Fees": 445000.0,
        "Salaries And Wages": 12773000.0,
        "Gross Profit": 15899000.0,
        "Cost Of Revenue": 6650000.0,
        "Total Revenue": 22549000.0,
        "Operating Revenue": 22549000.0
    }
}