{
    "2023-03-31": {
        "Tax Effect Of Unusual Items": -2400000.0,
        "Tax Rate For Calcs": 0.4,
        "Normalized EBITDA": 58000000.0,
        "Total Unusual Items": -6000000.0,
        "Total Unusual Items Excluding Goodwill": -6000000.0,
        "Net Income From Continuing Operation Net Minority Interest": -90000000.0,
        "Reconciled Depreciation": 57000000.0,
        "Reconciled Cost Of Revenue": 372000000.0,
        "EBITDA": 52000000.0,
        "EBIT": -5000000.0,
        "Net Interest Income": -47000000.0,
        "Interest Expense": 50000000.0,
        "Interest Income": 3000000.0,
        "Normalized Income": -86400000.0,
        "Net Income From Continuing And Discontinued Operation": -90000000.0,
        "Total Expenses": 924000000.0,
        "Total Operating Income As Reported": -2000000.0,
        "Diluted Average Shares": 350000000.0,
        "Basic Average Shares": 350000000.0,
        "Diluted EPS": -0.26,
        "Basic EPS": -0.26,
        "Diluted NI Availto Com Stockholders": -90000000.0,
        "Net Income Common Stockholders": -90000000.0,
        "Net Income": -90000000.0,
        "Minority Interests": -2000000.0,
        "Net Income Including Noncontrolling Interests": -88000000.0,
        "Net Income Continuous Operations": -88000000.0,
        "Tax Provision": 33000000.0,
        "Pretax Income": -55000000.0,
        "Other Income Expense": -15000000.0,
        "Other Non Operating Income Expenses": -9000000.0,
        "Special Income Charges": -9000000.0,
        "Other Special Charges": NaN,
        "Write Off": NaN,
        "Restructuring And Mergern Acquisition": 9000000.0,
        "Gain On Sale Of Security": -6000000.0,
        "Net Non Operating Interest Income Expense": -47000000.0,
        "Interest Expense Non Operating": 50000000.0,
        "Interest Income Non Operating": 3000000.0,
        "Operating Income": 7000000.0,
        "Operating Expense": 552000000.0,
        "Depreciation Amortization Depletion Income Statement": 57000000.0,
        "Depreciation And Amortization In Income Statement": 57000000.0,
        "Amortization": 57000000.0,
        "Amortization Of Intangibles Income Statement": 57000000.0,
        "Research And Development": 77000000.0,
        "Selling General And Administration": 418000000.0,
        "Gross Profit": 559000000.0,
        "Cost Of Revenue": 372000000.0,
        "Total Revenue": 931000000.0,
        "Operating Revenue": 928000000.0
    },
    "2022-12-31": {
        "Tax Effect Of Unusual Items": -2358900.0,
        "Tax Rate For Calcs": 0.2621,
        "Normalized EBITDA": 110000000.0,
        "Total Unusual Items": -9000000.0,
        "Total Unusual Items Excluding Goodwill": -9000000.0,
        "Net Income From Continuing Operation Net Minority Interest": -1000000.0,
        "Reconciled Depreciation": 56000000.0,
        "Reconciled Cost Of Revenue": 420000000.0,
        "EBITDA": 101000000.0,
        "EBIT": 45000000.0,
        "Net Interest Income": -44000000.0,
        "Interest Expense": 47000000.0,
        "Interest Income": 3000000.0,
        "Normalized Income": 5641100.0,
        "Net Income From Continuing And Discontinued Operation": -1000000.0,
        "Total Expenses": 940000000.0,
        "Total Operating Income As Reported": 51000000.0,
        "Diluted Average Shares": 350000000.0,
        "Basic Average Shares": 350000000.0,
        "Diluted EPS": -0.002857,
        "Basic EPS": -0.002857,
        "Diluted NI Availto Com Stockholders": -1000000.0,
        "Net Income Common Stockholders": -1000000.0,
        "Net Income": -1000000.0,
        "Minority Interests": -1000000.0,
        "Net Income Including Noncontrolling Interests": 0.0,
        "Net Income Continuous Operations": 0.0,
        "Tax Provision": -2000000.0,
        "Pretax Income": -2000000.0,
        "Other Income Expense": -14000000.0,
        "Other Non Operating Income Expenses": -5000000.0,
        "Special Income Charges": -5000000.0,
        "Other Special Charges": NaN,
        "Write Off": NaN,
        "Restructuring And Mergern Acquisition": 4000000.0,
        "Gain On Sale Of Security": -9000000.0,
        "Net Non Operating Interest Income Expense": -44000000.0,
        "Interest Expense Non Operating": 47000000.0,
        "Interest Income Non Operating": 3000000.0,
        "Operating Income": 56000000.0,
        "Operating Expense": 520000000.0,
        "Depreciation Amortization Depletion Income Statement": 56000000.0,
        "Depreciation And Amortization In Income Statement": 56000000.0,
        "Amortization": 56000000.0,
        "Amortization Of Intangibles Income Statement": 56000000.0,
        "Research And Development": 78000000.0,
        "Selling General And Administration": 386000000.0,
        "Gross Profit": 576000000.0,
        "Cost Of Revenue": 420000000.0,
        "Total Revenue": 996000000.0,
        "Operating Revenue": 991000000.0
    },
    "2022-09-30": {
        "Tax Effect Of Unusual Items": 0.0,
        "Tax Rate For Calcs": 0.4,
        "Normalized EBITDA": 147000000.0,
        "Total Unusual Items": 0.0,
        "Total Unusual Items Excluding Goodwill": 0.0,
        "Net Income From Continuing Operation Net Minority Interest": -18000000.0,
        "Reconciled Depreciation": 93000000.0,
        "Reconciled Cost Of Revenue": 338000000.0,
        "EBITDA": 147000000.0,
        "EBIT": 54000000.0,
        "Net Interest Income": -33000000.0,
        "Interest Expense": 35000000.0,
        "Interest Income": 2000000.0,
        "Normalized Income": -18000000.0,
        "Net Income From Continuing And Discontinued Operation": -18000000.0,
        "Total Expenses": 889000000.0,
        "Total Operating Income As Reported": 46000000.0,
        "Diluted Average Shares": 350000000.0,
        "Basic Average Shares": 350000000.0,
        "Diluted EPS": -0.05,
        "Basic EPS": -0.05,
        "Diluted NI Availto Com Stockholders": -18000000.0,
        "Net Income Common Stockholders": -18000000.0,
        "Net Income": -18000000.0,
        "Minority Interests": -3000000.0,
        "Net Income Including Noncontrolling Interests": -15000000.0,
        "Net Income Continuous Operations": -15000000.0,
        "Tax Provision": 34000000.0,
        "Pretax Income": 19000000.0,
        "Other Income Expense": -1000000.0,
        "Other Non Operating Income Expenses": -1000000.0,
        "Special Income Charges": -6000000.0,
        "Other Special Charges": 1000000.0,
        "Write Off": 1000000.0,
        "Restructuring And Mergern Acquisition": 5000000.0,
        "Gain On Sale Of Security": 6000000.0,
        "Net Non Operating Interest Income Expense": -33000000.0,
        "Interest Expense Non Operating": 35000000.0,
        "Interest Income Non Operating": 2000000.0,
        "Operating Income": 53000000.0,
        "Operating Expense": 517000000.0,
        "Depreciation Amortization Depletion Income Statement": 59000000.0,
        "Depreciation And Amortization In Income Statement": 59000000.0,
        "Amortization": 59000000.0,
        "Amortization Of Intangibles Income Statement": 59000000.0,
        "Research And Development": 77000000.0,
        "Selling General And Administration": 381000000.0,
        "Gross Profit": 570000000.0,
        "Cost Of Revenue": 372000000.0,
        "Total Revenue": 942000000.0,
        "Operating Revenue": 937000000.0
    },
    "2022-06-30": {
        "Tax Effect Of Unusual Items": 6000000.0,
        "Tax Rate For Calcs": 0.4,
        "Normalized EBITDA": 154000000.0,
        "Total Unusual Items": 15000000.0,
        "Total Unusual Items Excluding Goodwill": 15000000.0,
        "Net Income From Continuing Operation Net Minority Interest": 5000000.0,
        "Reconciled Depreciation": 98000000.0,
        "Reconciled Cost Of Revenue": 345000000.0,
        "EBITDA": 169000000.0,
        "EBIT": 71000000.0,
        "Net Interest Income": -43000000.0,
        "Interest Expense": 44000000.0,
        "Interest Income": 1000000.0,
        "Normalized Income": -4000000.0,
        "Net Income From Continuing And Discontinued Operation": 5000000.0,
        "Total Expenses": 886000000.0,
        "Total Operating Income As Reported": 56000000.0,
        "Diluted Average Shares": 350000000.0,
        "Basic Average Shares": 350000000.0,
        "Diluted EPS": 0.01,
        "Basic EPS": 0.01,
        "Diluted NI Availto Com Stockholders": 5000000.0,
        "Net Income Common Stockholders": 5000000.0,
        "Net Income": 5000000.0,
        "Minority Interests": -2000000.0,
        "Net Income Including Noncontrolling Interests": 7000000.0,
        "Net Income Continuous Operations": 7000000.0,
        "Tax Provision": 20000000.0,
        "Pretax Income": 27000000.0,
        "Other Income Expense": 15000000.0,
        "Other Non Operating Income Expenses": NaN,
        "Special Income Charges": 1000000.0,
        "Other Special Charges": NaN,
        "Write Off": 0.0,
        "Restructuring And Mergern Acquisition": -1000000.0,
        "Gain On Sale Of Security": 14000000.0,
        "Net Non Operating Interest Income Expense": -43000000.0,
        "Interest Expense Non Operating": 44000000.0,
        "Interest Income Non Operating": 1000000.0,
        "Operating Income": 55000000.0,
        "Operating Expense": 507000000.0,
        "Depreciation Amortization Depletion Income Statement": 64000000.0,
        "Depreciation And Amortization In Income Statement": 64000000.0,
        "Amortization": 64000000.0,
        "Amortization Of Intangibles Income Statement": 64000000.0,
        "Research And Development": 75000000.0,
        "Selling General And Administration": 368000000.0,
        "Gross Profit": 562000000.0,
        "Cost Of Revenue": 379000000.0,
        "Total Revenue": 941000000.0,
        "Operating Revenue": 935000000.0
    },
    "2023-06-30": {
        "Tax Effect Of Unusual Items": -3600000.0,
        "Tax Rate For Calcs": 0.4,
        "Normalized EBITDA": 104000000.0,
        "Total Unusual Items": -9000000.0,
        "Total Unusual Items Excluding Goodwill": -9000000.0,
        "Net Income From Continuing Operation Net Minority Interest": -32000000.0,
        "Reconciled Depreciation": 56000000.0,
        "Reconciled Cost Of Revenue": 417000000.0,
        "EBITDA": 95000000.0,
        "EBIT": 39000000.0,
        "Net Interest Income": -53000000.0,
        "Interest Expense": 58000000.0,
        "Interest Income": 5000000.0,
        "Normalized Income": -26600000.0,
        "Net Income From Continuing And Discontinued Operation": -32000000.0,
        "Total Expenses": 975000000.0,
        "Total Operating Income As Reported": 43000000.0,
        "Diluted Average Shares": 350000000.0,
        "Basic Average Shares": 350000000.0,
        "Diluted EPS": -0.09,
        "Basic EPS": -0.09,
        "Diluted NI Availto Com Stockholders": -32000000.0,
        "Net Income Common Stockholders": -32000000.0,
        "Net Income": -32000000.0,
        "Minority Interests": -3000000.0,
        "Net Income Including Noncontrolling Interests": -29000000.0,
        "Net Income Continuous Operations": -29000000.0,
        "Tax Provision": 10000000.0,
        "Pretax Income": -19000000.0,
        "Other Income Expense": -26000000.0,
        "Other Non Operating Income Expenses": -17000000.0,
        "Special Income Charges": -17000000.0,
        "Other Special Charges": NaN,
        "Write Off": NaN,
        "Restructuring And Mergern Acquisition": 17000000.0,
        "Gain On Sale Of Security": -9000000.0,
        "Net Non Operating Interest Income Expense": -53000000.0,
        "Interest Expense Non Operating": 58000000.0,
        "Interest Income Non Operating": 5000000.0,
        "Operating Income": 60000000.0,
        "Operating Expense": 558000000.0,
        "Depreciation Amortization Depletion Income Statement": 56000000.0,
        "Depreciation And Amortization In Income Statement": 56000000.0,
        "Amortization": 56000000.0,
        "Amortization Of Intangibles Income Statement": 56000000.0,
        "Research And Development": 85000000.0,
        "Selling General And Administration": 417000000.0,
        "Gross Profit": 618000000.0,
        "Cost Of Revenue": 417000000.0,
        "Total Revenue": 1035000000.0,
        "Operating Revenue": 1031000000.0
    },
    "2022-03-31": {
        "Diluted EPS": 0.06,
        "Total Revenue": 889,
        "Gross Profit": 541,
        "Operating Income": 54,
        "EBIT": 149,
        "Net Income": 20
    },
    "2021-12-31": {
        "Diluted EPS": 0.14,
        "Total Revenue": NaN,
        "Gross Profit": 598,
        "Operating Income": 92,
        "EBIT": 192,
        "Net Income": 51
    },
    "2021-09-30": {
        "Diluted EPS": 0.17,
        "Total Revenue": 949,
        "Gross Profit": 585,
        "Operating Income": 94,
        "EBIT": 192,
        "Net Income": 60
    },
    "2021-06-30": {
        "Diluted EPS": 0.13,
        "Total Revenue": 934,
        "Gross Profit": 567,
        "Operating Income": 58,
        "EBIT": 169,
        "Net Income": 44
    },
    "2021-03-31": {
        "Diluted EPS": 0.08,
        "Total Revenue": 881,
        "Gross Profit": 548,
        "Operating Income": 85,
        "EBIT": 191,
        "Net Income": 27
    },
    "2020-12-31": {
        "Diluted EPS": 0.0,
        "Total Revenue": NaN,
        "Gross Profit": NaN,
        "Operating Income": NaN,
        "EBIT": NaN,
        "Net Income": NaN
    },
    "2023-09-30": {
        "Tax Effect Of Unusual Items": -1200000.0,
        "Tax Rate For Calcs": 0.4,
        "Normalized EBITDA": 91000000.0,
        "Total Unusual Items": -3000000.0,
        "Total Unusual Items Excluding Goodwill": -3000000.0,
        "Net Income From Continuing Operation Net Minority Interest": -84000000.0,
        "Reconciled Depreciation": 47000000.0,
        "Reconciled Cost Of Revenue": 392000000.0,
        "EBITDA": 88000000.0,
        "EBIT": 41000000.0,
        "Net Interest Income": -72000000.0,
        "Interest Expense": 76000000.0,
        "Interest Income": 4000000.0,
        "Normalized Income": -82200000.0,
        "Net Income From Continuing And Discontinued Operation": -84000000.0,
        "Total Expenses": 939000000.0,
        "Total Operating Income As Reported": 40000000.0,
        "Diluted Average Shares": 350800000.0,
        "Basic Average Shares": 350800000.0,
        "Diluted EPS": -0.24,
        "Basic EPS": -0.24,
        "Diluted NI Availto Com Stockholders": -84000000.0,
        "Net Income Common Stockholders": -84000000.0,
        "Net Income": -84000000.0,
        "Minority Interests": -4000000.0,
        "Net Income Including Noncontrolling Interests": -80000000.0,
        "Net Income Continuous Operations": -80000000.0,
        "Tax Provision": 45000000.0,
        "Pretax Income": -35000000.0,
        "Other Income Expense": -31000000.0,
        "Other Non Operating Income Expenses": -28000000.0,
        "Special Income Charges": NaN,
        "Other Special Charges": NaN,
        "Write Off": NaN,
        "Restructuring And Mergern Acquisition": NaN,
        "Gain On Sale Of Security": -3000000.0,
        "Net Non Operating Interest Income Expense": -72000000.0,
        "Interest Expense Non Operating": 76000000.0,
        "Interest Income Non Operating": 4000000.0,
        "Operating Income": 68000000.0,
        "Operating Expense": 547000000.0,
        "Depreciation Amortization Depletion Income Statement": 47000000.0,
        "Depreciation And Amortization In Income Statement": 47000000.0,
        "Amortization": 47000000.0,
        "Amortization Of Intangibles Income Statement": 47000000.0,
        "Research And Development": 82000000.0,
        "Selling General And Administration": 418000000.0,
        "Gross Profit": 615000000.0,
        "Cost Of Revenue": 392000000.0,
        "Total Revenue": 1007000000.0,
        "Operating Revenue": 1004000000.0
    }
}