{
    "2023-03-31": {
        "Tax Effect Of Unusual Items": NaN,
        "Tax Rate For Calcs": NaN,
        "Normalized EBITDA": NaN,
        "Total Unusual Items": NaN,
        "Total Unusual Items Excluding Goodwill": NaN,
        "Net Income From Continuing Operation Net Minority Interest": NaN,
        "Reconciled Depreciation": NaN,
        "Reconciled Cost Of Revenue": NaN,
        "EBITDA": NaN,
        "EBIT": NaN,
        "Net Interest Income": NaN,
        "Interest Expense": 411000.0,
        "Normalized Income": NaN,
        "Net Income From Continuing And Discontinued Operation": NaN,
        "Total Expenses": NaN,
        "Total Operating Income As Reported": NaN,
        "Diluted Average Shares": 43027612.0,
        "Basic Average Shares": 43027612.0,
        "Diluted EPS": -0.32,
        "Basic EPS": -0.32,
        "Diluted NI Availto Com Stockholders": NaN,
        "Net Income Common Stockholders": NaN,
        "Net Income": NaN,
        "Net Income Including Noncontrolling Interests": NaN,
        "Net Income Discontinuous Operations": NaN,
        "Net Income Continuous Operations": NaN,
        "Tax Provision": NaN,
        "Pretax Income": NaN,
        "Other Income Expense": NaN,
        "Other Non Operating Income Expenses": NaN,
        "Special Income Charges": NaN,
        "Impairment Of Capital Assets": NaN,
        "Restructuring And Mergern Acquisition": NaN,
        "Gain On Sale Of Security": NaN,
        "Net Non Operating Interest Income Expense": NaN,
        "Interest Expense Non Operating": 411000.0,
        "Operating Income": NaN,
        "Operating Expense": NaN,
        "Depreciation Amortization Depletion Income Statement": NaN,
        "Depreciation And Amortization In Income Statement": NaN,
        "Amortization": NaN,
        "Amortization Of Intangibles Income Statement": NaN,
        "Research And Development": NaN,
        "Selling General And Administration": NaN,
        "Selling And Marketing Expense": NaN,
        "General And Administrative Expense": NaN,
        "Other Gand A": NaN,
        "Gross Profit": NaN,
        "Cost Of Revenue": NaN,
        "Total Revenue": NaN,
        "Operating Revenue": NaN
    },
    "2022-12-31": {
        "Tax Effect Of Unusual Items": NaN,
        "Tax Rate For Calcs": NaN,
        "Normalized EBITDA": NaN,
        "Total Unusual Items": NaN,
        "Total Unusual Items Excluding Goodwill": NaN,
        "Net Income From Continuing Operation Net Minority Interest": NaN,
        "Reconciled Depreciation": NaN,
        "Reconciled Cost Of Revenue": NaN,
        "EBITDA": NaN,
        "EBIT": NaN,
        "Net Interest Income": NaN,
        "Interest Expense": NaN,
        "Normalized Income": NaN,
        "Net Income From Continuing And Discontinued Operation": NaN,
        "Total Expenses": NaN,
        "Total Operating Income As Reported": NaN,
        "Diluted Average Shares": NaN,
        "Basic Average Shares": NaN,
        "Diluted EPS": NaN,
        "Basic EPS": NaN,
        "Diluted NI Availto Com Stockholders": NaN,
        "Net Income Common Stockholders": NaN,
        "Otherunder Preferred Stock Dividend": 0.0,
        "Net Income": NaN,
        "Net Income Including Noncontrolling Interests": NaN,
        "Net Income Discontinuous Operations": NaN,
        "Net Income Continuous Operations": NaN,
        "Tax Provision": NaN,
        "Pretax Income": NaN,
        "Other Income Expense": NaN,
        "Other Non Operating Income Expenses": NaN,
        "Special Income Charges": NaN,
        "Impairment Of Capital Assets": 40464000.0,
        "Restructuring And Mergern Acquisition": NaN,
        "Gain On Sale Of Security": 0.0,
        "Net Non Operating Interest Income Expense": NaN,
        "Total Other Finance Cost": 506000.0,
        "Interest Expense Non Operating": NaN,
        "Operating Income": NaN,
        "Operating Expense": NaN,
        "Depreciation Amortization Depletion Income Statement": NaN,
        "Depreciation And Amortization In Income Statement": NaN,
        "Amortization": NaN,
        "Amortization Of Intangibles Income Statement": NaN,
        "Research And Development": NaN,
        "Selling General And Administration": NaN,
        "Selling And Marketing Expense": NaN,
        "General And Administrative Expense": NaN,
        "Other Gand A": NaN,
        "Gross Profit": NaN,
        "Cost Of Revenue": NaN,
        "Total Revenue": NaN,
        "Operating Revenue": NaN
    },
    "2022-09-30": {
        "Tax Effect Of Unusual Items": NaN,
        "Tax Rate For Calcs": NaN,
        "Normalized EBITDA": NaN,
        "Total Unusual Items": NaN,
        "Total Unusual Items Excluding Goodwill": NaN,
        "Net Income From Continuing Operation Net Minority Interest": NaN,
        "Reconciled Depreciation": NaN,
        "Reconciled Cost Of Revenue": NaN,
        "EBITDA": NaN,
        "EBIT": NaN,
        "Net Interest Income": NaN,
        "Interest Expense": 15000.0,
        "Normalized Income": NaN,
        "Net Income From Continuing And Discontinued Operation": NaN,
        "Total Expenses": NaN,
        "Total Operating Income As Reported": NaN,
        "Diluted Average Shares": NaN,
        "Basic Average Shares": NaN,
        "Diluted EPS": NaN,
        "Basic EPS": NaN,
        "Diluted NI Availto Com Stockholders": NaN,
        "Net Income Common Stockholders": NaN,
        "Otherunder Preferred Stock Dividend": 0.0,
        "Net Income": NaN,
        "Net Income Including Noncontrolling Interests": NaN,
        "Net Income Continuous Operations": NaN,
        "Tax Provision": NaN,
        "Pretax Income": NaN,
        "Other Income Expense": NaN,
        "Other Non Operating Income Expenses": NaN,
        "Special Income Charges": NaN,
        "Impairment Of Capital Assets": 0.0,
        "Restructuring And Mergern Acquisition": NaN,
        "Gain On Sale Of Security": 697000.0,
        "Net Non Operating Interest Income Expense": NaN,
        "Total Other Finance Cost": -10000.0,
        "Interest Expense Non Operating": 15000.0,
        "Operating Income": NaN,
        "Operating Expense": NaN,
        "Depreciation Amortization Depletion Income Statement": NaN,
        "Depreciation And Amortization In Income Statement": NaN,
        "Amortization": NaN,
        "Amortization Of Intangibles Income Statement": NaN,
        "Research And Development": NaN,
        "Selling General And Administration": NaN,
        "Selling And Marketing Expense": NaN,
        "General And Administrative Expense": NaN,
        "Other Gand A": NaN,
        "Gross Profit": NaN,
        "Cost Of Revenue": NaN,
        "Total Revenue": NaN,
        "Operating Revenue": NaN
    },
    "2022-06-30": {
        "Tax Effect Of Unusual Items": -3310225.26313,
        "Tax Rate For Calcs": 0.049008,
        "Normalized EBITDA": -4274000.0,
        "Total Unusual Items": -67544000.0,
        "Total Unusual Items Excluding Goodwill": -67544000.0,
        "Net Income From Continuing Operation Net Minority Interest": -72554000.0,
        "Reconciled Depreciation": 4466000.0,
        "Reconciled Cost Of Revenue": 24591000.0,
        "EBITDA": -71818000.0,
        "EBIT": -76284000.0,
        "Net Interest Income": -9000.0,
        "Interest Expense": 9000.0,
        "Normalized Income": -8320225.26313,
        "Net Income From Continuing And Discontinued Operation": -72554000.0,
        "Total Expenses": 49251000.0,
        "Total Operating Income As Reported": -76262000.0,
        "Diluted Average Shares": 42460189.0,
        "Basic Average Shares": 42460189.0,
        "Diluted EPS": -1.72,
        "Basic EPS": -1.72,
        "Diluted NI Availto Com Stockholders": -72554000.0,
        "Average Dilution Earnings": 0.0,
        "Net Income Common Stockholders": -72554000.0,
        "Otherunder Preferred Stock Dividend": NaN,
        "Net Income": -72554000.0,
        "Net Income Including Noncontrolling Interests": -72554000.0,
        "Net Income Continuous Operations": -72554000.0,
        "Tax Provision": -3739000.0,
        "Pretax Income": -76293000.0,
        "Other Income Expense": -67566000.0,
        "Other Non Operating Income Expenses": -22000.0,
        "Special Income Charges": -67544000.0,
        "Impairment Of Capital Assets": 69900000.0,
        "Restructuring And Mergern Acquisition": -2356000.0,
        "Gain On Sale Of Security": NaN,
        "Net Non Operating Interest Income Expense": -9000.0,
        "Total Other Finance Cost": NaN,
        "Interest Expense Non Operating": 9000.0,
        "Operating Income": -8718000.0,
        "Operating Expense": 23057000.0,
        "Depreciation Amortization Depletion Income Statement": 2863000.0,
        "Depreciation And Amortization In Income Statement": 2863000.0,
        "Amortization": 2863000.0,
        "Amortization Of Intangibles Income Statement": 2863000.0,
        "Research And Development": 3428000.0,
        "Selling General And Administration": 16766000.0,
        "Selling And Marketing Expense": 5415000.0,
        "General And Administrative Expense": 11351000.0,
        "Other Gand A": 11351000.0,
        "Gross Profit": 14339000.0,
        "Cost Of Revenue": 26194000.0,
        "Total Revenue": 40533000.0,
        "Operating Revenue": 40533000.0
    },
    "2022-03-31": {
        "Diluted EPS": -0.18,
        "Total Revenue": 36,
        "Gross Profit": 12,
        "Operating Income": -8,
        "EBIT": -3,
        "Net Income": -7
    },
    "2021-12-31": {
        "Diluted EPS": -0.39,
        "Total Revenue": 37,
        "Gross Profit": 6,
        "Operating Income": -18,
        "EBIT": -14,
        "Net Income": -16
    },
    "2021-09-30": {
        "Diluted EPS": 0.0,
        "Total Revenue": 34,
        "Gross Profit": 9,
        "Operating Income": -11,
        "EBIT": -7,
        "Net Income": 0
    },
    "2021-06-30": {
        "Diluted EPS": 0.19,
        "Total Revenue": 31,
        "Gross Profit": 13,
        "Operating Income": -5,
        "EBIT": -2,
        "Net Income": 8
    },
    "2021-03-31": {
        "Diluted EPS": -0.03,
        "Total Revenue": 17,
        "Gross Profit": 9,
        "Operating Income": -1,
        "EBIT": 1,
        "Net Income": -1
    },
    "2020-12-31": {
        "Diluted EPS": 0.69,
        "Total Revenue": 15,
        "Gross Profit": 8,
        "Operating Income": -5,
        "EBIT": -4,
        "Net Income": 1
    },
    "2020-09-30": {
        "Diluted EPS": -0.04,
        "Total Revenue": 11,
        "Gross Profit": 6,
        "Operating Income": -1,
        "EBIT": 0,
        "Net Income": -1
    },
    "2020-06-30": {
        "Diluted EPS": -0.7,
        "Total Revenue": 10,
        "Gross Profit": 5,
        "Operating Income": 0,
        "EBIT": 1,
        "Net Income": -16
    },
    "2020-03-31": {
        "Diluted EPS": -0.01,
        "Total Revenue": 12,
        "Gross Profit": 8,
        "Operating Income": 0,
        "EBIT": 1,
        "Net Income": 18
    },
    "2019-12-31": {
        "Diluted EPS": 0.57,
        "Total Revenue": 8,
        "Gross Profit": 5,
        "Operating Income": -1,
        "EBIT": 0,
        "Net Income": 3
    },
    "2019-09-30": {
        "Diluted EPS": 0.35,
        "Total Revenue": 7,
        "Gross Profit": 5,
        "Operating Income": -1,
        "EBIT": 0,
        "Net Income": 10
    },
    "2019-06-30": {
        "Diluted EPS": 0.02,
        "Total Revenue": 7,
        "Gross Profit": 5,
        "Operating Income": 1,
        "EBIT": 1,
        "Net Income": 4
    },
    "2019-03-31": {
        "Diluted EPS": -1.03,
        "Total Revenue": 6,
        "Gross Profit": 4,
        "Operating Income": 1,
        "EBIT": 1,
        "Net Income": -19
    },
    "2018-12-31": {
        "Diluted EPS": -1.65,
        "Total Revenue": 5,
        "Gross Profit": 4,
        "Operating Income": 1,
        "EBIT": 1,
        "Net Income": -27
    },
    "2018-09-30": {
        "Diluted EPS": 0.05,
        "Total Revenue": 5,
        "Gross Profit": 4,
        "Operating Income": 1,
        "EBIT": 1,
        "Net Income": 1
    },
    "2018-06-30": {
        "Diluted EPS": 0.05,
        "Total Revenue": 5,
        "Gross Profit": 4,
        "Operating Income": 1,
        "EBIT": 1,
        "Net Income": 1
    },
    "2018-03-31": {
        "Diluted EPS": -0.01,
        "Total Revenue": 4,
        "Gross Profit": 2,
        "Operating Income": 0,
        "EBIT": 0,
        "Net Income": 0
    },
    "2017-12-31": {
        "Diluted EPS": -0.05,
        "Total Revenue": 3,
        "Gross Profit": 2,
        "Operating Income": 0,
        "EBIT": 0,
        "Net Income": -1
    },
    "2017-09-30": {
        "Diluted EPS": -0.03,
        "Total Revenue": 3,
        "Gross Profit": 2,
        "Operating Income": 0,
        "EBIT": 0,
        "Net Income": 0
    },
    "2017-06-30": {
        "Diluted EPS": -0.06,
        "Total Revenue": 3,
        "Gross Profit": 2,
        "Operating Income": 0,
        "EBIT": 0,
        "Net Income": -1
    },
    "2017-03-31": {
        "Diluted EPS": -0.07,
        "Total Revenue": 2,
        "Gross Profit": 1,
        "Operating Income": 0,
        "EBIT": 0,
        "Net Income": -1
    },
    "2016-12-31": {
        "Diluted EPS": -0.25,
        "Total Revenue": 2,
        "Gross Profit": 1,
        "Operating Income": -1,
        "EBIT": 0,
        "Net Income": -3
    },
    "2016-09-30": {
        "Diluted EPS": -0.08,
        "Total Revenue": 2,
        "Gross Profit": 1,
        "Operating Income": -1,
        "EBIT": -1,
        "Net Income": -1
    },
    "2016-06-30": {
        "Diluted EPS": -0.11,
        "Total Revenue": 2,
        "Gross Profit": 1,
        "Operating Income": -2,
        "EBIT": -1,
        "Net Income": -1
    },
    "2016-03-31": {
        "Diluted EPS": -0.1,
        "Total Revenue": 2,
        "Gross Profit": 1,
        "Operating Income": -1,
        "EBIT": -1,
        "Net Income": -1
    },
    "2015-12-31": {
        "Diluted EPS": -0.09,
        "Total Revenue": 2,
        "Gross Profit": 1,
        "Operating Income": -1,
        "EBIT": -1,
        "Net Income": -1
    },
    "2015-09-30": {
        "Diluted EPS": -0.09,
        "Total Revenue": 2,
        "Gross Profit": 1,
        "Operating Income": -1,
        "EBIT": -1,
        "Net Income": -1
    },
    "2015-06-30": {
        "Diluted EPS": -0.08,
        "Total Revenue": 1,
        "Gross Profit": 1,
        "Operating Income": -1,
        "EBIT": -1,
        "Net Income": -1
    },
    "2015-03-31": {
        "Diluted EPS": -0.09,
        "Total Revenue": 2,
        "Gross Profit": 1,
        "Operating Income": -1,
        "EBIT": -1,
        "Net Income": -1
    },
    "2014-12-31": {
        "Diluted EPS": -0.07,
        "Total Revenue": 2,
        "Gross Profit": 1,
        "Operating Income": -1,
        "EBIT": -1,
        "Net Income": -1
    },
    "2014-09-30": {
        "Diluted EPS": -0.07,
        "Total Revenue": 1,
        "Gross Profit": 1,
        "Operating Income": -1,
        "EBIT": -1,
        "Net Income": -1
    },
    "2014-06-30": {
        "Diluted EPS": -0.07,
        "Total Revenue": 1,
        "Gross Profit": 1,
        "Operating Income": -1,
        "EBIT": -1,
        "Net Income": -1
    },
    "2014-03-31": {
        "Diluted EPS": -0.1,
        "Total Revenue": 2,
        "Gross Profit": 1,
        "Operating Income": 0,
        "EBIT": 0,
        "Net Income": -1
    },
    "2013-12-31": {
        "Diluted EPS": -0.1,
        "Total Revenue": 2,
        "Gross Profit": 1,
        "Operating Income": 0,
        "EBIT": 0,
        "Net Income": 0
    },
    "2013-09-30": {
        "Diluted EPS": -0.06,
        "Total Revenue": 2,
        "Gross Profit": 1,
        "Operating Income": 0,
        "EBIT": 0,
        "Net Income": 0
    },
    "2013-06-30": {
        "Diluted EPS": -0.06,
        "Total Revenue": 2,
        "Gross Profit": 1,
        "Operating Income": 0,
        "EBIT": 0,
        "Net Income": 0
    },
    "2013-03-31": {
        "Diluted EPS": 0.0,
        "Total Revenue": 2,
        "Gross Profit": 1,
        "Operating Income": 0,
        "EBIT": 0,
        "Net Income": 0
    },
    "2012-12-31": {
        "Diluted EPS": -0.05,
        "Total Revenue": 2,
        "Gross Profit": 1,
        "Operating Income": 0,
        "EBIT": 0,
        "Net Income": -1
    },
    "2012-09-30": {
        "Diluted EPS": -0.14,
        "Total Revenue": 2,
        "Gross Profit": 1,
        "Operating Income": 0,
        "EBIT": 0,
        "Net Income": 0
    },
    "2012-06-30": {
        "Diluted EPS": -0.14,
        "Total Revenue": 1,
        "Gross Profit": 0,
        "Operating Income": 0,
        "EBIT": 0,
        "Net Income": 0
    },
    "2012-03-31": {
        "Diluted EPS": 0.0,
        "Total Revenue": 1,
        "Gross Profit": 0,
        "Operating Income": 0,
        "EBIT": 0,
        "Net Income": 0
    },
    "2011-12-31": {
        "Diluted EPS": 0.0,
        "Total Revenue": 1,
        "Gross Profit": 0,
        "Operating Income": 0,
        "EBIT": 0,
        "Net Income": 0
    },
    "2011-09-30": {
        "Diluted EPS": -0.14,
        "Total Revenue": 1,
        "Gross Profit": 0,
        "Operating Income": 0,
        "EBIT": 0,
        "Net Income": 0
    },
    "2011-06-30": {
        "Diluted EPS": -0.14,
        "Total Revenue": 1,
        "Gross Profit": 0,
        "Operating Income": 0,
        "EBIT": 0,
        "Net Income": 0
    },
    "2011-03-31": {
        "Diluted EPS": -0.14,
        "Total Revenue": 1,
        "Gross Profit": 0,
        "Operating Income": 0,
        "EBIT": 0,
        "Net Income": -1
    },
    "2010-12-31": {
        "Diluted EPS": 0.0,
        "Total Revenue": 1,
        "Gross Profit": 0,
        "Operating Income": 0,
        "EBIT": 0,
        "Net Income": 0
    },
    "2010-09-30": {
        "Diluted EPS": -0.14,
        "Total Revenue": 1,
        "Gross Profit": 0,
        "Operating Income": 0,
        "EBIT": 0,
        "Net Income": 0
    },
    "2010-06-30": {
        "Diluted EPS": -0.14,
        "Total Revenue": 0,
        "Gross Profit": 0,
        "Operating Income": 0,
        "EBIT": 0,
        "Net Income": -1
    },
    "2010-03-31": {
        "Diluted EPS": -0.14,
        "Total Revenue": 1,
        "Gross Profit": 0,
        "Operating Income": 0,
        "EBIT": 0,
        "Net Income": -1
    },
    "2009-12-31": {
        "Diluted EPS": -0.14,
        "Total Revenue": 0,
        "Gross Profit": 0,
        "Operating Income": 0,
        "EBIT": 0,
        "Net Income": 0
    },
    "2009-09-30": {
        "Diluted EPS": -0.14,
        "Total Revenue": 0,
        "Gross Profit": 0,
        "Operating Income": 0,
        "EBIT": 0,
        "Net Income": -1
    },
    "2009-06-30": {
        "Diluted EPS": -0.14,
        "Total Revenue": 0,
        "Gross Profit": 0,
        "Operating Income": -1,
        "EBIT": -1,
        "Net Income": -1
    },
    "2009-03-31": {
        "Diluted EPS": -0.14,
        "Total Revenue": 0,
        "Gross Profit": 0,
        "Operating Income": -1,
        "EBIT": -1,
        "Net Income": -1
    },
    "2023-06-30": {
        "Tax Effect Of Unusual Items": NaN,
        "Tax Rate For Calcs": NaN,
        "Normalized EBITDA": NaN,
        "Total Unusual Items": NaN,
        "Total Unusual Items Excluding Goodwill": NaN,
        "Net Income From Continuing Operation Net Minority Interest": NaN,
        "Reconciled Depreciation": NaN,
        "Reconciled Cost Of Revenue": NaN,
        "EBITDA": NaN,
        "EBIT": NaN,
        "Net Interest Income": NaN,
        "Interest Expense": 387000.0,
        "Normalized Income": NaN,
        "Net Income From Continuing And Discontinued Operation": NaN,
        "Total Expenses": NaN,
        "Total Operating Income As Reported": NaN,
        "Diluted Average Shares": 43441219.0,
        "Basic Average Shares": 43441219.0,
        "Diluted EPS": -0.23,
        "Basic EPS": -0.23,
        "Diluted NI Availto Com Stockholders": NaN,
        "Net Income Common Stockholders": NaN,
        "Net Income": NaN,
        "Net Income Including Noncontrolling Interests": NaN,
        "Net Income Discontinuous Operations": -4681000.0,
        "Net Income Continuous Operations": NaN,
        "Tax Provision": NaN,
        "Pretax Income": NaN,
        "Other Income Expense": NaN,
        "Other Non Operating Income Expenses": NaN,
        "Special Income Charges": NaN,
        "Impairment Of Capital Assets": 0.0,
        "Restructuring And Mergern Acquisition": NaN,
        "Gain On Sale Of Security": NaN,
        "Net Non Operating Interest Income Expense": NaN,
        "Interest Expense Non Operating": 387000.0,
        "Operating Income": NaN,
        "Operating Expense": NaN,
        "Depreciation Amortization Depletion Income Statement": NaN,
        "Depreciation And Amortization In Income Statement": NaN,
        "Amortization": NaN,
        "Amortization Of Intangibles Income Statement": NaN,
        "Research And Development": NaN,
        "Selling General And Administration": NaN,
        "Selling And Marketing Expense": NaN,
        "General And Administrative Expense": NaN,
        "Other Gand A": NaN,
        "Gross Profit": NaN,
        "Cost Of Revenue": NaN,
        "Total Revenue": NaN,
        "Operating Revenue": NaN
    },
    "2023-09-30": {
        "Tax Effect Of Unusual Items": -1413300.0,
        "Tax Rate For Calcs": 0.21,
        "Normalized EBITDA": -5233000.0,
        "Total Unusual Items": -6730000.0,
        "Total Unusual Items Excluding Goodwill": -6730000.0,
        "Net Income From Continuing Operation Net Minority Interest": -15804000.0,
        "Reconciled Depreciation": 3277000.0,
        "Reconciled Cost Of Revenue": 9613000.0,
        "EBITDA": -11963000.0,
        "EBIT": -15240000.0,
        "Net Interest Income": -449000.0,
        "Interest Expense": 449000.0,
        "Normalized Income": -10487300.0,
        "Net Income From Continuing And Discontinued Operation": -29132000.0,
        "Total Expenses": 32318000.0,
        "Total Operating Income As Reported": -15475000.0,
        "Diluted Average Shares": 43570438.0,
        "Basic Average Shares": 43570438.0,
        "Diluted EPS": -0.67,
        "Basic EPS": -0.67,
        "Diluted NI Availto Com Stockholders": -29132000.0,
        "Net Income Common Stockholders": -29132000.0,
        "Net Income": -29132000.0,
        "Net Income Including Noncontrolling Interests": -29132000.0,
        "Net Income Discontinuous Operations": -13328000.0,
        "Net Income Continuous Operations": -15804000.0,
        "Tax Provision": 115000.0,
        "Pretax Income": -15689000.0,
        "Other Income Expense": -6495000.0,
        "Other Non Operating Income Expenses": 235000.0,
        "Special Income Charges": -6730000.0,
        "Impairment Of Capital Assets": 8310000.0,
        "Restructuring And Mergern Acquisition": -1580000.0,
        "Gain On Sale Of Security": NaN,
        "Net Non Operating Interest Income Expense": -449000.0,
        "Interest Expense Non Operating": 449000.0,
        "Operating Income": -8745000.0,
        "Operating Expense": 20740000.0,
        "Depreciation Amortization Depletion Income Statement": 1312000.0,
        "Depreciation And Amortization In Income Statement": 1312000.0,
        "Amortization": 1312000.0,
        "Amortization Of Intangibles Income Statement": 1312000.0,
        "Research And Development": 3739000.0,
        "Selling General And Administration": 15689000.0,
        "Selling And Marketing Expense": 4876000.0,
        "General And Administrative Expense": 10813000.0,
        "Other Gand A": 10813000.0,
        "Gross Profit": 11995000.0,
        "Cost Of Revenue": 11578000.0,
        "Total Revenue": 23573000.0,
        "Operating Revenue": 23573000.0
    },
    "2023-12-31": {
        "Tax Effect Of Unusual Items": 1329.236499,
        "Tax Rate For Calcs": 0.003203,
        "Normalized EBITDA": -4037000.0,
        "Total Unusual Items": 415000.0,
        "Total Unusual Items Excluding Goodwill": 415000.0,
        "Net Income From Continuing Operation Net Minority Interest": -13382000.0,
        "Reconciled Depreciation": 2383000.0,
        "Reconciled Cost Of Revenue": 22015000.0,
        "EBITDA": -3622000.0,
        "EBIT": -6005000.0,
        "Net Interest Income": -507000.0,
        "Interest Expense": NaN,
        "Normalized Income": -13795670.763501,
        "Net Income From Continuing And Discontinued Operation": -13382000.0,
        "Total Expenses": 46303000.0,
        "Total Operating Income As Reported": -13155000.0,
        "Diluted Average Shares": NaN,
        "Basic Average Shares": NaN,
        "Diluted EPS": NaN,
        "Basic EPS": NaN,
        "Diluted NI Availto Com Stockholders": -13382000.0,
        "Net Income Common Stockholders": -13382000.0,
        "Net Income": -13382000.0,
        "Net Income Including Noncontrolling Interests": -13382000.0,
        "Net Income Discontinuous Operations": NaN,
        "Net Income Continuous Operations": -13382000.0,
        "Tax Provision": -43000.0,
        "Pretax Income": -13425000.0,
        "Other Income Expense": 652000.0,
        "Other Non Operating Income Expenses": 237000.0,
        "Special Income Charges": 415000.0,
        "Impairment Of Capital Assets": 0.0,
        "Restructuring And Mergern Acquisition": -415000.0,
        "Gain On Sale Of Security": NaN,
        "Net Non Operating Interest Income Expense": -507000.0,
        "Interest Expense Non Operating": NaN,
        "Operating Income": -13570000.0,
        "Operating Expense": 22820000.0,
        "Depreciation Amortization Depletion Income Statement": 915000.0,
        "Depreciation And Amortization In Income Statement": 915000.0,
        "Amortization": 915000.0,
        "Amortization Of Intangibles Income Statement": 915000.0,
        "Research And Development": 4399000.0,
        "Selling General And Administration": 17506000.0,
        "Selling And Marketing Expense": 4538000.0,
        "General And Administrative Expense": 12968000.0,
        "Other Gand A": 12968000.0,
        "Gross Profit": 9250000.0,
        "Cost Of Revenue": 23483000.0,
        "Total Revenue": 32733000.0,
        "Operating Revenue": 32733000.0
    },
    "2024-03-31": {
        "Tax Effect Of Unusual Items": -49770.0,
        "Tax Rate For Calcs": 0.21,
        "Normalized EBITDA": -7368000.0,
        "Total Unusual Items": -237000.0,
        "Total Unusual Items Excluding Goodwill": -237000.0,
        "Net Income From Continuing Operation Net Minority Interest": -10221000.0,
        "Reconciled Depreciation": 2278000.0,
        "Reconciled Cost Of Revenue": 17802000.0,
        "EBITDA": -7605000.0,
        "EBIT": -9883000.0,
        "Net Interest Income": -207000.0,
        "Interest Expense": 207000.0,
        "Normalized Income": -10033770.0,
        "Net Income From Continuing And Discontinued Operation": -10221000.0,
        "Total Expenses": 41618000.0,
        "Total Operating Income As Reported": -10128000.0,
        "Diluted Average Shares": 45432426.0,
        "Basic Average Shares": 45432426.0,
        "Diluted EPS": -0.22,
        "Basic EPS": -0.22,
        "Diluted NI Availto Com Stockholders": -10221000.0,
        "Net Income Common Stockholders": -10221000.0,
        "Net Income": -10221000.0,
        "Net Income Including Noncontrolling Interests": -10221000.0,
        "Net Income Discontinuous Operations": NaN,
        "Net Income Continuous Operations": -10221000.0,
        "Tax Provision": 131000.0,
        "Pretax Income": -10090000.0,
        "Other Income Expense": 8000.0,
        "Other Non Operating Income Expenses": 245000.0,
        "Special Income Charges": -237000.0,
        "Impairment Of Capital Assets": NaN,
        "Restructuring And Mergern Acquisition": 237000.0,
        "Gain On Sale Of Security": NaN,
        "Net Non Operating Interest Income Expense": -207000.0,
        "Interest Expense Non Operating": 207000.0,
        "Operating Income": -9891000.0,
        "Operating Expense": 22452000.0,
        "Depreciation Amortization Depletion Income Statement": 914000.0,
        "Depreciation And Amortization In Income Statement": 914000.0,
        "Amortization": 914000.0,
        "Amortization Of Intangibles Income Statement": 914000.0,
        "Research And Development": 3534000.0,
        "Selling General And Administration": 18004000.0,
        "Selling And Marketing Expense": 5070000.0,
        "General And Administrative Expense": 12934000.0,
        "Other Gand A": 12934000.0,
        "Gross Profit": 12561000.0,
        "Cost Of Revenue": 19166000.0,
        "Total Revenue": 31727000.0,
        "Operating Revenue": 31727000.0
    },
    "2024-06-30": {
        "Tax Effect Of Unusual Items": 0.0,
        "Tax Rate For Calcs": 0.0,
        "Normalized EBITDA": -349000.0,
        "Total Unusual Items": -4074000.0,
        "Total Unusual Items Excluding Goodwill": -4074000.0,
        "Net Income From Continuing Operation Net Minority Interest": -7146000.0,
        "Reconciled Depreciation": 2362000.0,
        "Reconciled Cost Of Revenue": 11983000.0,
        "EBITDA": -4423000.0,
        "EBIT": -6785000.0,
        "Net Interest Income": -361000.0,
        "Interest Expense": 361000.0,
        "Normalized Income": -3072000.0,
        "Net Income From Continuing And Discontinued Operation": -20719000.0,
        "Total Expenses": 31123000.0,
        "Total Operating Income As Reported": -2795000.0,
        "Diluted Average Shares": 46004037.0,
        "Basic Average Shares": 46004037.0,
        "Diluted EPS": -0.45,
        "Basic EPS": -0.45,
        "Diluted NI Availto Com Stockholders": -20719000.0,
        "Net Income Common Stockholders": -20719000.0,
        "Net Income": -20719000.0,
        "Net Income Including Noncontrolling Interests": -20719000.0,
        "Net Income Discontinuous Operations": -13573000.0,
        "Net Income Continuous Operations": -7146000.0,
        "Tax Provision": 0.0,
        "Pretax Income": -7146000.0,
        "Other Income Expense": -3990000.0,
        "Other Non Operating Income Expenses": 84000.0,
        "Special Income Charges": 0.0,
        "Impairment Of Capital Assets": NaN,
        "Restructuring And Mergern Acquisition": 0.0,
        "Gain On Sale Of Security": -4074000.0,
        "Net Non Operating Interest Income Expense": -361000.0,
        "Interest Expense Non Operating": 361000.0,
        "Operating Income": -2795000.0,
        "Operating Expense": 17688000.0,
        "Depreciation Amortization Depletion Income Statement": 910000.0,
        "Depreciation And Amortization In Income Statement": 910000.0,
        "Amortization": 910000.0,
        "Amortization Of Intangibles Income Statement": 910000.0,
        "Research And Development": 2382000.0,
        "Selling General And Administration": 14396000.0,
        "Selling And Marketing Expense": 3502000.0,
        "General And Administrative Expense": 10894000.0,
        "Other Gand A": 10894000.0,
        "Gross Profit": 14893000.0,
        "Cost Of Revenue": 13435000.0,
        "Total Revenue": 28328000.0,
        "Operating Revenue": 28328000.0
    },
    "2024-09-30": {
        "Tax Effect Of Unusual Items": 0.0,
        "Tax Rate For Calcs": 0.016176,
        "Normalized EBITDA": 853000.0,
        "Total Unusual Items": 0.0,
        "Total Unusual Items Excluding Goodwill": 0.0,
        "Net Income From Continuing Operation Net Minority Interest": -1703000.0,
        "Reconciled Depreciation": 2317000.0,
        "Reconciled Cost Of Revenue": 12869000.0,
        "EBITDA": 853000.0,
        "EBIT": -1464000.0,
        "Net Interest Income": -267000.0,
        "Interest Expense": 267000.0,
        "Normalized Income": -1703000.0,
        "Net Income From Continuing And Discontinued Operation": -1703000.0,
        "Total Expenses": 32130000.0,
        "Total Operating Income As Reported": -1559000.0,
        "Diluted Average Shares": 46175345.0,
        "Basic Average Shares": 46175345.0,
        "Diluted EPS": -0.04,
        "Basic EPS": -0.04,
        "Diluted NI Availto Com Stockholders": -1703000.0,
        "Net Income Common Stockholders": -1703000.0,
        "Net Income": -1703000.0,
        "Net Income Including Noncontrolling Interests": -1703000.0,
        "Net Income Discontinuous Operations": 0.0,
        "Net Income Continuous Operations": -1703000.0,
        "Tax Provision": -28000.0,
        "Pretax Income": -1731000.0,
        "Other Income Expense": 95000.0,
        "Other Non Operating Income Expenses": 95000.0,
        "Special Income Charges": 0.0,
        "Impairment Of Capital Assets": 0.0,
        "Restructuring And Mergern Acquisition": 0.0,
        "Gain On Sale Of Security": NaN,
        "Net Non Operating Interest Income Expense": -267000.0,
        "Interest Expense Non Operating": 267000.0,
        "Operating Income": -1559000.0,
        "Operating Expense": 17854000.0,
        "Depreciation Amortization Depletion Income Statement": 910000.0,
        "Depreciation And Amortization In Income Statement": 910000.0,
        "Amortization": 910000.0,
        "Amortization Of Intangibles Income Statement": 910000.0,
        "Research And Development": 2050000.0,
        "Selling General And Administration": 14894000.0,
        "Selling And Marketing Expense": 3543000.0,
        "General And Administrative Expense": 11351000.0,
        "Other Gand A": 11351000.0,
        "Gross Profit": 16295000.0,
        "Cost Of Revenue": 14276000.0,
        "Total Revenue": 30571000.0,
        "Operating Revenue": 30571000.0
    }
}