{
    "2023-03-31": {
        "Tax Effect Of Unusual Items": NaN,
        "Tax Rate For Calcs": NaN,
        "Normalized EBITDA": NaN,
        "Total Unusual Items": NaN,
        "Total Unusual Items Excluding Goodwill": NaN,
        "Net Income From Continuing Operation Net Minority Interest": NaN,
        "Reconciled Depreciation": NaN,
        "Reconciled Cost Of Revenue": NaN,
        "EBITDA": NaN,
        "EBIT": NaN,
        "Net Interest Income": -10000.0,
        "Interest Expense": 10000.0,
        "Normalized Income": NaN,
        "Net Income From Continuing And Discontinued Operation": NaN,
        "Total Expenses": NaN,
        "Total Operating Income As Reported": NaN,
        "Diluted Average Shares": 10430710.0,
        "Basic Average Shares": 10417609.0,
        "Diluted EPS": -0.05,
        "Basic EPS": -0.05,
        "Diluted NI Availto Com Stockholders": NaN,
        "Average Dilution Earnings": NaN,
        "Net Income Common Stockholders": NaN,
        "Net Income": NaN,
        "Net Income Including Noncontrolling Interests": NaN,
        "Net Income Continuous Operations": NaN,
        "Tax Provision": NaN,
        "Pretax Income": NaN,
        "Other Income Expense": NaN,
        "Special Income Charges": NaN,
        "Restructuring And Mergern Acquisition": 55000.0,
        "Gain On Sale Of Security": NaN,
        "Net Non Operating Interest Income Expense": -10000.0,
        "Interest Expense Non Operating": 10000.0,
        "Operating Income": NaN,
        "Operating Expense": NaN,
        "Depreciation Amortization Depletion Income Statement": NaN,
        "Depreciation And Amortization In Income Statement": NaN,
        "Research And Development": NaN,
        "Selling General And Administration": NaN,
        "Selling And Marketing Expense": NaN,
        "General And Administrative Expense": NaN,
        "Other Gand A": NaN,
        "Gross Profit": NaN,
        "Cost Of Revenue": NaN,
        "Total Revenue": NaN,
        "Operating Revenue": NaN
    },
    "2022-12-31": {
        "Tax Effect Of Unusual Items": NaN,
        "Tax Rate For Calcs": NaN,
        "Normalized EBITDA": NaN,
        "Total Unusual Items": NaN,
        "Total Unusual Items Excluding Goodwill": NaN,
        "Net Income From Continuing Operation Net Minority Interest": NaN,
        "Reconciled Depreciation": NaN,
        "Reconciled Cost Of Revenue": NaN,
        "EBITDA": NaN,
        "EBIT": NaN,
        "Net Interest Income": NaN,
        "Interest Expense": NaN,
        "Normalized Income": NaN,
        "Net Income From Continuing And Discontinued Operation": NaN,
        "Total Expenses": NaN,
        "Total Operating Income As Reported": NaN,
        "Diluted Average Shares": 10430822.0,
        "Basic Average Shares": 10417609.0,
        "Diluted EPS": -0.01,
        "Basic EPS": -0.01,
        "Diluted NI Availto Com Stockholders": NaN,
        "Average Dilution Earnings": NaN,
        "Net Income Common Stockholders": NaN,
        "Net Income": NaN,
        "Net Income Including Noncontrolling Interests": NaN,
        "Net Income Continuous Operations": NaN,
        "Tax Provision": NaN,
        "Pretax Income": NaN,
        "Other Income Expense": NaN,
        "Special Income Charges": NaN,
        "Restructuring And Mergern Acquisition": 9000.0,
        "Gain On Sale Of Security": NaN,
        "Net Non Operating Interest Income Expense": NaN,
        "Interest Expense Non Operating": NaN,
        "Operating Income": NaN,
        "Operating Expense": NaN,
        "Depreciation Amortization Depletion Income Statement": NaN,
        "Depreciation And Amortization In Income Statement": NaN,
        "Research And Development": NaN,
        "Selling General And Administration": NaN,
        "Selling And Marketing Expense": NaN,
        "General And Administrative Expense": NaN,
        "Other Gand A": NaN,
        "Gross Profit": NaN,
        "Cost Of Revenue": NaN,
        "Total Revenue": NaN,
        "Operating Revenue": NaN
    },
    "2022-09-30": {
        "Tax Effect Of Unusual Items": -19200.0,
        "Tax Rate For Calcs": 0.4,
        "Normalized EBITDA": 34000.0,
        "Total Unusual Items": -48000.0,
        "Total Unusual Items Excluding Goodwill": -48000.0,
        "Net Income From Continuing Operation Net Minority Interest": -475000.0,
        "Reconciled Depreciation": 395000.0,
        "Reconciled Cost Of Revenue": 1223000.0,
        "EBITDA": -14000.0,
        "EBIT": -409000.0,
        "Normalized Income": -446200.0,
        "Net Income From Continuing And Discontinued Operation": -475000.0,
        "Total Expenses": 4619000.0,
        "Total Operating Income As Reported": -409000.0,
        "Diluted Average Shares": 10372922.0,
        "Basic Average Shares": 10320738.0,
        "Diluted EPS": -0.05,
        "Basic EPS": -0.05,
        "Diluted NI Availto Com Stockholders": -474000.0,
        "Average Dilution Earnings": 1000.0,
        "Net Income Common Stockholders": -475000.0,
        "Net Income": -475000.0,
        "Net Income Including Noncontrolling Interests": -475000.0,
        "Net Income Continuous Operations": -475000.0,
        "Tax Provision": 18000.0,
        "Pretax Income": -457000.0,
        "Other Income Expense": -48000.0,
        "Special Income Charges": -10000.0,
        "Restructuring And Mergern Acquisition": 10000.0,
        "Gain On Sale Of Security": -38000.0,
        "Operating Income": -409000.0,
        "Operating Expense": 3387000.0,
        "Depreciation Amortization Depletion Income Statement": 386000.0,
        "Depreciation And Amortization In Income Statement": 386000.0,
        "Research And Development": 722000.0,
        "Selling General And Administration": 2279000.0,
        "Selling And Marketing Expense": 1352000.0,
        "General And Administrative Expense": 927000.0,
        "Other Gand A": 927000.0,
        "Gross Profit": 2978000.0,
        "Cost Of Revenue": 1232000.0,
        "Total Revenue": 4210000.0,
        "Operating Revenue": 4210000.0
    },
    "2022-06-30": {
        "Tax Effect Of Unusual Items": 7960.687961,
        "Tax Rate For Calcs": 0.009828,
        "Normalized EBITDA": -840000.0,
        "Total Unusual Items": 810000.0,
        "Total Unusual Items Excluding Goodwill": 810000.0,
        "Net Income From Continuing Operation Net Minority Interest": 403000.0,
        "Reconciled Depreciation": 373000.0,
        "Reconciled Cost Of Revenue": 1271000.0,
        "EBITDA": -30000.0,
        "EBIT": -403000.0,
        "Normalized Income": -399039.312039,
        "Net Income From Continuing And Discontinued Operation": 403000.0,
        "Total Expenses": 4609000.0,
        "Total Operating Income As Reported": -403000.0,
        "Diluted Average Shares": 10269752.0,
        "Basic Average Shares": 10217609.0,
        "Diluted EPS": 0.04,
        "Basic EPS": 0.04,
        "Diluted NI Availto Com Stockholders": 403000.0,
        "Average Dilution Earnings": -10000.0,
        "Net Income Common Stockholders": 403000.0,
        "Net Income": 403000.0,
        "Net Income Including Noncontrolling Interests": 403000.0,
        "Net Income Continuous Operations": 403000.0,
        "Tax Provision": 4000.0,
        "Pretax Income": 407000.0,
        "Other Income Expense": 810000.0,
        "Special Income Charges": -8000.0,
        "Restructuring And Mergern Acquisition": 8000.0,
        "Gain On Sale Of Security": 818000.0,
        "Operating Income": -403000.0,
        "Operating Expense": 3338000.0,
        "Depreciation Amortization Depletion Income Statement": 373000.0,
        "Depreciation And Amortization In Income Statement": 373000.0,
        "Research And Development": 771000.0,
        "Selling General And Administration": 2194000.0,
        "Selling And Marketing Expense": 1382000.0,
        "General And Administrative Expense": 812000.0,
        "Other Gand A": 812000.0,
        "Gross Profit": 2935000.0,
        "Cost Of Revenue": 1271000.0,
        "Total Revenue": 4206000.0,
        "Operating Revenue": 4206000.0
    },
    "2022-03-31": {
        "Diluted EPS": 0.03,
        "Total Revenue": 4,
        "Gross Profit": 3,
        "Operating Income": -1,
        "EBIT": 0,
        "Net Income": 0
    },
    "2021-12-31": {
        "Diluted EPS": 0.06,
        "Total Revenue": 4,
        "Gross Profit": 3,
        "Operating Income": 0,
        "EBIT": 0,
        "Net Income": 2
    },
    "2021-09-30": {
        "Diluted EPS": -0.49,
        "Total Revenue": 4,
        "Gross Profit": 3,
        "Operating Income": -1,
        "EBIT": 0,
        "Net Income": -3
    },
    "2021-06-30": {
        "Diluted EPS": -0.61,
        "Total Revenue": 3,
        "Gross Profit": 2,
        "Operating Income": -1,
        "EBIT": 0,
        "Net Income": -4
    },
    "2021-03-31": {
        "Diluted EPS": -0.11,
        "Total Revenue": 3,
        "Gross Profit": 2,
        "Operating Income": 0,
        "EBIT": 0,
        "Net Income": -1
    },
    "2020-12-31": {
        "Diluted EPS": -0.26,
        "Total Revenue": 3,
        "Gross Profit": 2,
        "Operating Income": 0,
        "EBIT": 0,
        "Net Income": -1
    },
    "2020-09-30": {
        "Diluted EPS": 0.49,
        "Total Revenue": 3,
        "Gross Profit": 2,
        "Operating Income": 0,
        "EBIT": 0,
        "Net Income": 1
    },
    "2020-06-30": {
        "Diluted EPS": -0.44,
        "Total Revenue": 3,
        "Gross Profit": 2,
        "Operating Income": 0,
        "EBIT": 0,
        "Net Income": -2
    },
    "2020-03-31": {
        "Diluted EPS": 0.17,
        "Total Revenue": 3,
        "Gross Profit": 2,
        "Operating Income": -1,
        "EBIT": -1,
        "Net Income": 1
    },
    "2019-12-31": {
        "Diluted EPS": -0.81,
        "Total Revenue": 3,
        "Gross Profit": 1,
        "Operating Income": -1,
        "EBIT": -1,
        "Net Income": -2
    },
    "2019-09-30": {
        "Diluted EPS": 52.67,
        "Total Revenue": 3,
        "Gross Profit": 2,
        "Operating Income": -2,
        "EBIT": -1,
        "Net Income": 1
    },
    "2019-06-30": {
        "Diluted EPS": 3.56,
        "Total Revenue": 3,
        "Gross Profit": 1,
        "Operating Income": -3,
        "EBIT": -3,
        "Net Income": 7
    },
    "2019-03-31": {
        "Diluted EPS": -41.52,
        "Total Revenue": 2,
        "Gross Profit": 1,
        "Operating Income": -2,
        "EBIT": -2,
        "Net Income": -13
    },
    "2018-12-31": {
        "Diluted EPS": -22.87,
        "Total Revenue": 2,
        "Gross Profit": 1,
        "Operating Income": -5,
        "EBIT": -1,
        "Net Income": -5
    },
    "2018-09-30": {
        "Diluted EPS": -12.32,
        "Total Revenue": 3,
        "Gross Profit": 1,
        "Operating Income": -1,
        "EBIT": 0,
        "Net Income": -1
    },
    "2018-06-30": {
        "Diluted EPS": -61.78,
        "Total Revenue": 3,
        "Gross Profit": 2,
        "Operating Income": -5,
        "EBIT": 0,
        "Net Income": -5
    },
    "2018-03-31": {
        "Diluted EPS": -8.95,
        "Total Revenue": 4,
        "Gross Profit": 2,
        "Operating Income": -1,
        "EBIT": 0,
        "Net Income": -1
    },
    "2017-12-31": {
        "Diluted EPS": -6.0,
        "Total Revenue": 4,
        "Gross Profit": 2,
        "Operating Income": 0,
        "EBIT": 0,
        "Net Income": -1
    },
    "2017-09-30": {
        "Diluted EPS": -4.5,
        "Total Revenue": 4,
        "Gross Profit": 2,
        "Operating Income": 0,
        "EBIT": 0,
        "Net Income": 0
    },
    "2017-06-30": {
        "Diluted EPS": -5.0,
        "Total Revenue": 4,
        "Gross Profit": 2,
        "Operating Income": 0,
        "EBIT": 0,
        "Net Income": 0
    },
    "2017-03-31": {
        "Diluted EPS": -7.0,
        "Total Revenue": 4,
        "Gross Profit": 2,
        "Operating Income": 0,
        "EBIT": 0,
        "Net Income": -1
    },
    "2016-12-31": {
        "Diluted EPS": -6.0,
        "Total Revenue": 4,
        "Gross Profit": 2,
        "Operating Income": 0,
        "EBIT": 0,
        "Net Income": 0
    },
    "2016-09-30": {
        "Diluted EPS": -46.0,
        "Total Revenue": 4,
        "Gross Profit": 2,
        "Operating Income": -1,
        "EBIT": 0,
        "Net Income": -3
    },
    "2016-06-30": {
        "Diluted EPS": -51.5,
        "Total Revenue": 4,
        "Gross Profit": 2,
        "Operating Income": -1,
        "EBIT": -1,
        "Net Income": -2
    },
    "2016-03-31": {
        "Diluted EPS": -50.0,
        "Total Revenue": 4,
        "Gross Profit": 2,
        "Operating Income": -1,
        "EBIT": 0,
        "Net Income": -1
    },
    "2015-12-31": {
        "Diluted EPS": -62.5,
        "Total Revenue": 4,
        "Gross Profit": 2,
        "Operating Income": -1,
        "EBIT": -1,
        "Net Income": -1
    },
    "2015-09-30": {
        "Diluted EPS": -660.0,
        "Total Revenue": 5,
        "Gross Profit": 2,
        "Operating Income": -12,
        "EBIT": 0,
        "Net Income": -12
    },
    "2015-06-30": {
        "Diluted EPS": -65.0,
        "Total Revenue": 5,
        "Gross Profit": 2,
        "Operating Income": -1,
        "EBIT": 0,
        "Net Income": -1
    },
    "2015-03-31": {
        "Diluted EPS": -122.5,
        "Total Revenue": 5,
        "Gross Profit": 2,
        "Operating Income": -2,
        "EBIT": -1,
        "Net Income": -2
    },
    "2014-12-31": {
        "Diluted EPS": -122.5,
        "Total Revenue": 5,
        "Gross Profit": 2,
        "Operating Income": -2,
        "EBIT": -1,
        "Net Income": -2
    },
    "2014-09-30": {
        "Diluted EPS": -105.0,
        "Total Revenue": 6,
        "Gross Profit": 3,
        "Operating Income": -1,
        "EBIT": -1,
        "Net Income": -2
    },
    "2014-06-30": {
        "Diluted EPS": -77.5,
        "Total Revenue": 6,
        "Gross Profit": 3,
        "Operating Income": -1,
        "EBIT": 0,
        "Net Income": -1
    },
    "2014-03-31": {
        "Diluted EPS": -162.5,
        "Total Revenue": 5,
        "Gross Profit": 2,
        "Operating Income": -2,
        "EBIT": -1,
        "Net Income": -2
    },
    "2013-12-31": {
        "Diluted EPS": -50.0,
        "Total Revenue": 7,
        "Gross Profit": 4,
        "Operating Income": -1,
        "EBIT": 0,
        "Net Income": -1
    },
    "2013-09-30": {
        "Diluted EPS": -50.0,
        "Total Revenue": 7,
        "Gross Profit": 4,
        "Operating Income": -1,
        "EBIT": 0,
        "Net Income": -1
    },
    "2013-06-30": {
        "Diluted EPS": -125.0,
        "Total Revenue": 6,
        "Gross Profit": 3,
        "Operating Income": -1,
        "EBIT": -1,
        "Net Income": -2
    },
    "2013-03-31": {
        "Diluted EPS": -62.5,
        "Total Revenue": 6,
        "Gross Profit": 3,
        "Operating Income": -1,
        "EBIT": 0,
        "Net Income": -1
    },
    "2012-12-31": {
        "Diluted EPS": -50.0,
        "Total Revenue": 6,
        "Gross Profit": 3,
        "Operating Income": -1,
        "EBIT": 0,
        "Net Income": -1
    },
    "2012-09-30": {
        "Diluted EPS": 0.0,
        "Total Revenue": 7,
        "Gross Profit": 4,
        "Operating Income": 0,
        "EBIT": 0,
        "Net Income": 0
    },
    "2012-06-30": {
        "Diluted EPS": -25.0,
        "Total Revenue": 6,
        "Gross Profit": 4,
        "Operating Income": 0,
        "EBIT": 0,
        "Net Income": 0
    },
    "2012-03-31": {
        "Diluted EPS": -12.5,
        "Total Revenue": 7,
        "Gross Profit": 4,
        "Operating Income": 0,
        "EBIT": 0,
        "Net Income": 0
    },
    "2011-12-31": {
        "Diluted EPS": -50.0,
        "Total Revenue": 7,
        "Gross Profit": 3,
        "Operating Income": 0,
        "EBIT": 0,
        "Net Income": 0
    },
    "2011-09-30": {
        "Diluted EPS": 0.0,
        "Total Revenue": 7,
        "Gross Profit": 3,
        "Operating Income": 0,
        "EBIT": 0,
        "Net Income": 0
    },
    "2011-06-30": {
        "Diluted EPS": -25.0,
        "Total Revenue": 7,
        "Gross Profit": 3,
        "Operating Income": 0,
        "EBIT": 0,
        "Net Income": 0
    },
    "2011-03-31": {
        "Diluted EPS": -37.5,
        "Total Revenue": 7,
        "Gross Profit": 3,
        "Operating Income": 0,
        "EBIT": 0,
        "Net Income": 0
    },
    "2010-12-31": {
        "Diluted EPS": -12.5,
        "Total Revenue": 7,
        "Gross Profit": 3,
        "Operating Income": 0,
        "EBIT": 0,
        "Net Income": 0
    },
    "2010-09-30": {
        "Diluted EPS": -62.5,
        "Total Revenue": 7,
        "Gross Profit": 3,
        "Operating Income": -1,
        "EBIT": 0,
        "Net Income": -1
    },
    "2010-06-30": {
        "Diluted EPS": 0.0,
        "Total Revenue": 6,
        "Gross Profit": 3,
        "Operating Income": 0,
        "EBIT": 0,
        "Net Income": 0
    },
    "2010-03-31": {
        "Diluted EPS": 0.0,
        "Total Revenue": 5,
        "Gross Profit": 3,
        "Operating Income": 0,
        "EBIT": 0,
        "Net Income": 0
    },
    "2009-12-31": {
        "Diluted EPS": 25.0,
        "Total Revenue": 5,
        "Gross Profit": 3,
        "Operating Income": 0,
        "EBIT": 1,
        "Net Income": 0
    },
    "2009-09-30": {
        "Diluted EPS": 12.5,
        "Total Revenue": 5,
        "Gross Profit": 3,
        "Operating Income": 0,
        "EBIT": 1,
        "Net Income": 0
    },
    "2009-06-30": {
        "Diluted EPS": 25.0,
        "Total Revenue": 6,
        "Gross Profit": 3,
        "Operating Income": 0,
        "EBIT": 1,
        "Net Income": 0
    },
    "2009-03-31": {
        "Diluted EPS": 25.0,
        "Total Revenue": 6,
        "Gross Profit": 3,
        "Operating Income": 0,
        "EBIT": 1,
        "Net Income": 0
    },
    "2023-06-30": {
        "Tax Effect Of Unusual Items": -24990.0,
        "Tax Rate For Calcs": 0.21,
        "Normalized EBITDA": -143000.0,
        "Total Unusual Items": -119000.0,
        "Total Unusual Items Excluding Goodwill": -119000.0,
        "Net Income From Continuing Operation Net Minority Interest": -781000.0,
        "Reconciled Depreciation": 391000.0,
        "Reconciled Cost Of Revenue": 1260000.0,
        "EBITDA": -262000.0,
        "EBIT": -653000.0,
        "Net Interest Income": NaN,
        "Interest Expense": NaN,
        "Normalized Income": -686990.0,
        "Net Income From Continuing And Discontinued Operation": -781000.0,
        "Total Expenses": 4563000.0,
        "Total Operating Income As Reported": -665000.0,
        "Diluted Average Shares": 10417609.0,
        "Basic Average Shares": 10417609.0,
        "Diluted EPS": -0.07,
        "Basic EPS": -0.07,
        "Diluted NI Availto Com Stockholders": -781000.0,
        "Average Dilution Earnings": 0.0,
        "Net Income Common Stockholders": -781000.0,
        "Net Income": -781000.0,
        "Net Income Including Noncontrolling Interests": -781000.0,
        "Net Income Continuous Operations": -781000.0,
        "Tax Provision": 9000.0,
        "Pretax Income": -772000.0,
        "Other Income Expense": -119000.0,
        "Special Income Charges": -12000.0,
        "Restructuring And Mergern Acquisition": 12000.0,
        "Gain On Sale Of Security": -107000.0,
        "Net Non Operating Interest Income Expense": NaN,
        "Interest Expense Non Operating": NaN,
        "Operating Income": -653000.0,
        "Operating Expense": 3296000.0,
        "Depreciation Amortization Depletion Income Statement": 384000.0,
        "Depreciation And Amortization In Income Statement": 384000.0,
        "Research And Development": 936000.0,
        "Selling General And Administration": 1976000.0,
        "Selling And Marketing Expense": 1197000.0,
        "General And Administrative Expense": 779000.0,
        "Other Gand A": 779000.0,
        "Gross Profit": 2643000.0,
        "Cost Of Revenue": 1267000.0,
        "Total Revenue": 3910000.0,
        "Operating Revenue": 3910000.0
    },
    "2023-09-30": {
        "Tax Effect Of Unusual Items": -107030.188218,
        "Tax Rate For Calcs": 0.014544,
        "Normalized EBITDA": 7116000.0,
        "Total Unusual Items": -7359000.0,
        "Total Unusual Items Excluding Goodwill": -7359000.0,
        "Net Income From Continuing Operation Net Minority Interest": -8063000.0,
        "Reconciled Depreciation": 391000.0,
        "Reconciled Cost Of Revenue": 1200000.0,
        "EBITDA": -243000.0,
        "EBIT": -634000.0,
        "Net Interest Income": NaN,
        "Interest Expense": NaN,
        "Normalized Income": -811030.188218,
        "Net Income From Continuing And Discontinued Operation": -8063000.0,
        "Total Expenses": 4432000.0,
        "Total Operating Income As Reported": -8226000.0,
        "Diluted Average Shares": NaN,
        "Basic Average Shares": NaN,
        "Diluted EPS": NaN,
        "Basic EPS": NaN,
        "Diluted NI Availto Com Stockholders": -8068000.0,
        "Average Dilution Earnings": -5000.0,
        "Net Income Common Stockholders": -8063000.0,
        "Net Income": -8063000.0,
        "Net Income Including Noncontrolling Interests": -8063000.0,
        "Net Income Continuous Operations": -8063000.0,
        "Tax Provision": -119000.0,
        "Pretax Income": -8182000.0,
        "Other Income Expense": -7359000.0,
        "Special Income Charges": -7573000.0,
        "Restructuring And Mergern Acquisition": 56000.0,
        "Gain On Sale Of Security": 214000.0,
        "Net Non Operating Interest Income Expense": NaN,
        "Interest Expense Non Operating": NaN,
        "Operating Income": -634000.0,
        "Operating Expense": 3226000.0,
        "Depreciation Amortization Depletion Income Statement": 385000.0,
        "Depreciation And Amortization In Income Statement": 385000.0,
        "Research And Development": 1070000.0,
        "Selling General And Administration": 1771000.0,
        "Selling And Marketing Expense": 965000.0,
        "General And Administrative Expense": 806000.0,
        "Other Gand A": 806000.0,
        "Gross Profit": 2592000.0,
        "Cost Of Revenue": 1206000.0,
        "Total Revenue": 3798000.0,
        "Operating Revenue": 3798000.0
    },
    "2023-12-31": {
        "Tax Effect Of Unusual Items": 630.0,
        "Tax Rate For Calcs": 0.21,
        "Normalized EBITDA": -232000.0,
        "Total Unusual Items": 3000.0,
        "Total Unusual Items Excluding Goodwill": 3000.0,
        "Net Income From Continuing Operation Net Minority Interest": -622000.0,
        "Reconciled Depreciation": 391000.0,
        "Reconciled Cost Of Revenue": 1197000.0,
        "EBITDA": -229000.0,
        "EBIT": -620000.0,
        "Net Interest Income": NaN,
        "Interest Expense": NaN,
        "Normalized Income": -624370.0,
        "Net Income From Continuing And Discontinued Operation": -622000.0,
        "Total Expenses": 4375000.0,
        "Total Operating Income As Reported": -635000.0,
        "Diluted Average Shares": 10417609.0,
        "Basic Average Shares": 10417609.0,
        "Diluted EPS": -0.06,
        "Basic EPS": -0.06,
        "Diluted NI Availto Com Stockholders": -622000.0,
        "Average Dilution Earnings": 0.0,
        "Net Income Common Stockholders": -622000.0,
        "Net Income": -622000.0,
        "Net Income Including Noncontrolling Interests": -622000.0,
        "Net Income Continuous Operations": -622000.0,
        "Tax Provision": 5000.0,
        "Pretax Income": -617000.0,
        "Other Income Expense": 3000.0,
        "Special Income Charges": -15000.0,
        "Restructuring And Mergern Acquisition": 15000.0,
        "Gain On Sale Of Security": 18000.0,
        "Net Non Operating Interest Income Expense": NaN,
        "Interest Expense Non Operating": NaN,
        "Operating Income": -620000.0,
        "Operating Expense": 3172000.0,
        "Depreciation Amortization Depletion Income Statement": 385000.0,
        "Depreciation And Amortization In Income Statement": 385000.0,
        "Research And Development": 1093000.0,
        "Selling General And Administration": 1694000.0,
        "Selling And Marketing Expense": 913000.0,
        "General And Administrative Expense": 781000.0,
        "Other Gand A": 781000.0,
        "Gross Profit": 2552000.0,
        "Cost Of Revenue": 1203000.0,
        "Total Revenue": 3755000.0,
        "Operating Revenue": 3755000.0
    },
    "2024-03-31": {
        "Tax Effect Of Unusual Items": -5250.0,
        "Tax Rate For Calcs": 0.21,
        "Normalized EBITDA": -212000.0,
        "Total Unusual Items": -25000.0,
        "Total Unusual Items Excluding Goodwill": -25000.0,
        "Net Income From Continuing Operation Net Minority Interest": -602000.0,
        "Reconciled Depreciation": 307000.0,
        "Reconciled Cost Of Revenue": 1272000.0,
        "EBITDA": -237000.0,
        "EBIT": -544000.0,
        "Net Interest Income": -53000.0,
        "Interest Expense": 53000.0,
        "Normalized Income": -582250.0,
        "Net Income From Continuing And Discontinued Operation": -602000.0,
        "Total Expenses": 4323000.0,
        "Total Operating Income As Reported": -519000.0,
        "Diluted Average Shares": 10430602.0,
        "Basic Average Shares": 10417609.0,
        "Diluted EPS": -0.06,
        "Basic EPS": -0.06,
        "Diluted NI Availto Com Stockholders": -602000.0,
        "Average Dilution Earnings": 0.0,
        "Net Income Common Stockholders": -602000.0,
        "Net Income": -602000.0,
        "Net Income Including Noncontrolling Interests": -602000.0,
        "Net Income Continuous Operations": -602000.0,
        "Tax Provision": 5000.0,
        "Pretax Income": -597000.0,
        "Other Income Expense": -25000.0,
        "Special Income Charges": 0.0,
        "Restructuring And Mergern Acquisition": NaN,
        "Gain On Sale Of Security": -25000.0,
        "Net Non Operating Interest Income Expense": -53000.0,
        "Interest Expense Non Operating": 53000.0,
        "Operating Income": -519000.0,
        "Operating Expense": 3043000.0,
        "Depreciation Amortization Depletion Income Statement": 299000.0,
        "Depreciation And Amortization In Income Statement": 299000.0,
        "Research And Development": 1037000.0,
        "Selling General And Administration": 1707000.0,
        "Selling And Marketing Expense": 941000.0,
        "General And Administrative Expense": 766000.0,
        "Other Gand A": 766000.0,
        "Gross Profit": 2524000.0,
        "Cost Of Revenue": 1280000.0,
        "Total Revenue": 3804000.0,
        "Operating Revenue": 3804000.0
    },
    "2024-06-30": {
        "Tax Effect Of Unusual Items": 6300.0,
        "Tax Rate For Calcs": 0.21,
        "Normalized EBITDA": -154000.0,
        "Total Unusual Items": 30000.0,
        "Total Unusual Items Excluding Goodwill": 30000.0,
        "Net Income From Continuing Operation Net Minority Interest": -305000.0,
        "Reconciled Depreciation": 206000.0,
        "Reconciled Cost Of Revenue": 1225000.0,
        "EBITDA": -124000.0,
        "EBIT": -330000.0,
        "Net Interest Income": NaN,
        "Interest Expense": NaN,
        "Normalized Income": -328700.0,
        "Net Income From Continuing And Discontinued Operation": -305000.0,
        "Total Expenses": 4266000.0,
        "Total Operating Income As Reported": -383000.0,
        "Diluted Average Shares": 10430763.0,
        "Basic Average Shares": 10417609.0,
        "Diluted EPS": -0.03,
        "Basic EPS": -0.03,
        "Diluted NI Availto Com Stockholders": -305000.0,
        "Average Dilution Earnings": 0.0,
        "Net Income Common Stockholders": -305000.0,
        "Net Income": -305000.0,
        "Net Income Including Noncontrolling Interests": -305000.0,
        "Net Income Continuous Operations": -305000.0,
        "Tax Provision": 5000.0,
        "Pretax Income": -300000.0,
        "Other Income Expense": 30000.0,
        "Special Income Charges": -58000.0,
        "Restructuring And Mergern Acquisition": 58000.0,
        "Gain On Sale Of Security": 88000.0,
        "Net Non Operating Interest Income Expense": NaN,
        "Interest Expense Non Operating": NaN,
        "Operating Income": -330000.0,
        "Operating Expense": 3036000.0,
        "Depreciation Amortization Depletion Income Statement": 201000.0,
        "Depreciation And Amortization In Income Statement": 201000.0,
        "Research And Development": 1008000.0,
        "Selling General And Administration": 1827000.0,
        "Selling And Marketing Expense": 949000.0,
        "General And Administrative Expense": 878000.0,
        "Other Gand A": 878000.0,
        "Gross Profit": 2706000.0,
        "Cost Of Revenue": 1230000.0,
        "Total Revenue": 3936000.0,
        "Operating Revenue": 3936000.0
    }
}