{
    "2023-06-30": {
        "Tax Effect Of Unusual Items": 55860000.0,
        "Tax Rate For Calcs": 0.245,
        "Normalized EBITDA": 1809000000.0,
        "Total Unusual Items": 228000000.0,
        "Total Unusual Items Excluding Goodwill": 228000000.0,
        "Net Income From Continuing Operation Net Minority Interest": 1366000000.0,
        "Reconciled Depreciation": 102000000.0,
        "Reconciled Cost Of Revenue": 2226000000.0,
        "EBITDA": 2037000000.0,
        "EBIT": 1935000000.0,
        "Net Interest Income": 20000000.0,
        "Interest Expense": 69000000.0,
        "Interest Income": 89000000.0,
        "Normalized Income": 1193860000.0,
        "Net Income From Continuing And Discontinued Operation": 1366000000.0,
        "Total Expenses": 2845000000.0,
        "Rent Expense Supplemental": 100000000.0,
        "Total Operating Income As Reported": 1615000000.0,
        "Diluted Average Shares": 150739213.0,
        "Basic Average Shares": 149604642.0,
        "Diluted EPS": 9.06,
        "Basic EPS": 9.13,
        "Diluted NI Availto Com Stockholders": 1366000000.0,
        "Net Income Common Stockholders": 1366000000.0,
        "Net Income": 1366000000.0,
        "Minority Interests": -57000000.0,
        "Net Income Including Noncontrolling Interests": 1423000000.0,
        "Net Income Continuous Operations": 1423000000.0,
        "Tax Provision": 443000000.0,
        "Pretax Income": 1866000000.0,
        "Other Income Expense": 228000000.0,
        "Special Income Charges": -1000000.0,
        "Restructuring And Mergern Acquisition": 1000000.0,
        "Gain On Sale Of Security": 229000000.0,
        "Net Non Operating Interest Income Expense": 20000000.0,
        "Interest Expense Non Operating": 69000000.0,
        "Interest Income Non Operating": 89000000.0,
        "Operating Income": 1618000000.0,
        "Operating Expense": 554000000.0,
        "Depreciation Amortization Depletion Income Statement": 37000000.0,
        "Depreciation And Amortization In Income Statement": 37000000.0,
        "Amortization": 37000000.0,
        "Amortization Of Intangibles Income Statement": 37000000.0,
        "Selling General And Administration": 517000000.0,
        "Selling And Marketing Expense": 82000000.0,
        "General And Administrative Expense": 435000000.0,
        "Other Gand A": 335000000.0,
        "Rent And Landing Fees": 100000000.0,
        "Gross Profit": 2172000000.0,
        "Cost Of Revenue": 2291000000.0,
        "Total Revenue": 4463000000.0,
        "Operating Revenue": 4463000000.0
    },
    "2023-03-31": {
        "Tax Effect Of Unusual Items": 22500000.0,
        "Tax Rate For Calcs": 0.25,
        "Normalized EBITDA": 1629000000.0,
        "Total Unusual Items": 90000000.0,
        "Total Unusual Items Excluding Goodwill": 90000000.0,
        "Net Income From Continuing Operation Net Minority Interest": 1157000000.0,
        "Reconciled Depreciation": 106000000.0,
        "Reconciled Cost Of Revenue": 2178000000.0,
        "EBITDA": 1719000000.0,
        "EBIT": 1613000000.0,
        "Net Interest Income": 27000000.0,
        "Interest Expense": 59000000.0,
        "Interest Income": 86000000.0,
        "Normalized Income": 1089500000.0,
        "Net Income From Continuing And Discontinued Operation": 1157000000.0,
        "Total Expenses": 2806000000.0,
        "Rent Expense Supplemental": 110000000.0,
        "Total Operating Income As Reported": 1438000000.0,
        "Diluted Average Shares": 151349829.0,
        "Basic Average Shares": 149909343.0,
        "Diluted EPS": 7.64,
        "Basic EPS": 7.72,
        "Diluted NI Availto Com Stockholders": 1157000000.0,
        "Net Income Common Stockholders": 1157000000.0,
        "Net Income": 1157000000.0,
        "Minority Interests": -12000000.0,
        "Net Income Including Noncontrolling Interests": 1169000000.0,
        "Net Income Continuous Operations": 1169000000.0,
        "Tax Provision": 385000000.0,
        "Pretax Income": 1554000000.0,
        "Other Income Expense": 90000000.0,
        "Special Income Charges": 0.0,
        "Restructuring And Mergern Acquisition": 0.0,
        "Gain On Sale Of Security": 90000000.0,
        "Net Non Operating Interest Income Expense": 27000000.0,
        "Interest Expense Non Operating": 59000000.0,
        "Interest Income Non Operating": 86000000.0,
        "Operating Income": 1437000000.0,
        "Operating Expense": 559000000.0,
        "Depreciation Amortization Depletion Income Statement": 37000000.0,
        "Depreciation And Amortization In Income Statement": 37000000.0,
        "Amortization": 37000000.0,
        "Amortization Of Intangibles Income Statement": 37000000.0,
        "Selling General And Administration": 522000000.0,
        "Selling And Marketing Expense": 80000000.0,
        "General And Administrative Expense": 442000000.0,
        "Other Gand A": 332000000.0,
        "Rent And Landing Fees": 110000000.0,
        "Gross Profit": 1996000000.0,
        "Cost Of Revenue": 2247000000.0,
        "Total Revenue": 4243000000.0,
        "Operating Revenue": 4243000000.0
    },
    "2022-12-31": {
        "Tax Effect Of Unusual Items": 22345641.646489,
        "Tax Rate For Calcs": 0.208838,
        "Normalized EBITDA": 1709000000.0,
        "Total Unusual Items": 107000000.0,
        "Total Unusual Items Excluding Goodwill": 107000000.0,
        "Net Income From Continuing Operation Net Minority Interest": 1259000000.0,
        "Reconciled Depreciation": 110000000.0,
        "Reconciled Cost Of Revenue": 2129000000.0,
        "EBITDA": 1816000000.0,
        "EBIT": 1706000000.0,
        "Net Interest Income": 18000000.0,
        "Interest Expense": 54000000.0,
        "Interest Income": 72000000.0,
        "Normalized Income": 1174345641.646489,
        "Net Income From Continuing And Discontinued Operation": 1259000000.0,
        "Total Expenses": 2810000000.0,
        "Rent Expense Supplemental": 99000000.0,
        "Total Operating Income As Reported": 1427000000.0,
        "Diluted Average Shares": 151839446.0,
        "Basic Average Shares": 150035914.0,
        "Diluted EPS": 8.29,
        "Basic EPS": 8.39,
        "Diluted NI Availto Com Stockholders": 1259000000.0,
        "Net Income Common Stockholders": 1259000000.0,
        "Net Income": 1259000000.0,
        "Minority Interests": -48000000.0,
        "Net Income Including Noncontrolling Interests": 1307000000.0,
        "Net Income Continuous Operations": 1307000000.0,
        "Tax Provision": 345000000.0,
        "Pretax Income": 1652000000.0,
        "Other Income Expense": 107000000.0,
        "Special Income Charges": -92000000.0,
        "Restructuring And Mergern Acquisition": 92000000.0,
        "Gain On Sale Of Security": 199000000.0,
        "Net Non Operating Interest Income Expense": 18000000.0,
        "Interest Expense Non Operating": 54000000.0,
        "Interest Income Non Operating": 72000000.0,
        "Operating Income": 1527000000.0,
        "Operating Expense": 608000000.0,
        "Depreciation Amortization Depletion Income Statement": 37000000.0,
        "Depreciation And Amortization In Income Statement": 37000000.0,
        "Amortization": 37000000.0,
        "Amortization Of Intangibles Income Statement": 37000000.0,
        "Selling General And Administration": 571000000.0,
        "Selling And Marketing Expense": 100000000.0,
        "General And Administrative Expense": 471000000.0,
        "Other Gand A": 372000000.0,
        "Rent And Landing Fees": 99000000.0,
        "Gross Profit": 2135000000.0,
        "Cost Of Revenue": 2202000000.0,
        "Total Revenue": 4337000000.0,
        "Operating Revenue": 4337000000.0
    },
    "2022-09-30": {
        "Tax Effect Of Unusual Items": 33175635.71851,
        "Tax Rate For Calcs": 0.195151,
        "Normalized EBITDA": 1609000000.0,
        "Total Unusual Items": 170000000.0,
        "Total Unusual Items Excluding Goodwill": 170000000.0,
        "Net Income From Continuing Operation Net Minority Interest": 1406000000.0,
        "Reconciled Depreciation": 38000000.0,
        "Reconciled Cost Of Revenue": 2193000000.0,
        "EBITDA": 1779000000.0,
        "EBIT": 1741000000.0,
        "Net Interest Income": -9000000.0,
        "Interest Expense": 50000000.0,
        "Interest Income": 41000000.0,
        "Normalized Income": 1269175635.71851,
        "Net Income From Continuing And Discontinued Operation": 1406000000.0,
        "Total Expenses": 2781000000.0,
        "Rent Expense Supplemental": 99000000.0,
        "Total Operating Income As Reported": 1526000000.0,
        "Diluted Average Shares": 152000000.0,
        "Basic Average Shares": 150600000.0,
        "Diluted EPS": 9.25,
        "Basic EPS": 9.33,
        "Diluted NI Availto Com Stockholders": 1406000000.0,
        "Net Income Common Stockholders": 1406000000.0,
        "Net Income": 1406000000.0,
        "Minority Interests": 45000000.0,
        "Net Income Including Noncontrolling Interests": 1361000000.0,
        "Net Income Continuous Operations": 1361000000.0,
        "Tax Provision": 330000000.0,
        "Pretax Income": 1691000000.0,
        "Other Income Expense": 170000000.0,
        "Special Income Charges": -1000000.0,
        "Restructuring And Mergern Acquisition": 1000000.0,
        "Gain On Sale Of Security": 171000000.0,
        "Net Non Operating Interest Income Expense": -9000000.0,
        "Interest Expense Non Operating": 50000000.0,
        "Interest Income Non Operating": 41000000.0,
        "Operating Income": 1530000000.0,
        "Operating Expense": 588000000.0,
        "Depreciation Amortization Depletion Income Statement": 38000000.0,
        "Depreciation And Amortization In Income Statement": 38000000.0,
        "Amortization": 38000000.0,
        "Amortization Of Intangibles Income Statement": 38000000.0,
        "Selling General And Administration": 550000000.0,
        "Selling And Marketing Expense": 95000000.0,
        "General And Administrative Expense": 455000000.0,
        "Other Gand A": 356000000.0,
        "Rent And Landing Fees": 99000000.0,
        "Gross Profit": 2118000000.0,
        "Cost Of Revenue": 2193000000.0,
        "Total Revenue": 4311000000.0,
        "Operating Revenue": 4311000000.0
    },
    "2022-06-30": {
        "Tax Effect Of Unusual Items": -78684000.0,
        "Tax Rate For Calcs": 0.249,
        "Normalized EBITDA": 1729000000.0,
        "Total Unusual Items": -316000000.0,
        "Total Unusual Items Excluding Goodwill": -316000000.0,
        "Net Income From Continuing Operation Net Minority Interest": 1077000000.0,
        "Reconciled Depreciation": 38000000.0,
        "Reconciled Cost Of Revenue": 2290000000.0,
        "EBITDA": 1413000000.0,
        "EBIT": 1375000000.0,
        "Net Interest Income": -33000000.0,
        "Interest Expense": 54000000.0,
        "Interest Income": 21000000.0,
        "Normalized Income": 1314316000.0,
        "Net Income From Continuing And Discontinued Operation": 1077000000.0,
        "Total Expenses": 2856000000.0,
        "Rent Expense Supplemental": 106000000.0,
        "Total Operating Income As Reported": 1668000000.0,
        "Diluted Average Shares": 152452320.0,
        "Basic Average Shares": 151292580.0,
        "Diluted EPS": 7.06,
        "Basic EPS": 7.12,
        "Diluted NI Availto Com Stockholders": 1077000000.0,
        "Net Income Common Stockholders": 1077000000.0,
        "Net Income": 1077000000.0,
        "Minority Interests": 114000000.0,
        "Net Income Including Noncontrolling Interests": 963000000.0,
        "Net Income Continuous Operations": 963000000.0,
        "Tax Provision": 358000000.0,
        "Pretax Income": 1321000000.0,
        "Other Income Expense": -316000000.0,
        "Special Income Charges": 0.0,
        "Restructuring And Mergern Acquisition": 0.0,
        "Gain On Sale Of Security": -316000000.0,
        "Net Non Operating Interest Income Expense": -33000000.0,
        "Interest Expense Non Operating": 54000000.0,
        "Interest Income Non Operating": 21000000.0,
        "Operating Income": 1670000000.0,
        "Operating Expense": 566000000.0,
        "Depreciation Amortization Depletion Income Statement": 38000000.0,
        "Depreciation And Amortization In Income Statement": 38000000.0,
        "Amortization": 38000000.0,
        "Amortization Of Intangibles Income Statement": 38000000.0,
        "Selling General And Administration": 528000000.0,
        "Selling And Marketing Expense": 76000000.0,
        "General And Administrative Expense": 452000000.0,
        "Other Gand A": 346000000.0,
        "Rent And Landing Fees": 106000000.0,
        "Gross Profit": 2236000000.0,
        "Cost Of Revenue": 2290000000.0,
        "Total Revenue": 4526000000.0,
        "Operating Revenue": 4526000000.0
    },
    "2022-03-31": {
        "Diluted EPS": 9.35,
        "Total Revenue": NaN,
        "Gross Profit": NaN,
        "Operating Income": NaN,
        "EBIT": NaN,
        "Net Income": NaN
    },
    "2021-12-31": {
        "Diluted EPS": 10.64,
        "Total Revenue": NaN,
        "Gross Profit": NaN,
        "Operating Income": NaN,
        "EBIT": NaN,
        "Net Income": NaN
    },
    "2021-09-30": {
        "Diluted EPS": 10.89,
        "Total Revenue": NaN,
        "Gross Profit": NaN,
        "Operating Income": NaN,
        "EBIT": NaN,
        "Net Income": NaN
    },
    "2021-06-30": {
        "Diluted EPS": 8.92,
        "Total Revenue": NaN,
        "Gross Profit": NaN,
        "Operating Income": NaN,
        "EBIT": NaN,
        "Net Income": NaN
    },
    "2021-03-31": {
        "Diluted EPS": 7.77,
        "Total Revenue": NaN,
        "Gross Profit": NaN,
        "Operating Income": NaN,
        "EBIT": NaN,
        "Net Income": NaN
    },
    "2020-12-31": {
        "Diluted EPS": 9.98,
        "Total Revenue": NaN,
        "Gross Profit": NaN,
        "Operating Income": NaN,
        "EBIT": NaN,
        "Net Income": NaN
    },
    "2020-09-30": {
        "Diluted EPS": 8.87,
        "Total Revenue": NaN,
        "Gross Profit": NaN,
        "Operating Income": NaN,
        "EBIT": NaN,
        "Net Income": NaN
    },
    "2020-06-30": {
        "Diluted EPS": 7.85,
        "Total Revenue": NaN,
        "Gross Profit": NaN,
        "Operating Income": NaN,
        "EBIT": NaN,
        "Net Income": NaN
    },
    "2020-03-31": {
        "Diluted EPS": 5.15,
        "Total Revenue": NaN,
        "Gross Profit": NaN,
        "Operating Income": 684,
        "EBIT": 766,
        "Net Income": 806
    },
    "2019-12-31": {
        "Diluted EPS": 8.26,
        "Total Revenue": NaN,
        "Gross Profit": NaN,
        "Operating Income": NaN,
        "EBIT": NaN,
        "Net Income": NaN
    },
    "2019-09-30": {
        "Diluted EPS": 7.15,
        "Total Revenue": NaN,
        "Gross Profit": NaN,
        "Operating Income": NaN,
        "EBIT": NaN,
        "Net Income": NaN
    },
    "2019-06-30": {
        "Diluted EPS": 6.41,
        "Total Revenue": NaN,
        "Gross Profit": NaN,
        "Operating Income": NaN,
        "EBIT": NaN,
        "Net Income": NaN
    },
    "2019-03-31": {
        "Diluted EPS": 6.61,
        "Total Revenue": NaN,
        "Gross Profit": NaN,
        "Operating Income": NaN,
        "EBIT": NaN,
        "Net Income": NaN
    },
    "2018-12-31": {
        "Diluted EPS": 5.74,
        "Total Revenue": NaN,
        "Gross Profit": NaN,
        "Operating Income": NaN,
        "EBIT": NaN,
        "Net Income": 927
    },
    "2018-09-30": {
        "Diluted EPS": 7.54,
        "Total Revenue": NaN,
        "Gross Profit": NaN,
        "Operating Income": NaN,
        "EBIT": NaN,
        "Net Income": NaN
    },
    "2018-06-30": {
        "Diluted EPS": 6.62,
        "Total Revenue": NaN,
        "Gross Profit": NaN,
        "Operating Income": NaN,
        "EBIT": NaN,
        "Net Income": NaN
    },
    "2018-03-31": {
        "Diluted EPS": 6.68,
        "Total Revenue": NaN,
        "Gross Profit": NaN,
        "Operating Income": NaN,
        "EBIT": NaN,
        "Net Income": NaN
    },
    "2017-12-31": {
        "Diluted EPS": 13.95,
        "Total Revenue": NaN,
        "Gross Profit": NaN,
        "Operating Income": NaN,
        "EBIT": NaN,
        "Net Income": NaN
    },
    "2017-09-30": {
        "Diluted EPS": 5.76,
        "Total Revenue": NaN,
        "Gross Profit": NaN,
        "Operating Income": NaN,
        "EBIT": NaN,
        "Net Income": 944
    },
    "2017-06-30": {
        "Diluted EPS": 5.2,
        "Total Revenue": NaN,
        "Gross Profit": NaN,
        "Operating Income": NaN,
        "EBIT": NaN,
        "Net Income": 854
    },
    "2017-03-31": {
        "Diluted EPS": 5.21,
        "Total Revenue": NaN,
        "Gross Profit": NaN,
        "Operating Income": NaN,
        "EBIT": NaN,
        "Net Income": 859
    },
    "2016-12-31": {
        "Diluted EPS": 5.11,
        "Total Revenue": NaN,
        "Gross Profit": NaN,
        "Operating Income": NaN,
        "EBIT": NaN,
        "Net Income": 847
    },
    "2016-09-30": {
        "Diluted EPS": 5.26,
        "Total Revenue": NaN,
        "Gross Profit": NaN,
        "Operating Income": NaN,
        "EBIT": NaN,
        "Net Income": 875
    },
    "2016-06-30": {
        "Diluted EPS": 4.73,
        "Total Revenue": NaN,
        "Gross Profit": NaN,
        "Operating Income": NaN,
        "EBIT": NaN,
        "Net Income": 789
    },
    "2016-03-31": {
        "Diluted EPS": 3.92,
        "Total Revenue": NaN,
        "Gross Profit": NaN,
        "Operating Income": 963,
        "EBIT": NaN,
        "Net Income": 657
    },
    "2015-12-31": {
        "Diluted EPS": 5.11,
        "Total Revenue": NaN,
        "Gross Profit": NaN,
        "Operating Income": NaN,
        "EBIT": NaN,
        "Net Income": 861
    },
    "2015-09-30": {
        "Diluted EPS": 5.0,
        "Total Revenue": NaN,
        "Gross Profit": NaN,
        "Operating Income": NaN,
        "EBIT": NaN,
        "Net Income": 843
    },
    "2015-06-30": {
        "Diluted EPS": 4.84,
        "Total Revenue": NaN,
        "Gross Profit": NaN,
        "Operating Income": NaN,
        "EBIT": NaN,
        "Net Income": 819
    },
    "2015-03-31": {
        "Diluted EPS": 4.84,
        "Total Revenue": NaN,
        "Gross Profit": NaN,
        "Operating Income": NaN,
        "EBIT": NaN,
        "Net Income": 822
    },
    "2014-12-31": {
        "Diluted EPS": 4.76,
        "Total Revenue": NaN,
        "Gross Profit": NaN,
        "Operating Income": NaN,
        "EBIT": NaN,
        "Net Income": 813
    },
    "2014-09-30": {
        "Diluted EPS": 5.37,
        "Total Revenue": NaN,
        "Gross Profit": NaN,
        "Operating Income": NaN,
        "EBIT": NaN,
        "Net Income": 917
    },
    "2014-06-30": {
        "Diluted EPS": 4.72,
        "Total Revenue": NaN,
        "Gross Profit": NaN,
        "Operating Income": NaN,
        "EBIT": NaN,
        "Net Income": 808
    },
    "2014-03-31": {
        "Diluted EPS": 4.4,
        "Total Revenue": NaN,
        "Gross Profit": NaN,
        "Operating Income": NaN,
        "EBIT": NaN,
        "Net Income": 756
    },
    "2013-12-31": {
        "Diluted EPS": 4.85,
        "Total Revenue": NaN,
        "Gross Profit": NaN,
        "Operating Income": NaN,
        "EBIT": NaN,
        "Net Income": 841
    },
    "2013-09-30": {
        "Diluted EPS": 4.21,
        "Total Revenue": NaN,
        "Gross Profit": NaN,
        "Operating Income": 966,
        "EBIT": NaN,
        "Net Income": 730
    },
    "2013-06-30": {
        "Diluted EPS": 4.19,
        "Total Revenue": NaN,
        "Gross Profit": NaN,
        "Operating Income": 849,
        "EBIT": 933,
        "Net Income": 729
    },
    "2013-03-31": {
        "Diluted EPS": 3.62,
        "Total Revenue": NaN,
        "Gross Profit": NaN,
        "Operating Income": 909,
        "EBIT": 993,
        "Net Income": 632
    },
    "2012-12-31": {
        "Diluted EPS": 3.92,
        "Total Revenue": NaN,
        "Gross Profit": NaN,
        "Operating Income": NaN,
        "EBIT": NaN,
        "Net Income": 690
    },
    "2012-09-30": {
        "Diluted EPS": 3.65,
        "Total Revenue": NaN,
        "Gross Profit": NaN,
        "Operating Income": 875,
        "EBIT": 962,
        "Net Income": 642
    },
    "2012-06-30": {
        "Diluted EPS": 3.08,
        "Total Revenue": NaN,
        "Gross Profit": NaN,
        "Operating Income": 829,
        "EBIT": 915,
        "Net Income": 554
    },
    "2012-03-31": {
        "Diluted EPS": 3.14,
        "Total Revenue": NaN,
        "Gross Profit": NaN,
        "Operating Income": 815,
        "EBIT": 904,
        "Net Income": 572
    },
    "2011-12-31": {
        "Diluted EPS": 3.04,
        "Total Revenue": NaN,
        "Gross Profit": NaN,
        "Operating Income": 808,
        "EBIT": 903,
        "Net Income": 562
    },
    "2011-09-30": {
        "Diluted EPS": 3.23,
        "Total Revenue": NaN,
        "Gross Profit": NaN,
        "Operating Income": 777,
        "EBIT": 873,
        "Net Income": 595
    },
    "2011-06-30": {
        "Diluted EPS": 3.21,
        "Total Revenue": NaN,
        "Gross Profit": NaN,
        "Operating Income": 866,
        "EBIT": 960,
        "Net Income": 619
    },
    "2011-03-31": {
        "Diluted EPS": 2.89,
        "Total Revenue": NaN,
        "Gross Profit": NaN,
        "Operating Income": 798,
        "EBIT": 893,
        "Net Income": 561
    },
    "2010-12-31": {
        "Diluted EPS": 3.34,
        "Total Revenue": NaN,
        "Gross Profit": NaN,
        "Operating Income": 940,
        "EBIT": NaN,
        "Net Income": 657
    },
    "2010-09-30": {
        "Diluted EPS": 2.83,
        "Total Revenue": NaN,
        "Gross Profit": NaN,
        "Operating Income": 707,
        "EBIT": 807,
        "Net Income": 551
    },
    "2010-06-30": {
        "Diluted EPS": 2.21,
        "Total Revenue": NaN,
        "Gross Profit": NaN,
        "Operating Income": 697,
        "EBIT": 803,
        "Net Income": 432
    },
    "2010-03-31": {
        "Diluted EPS": 2.17,
        "Total Revenue": NaN,
        "Gross Profit": NaN,
        "Operating Income": 654,
        "EBIT": 758,
        "Net Income": 423
    },
    "2009-12-31": {
        "Diluted EPS": 1.63,
        "Total Revenue": NaN,
        "Gross Profit": NaN,
        "Operating Income": 389,
        "EBIT": 477,
        "Net Income": 256
    },
    "2009-09-30": {
        "Diluted EPS": 2.27,
        "Total Revenue": NaN,
        "Gross Profit": NaN,
        "Operating Income": 357,
        "EBIT": 440,
        "Net Income": 317
    },
    "2009-06-30": {
        "Diluted EPS": 1.59,
        "Total Revenue": NaN,
        "Gross Profit": 904,
        "Operating Income": 261,
        "EBIT": 345,
        "Net Income": 218
    },
    "2009-03-31": {
        "Diluted EPS": 0.62,
        "Total Revenue": 987,
        "Gross Profit": 860,
        "Operating Income": 271,
        "EBIT": 355,
        "Net Income": 84
    },
    "2023-09-30": {
        "Tax Effect Of Unusual Items": 13689000.0,
        "Tax Rate For Calcs": 0.117,
        "Normalized EBITDA": 1881000000.0,
        "Total Unusual Items": 117000000.0,
        "Total Unusual Items Excluding Goodwill": 117000000.0,
        "Net Income From Continuing Operation Net Minority Interest": 1604000000.0,
        "Reconciled Depreciation": 108000000.0,
        "Reconciled Cost Of Revenue": 2231000000.0,
        "EBITDA": 1998000000.0,
        "EBIT": 1890000000.0,
        "Net Interest Income": 57000000.0,
        "Interest Expense": 82000000.0,
        "Interest Income": 139000000.0,
        "Normalized Income": 1500689000.0,
        "Net Income From Continuing And Discontinued Operation": 1604000000.0,
        "Total Expenses": 2888000000.0,
        "Rent Expense Supplemental": 103000000.0,
        "Total Operating Income As Reported": 1637000000.0,
        "Diluted Average Shares": 150500000.0,
        "Basic Average Shares": 149200000.0,
        "Diluted EPS": 10.66,
        "Basic EPS": 10.75,
        "Diluted NI Availto Com Stockholders": 1604000000.0,
        "Net Income Common Stockholders": 1604000000.0,
        "Net Income": 1604000000.0,
        "Minority Interests": 9000000.0,
        "Net Income Including Noncontrolling Interests": 1595000000.0,
        "Net Income Continuous Operations": 1595000000.0,
        "Tax Provision": 213000000.0,
        "Pretax Income": 1808000000.0,
        "Other Income Expense": 117000000.0,
        "Special Income Charges": 0.0,
        "Restructuring And Mergern Acquisition": 0.0,
        "Gain On Sale Of Security": 117000000.0,
        "Net Non Operating Interest Income Expense": 57000000.0,
        "Interest Expense Non Operating": 82000000.0,
        "Interest Income Non Operating": 139000000.0,
        "Operating Income": 1634000000.0,
        "Operating Expense": 588000000.0,
        "Depreciation Amortization Depletion Income Statement": 39000000.0,
        "Depreciation And Amortization In Income Statement": 39000000.0,
        "Amortization": 39000000.0,
        "Amortization Of Intangibles Income Statement": 39000000.0,
        "Selling General And Administration": 549000000.0,
        "Selling And Marketing Expense": 82000000.0,
        "General And Administrative Expense": 467000000.0,
        "Other Gand A": 364000000.0,
        "Rent And Landing Fees": 103000000.0,
        "Gross Profit": 2222000000.0,
        "Cost Of Revenue": 2300000000.0,
        "Total Revenue": 4522000000.0,
        "Operating Revenue": 4522000000.0
    },
    "2023-12-31": {
        "Tax Effect Of Unusual Items": 46823040.996367,
        "Tax Rate For Calcs": 0.227296,
        "Normalized EBITDA": 1914000000.0,
        "Total Unusual Items": 206000000.0,
        "Total Unusual Items Excluding Goodwill": 206000000.0,
        "Net Income From Continuing Operation Net Minority Interest": 1375000000.0,
        "Reconciled Depreciation": 111000000.0,
        "Reconciled Cost Of Revenue": 2250000000.0,
        "EBITDA": 2120000000.0,
        "EBIT": 2009000000.0,
        "Net Interest Income": 77000000.0,
        "Interest Expense": 82000000.0,
        "Interest Income": 159000000.0,
        "Normalized Income": 1215823040.996367,
        "Net Income From Continuing And Discontinued Operation": 1375000000.0,
        "Total Expenses": 2987000000.0,
        "Rent Expense Supplemental": 105000000.0,
        "Total Operating Income As Reported": 1585000000.0,
        "Diluted Average Shares": 150200000.0,
        "Basic Average Shares": 148700000.0,
        "Diluted EPS": 9.15,
        "Basic EPS": 9.25,
        "Diluted NI Availto Com Stockholders": 1375000000.0,
        "Net Income Common Stockholders": 1375000000.0,
        "Net Income": 1375000000.0,
        "Minority Interests": -114000000.0,
        "Net Income Including Noncontrolling Interests": 1489000000.0,
        "Net Income Continuous Operations": 1489000000.0,
        "Tax Provision": 438000000.0,
        "Pretax Income": 1927000000.0,
        "Other Income Expense": 206000000.0,
        "Special Income Charges": -63000000.0,
        "Restructuring And Mergern Acquisition": 63000000.0,
        "Gain On Sale Of Security": 269000000.0,
        "Net Non Operating Interest Income Expense": 77000000.0,
        "Interest Expense Non Operating": 82000000.0,
        "Interest Income Non Operating": 159000000.0,
        "Operating Income": 1644000000.0,
        "Operating Expense": 664000000.0,
        "Depreciation Amortization Depletion Income Statement": 38000000.0,
        "Depreciation And Amortization In Income Statement": 38000000.0,
        "Amortization": 38000000.0,
        "Amortization Of Intangibles Income Statement": 38000000.0,
        "Selling General And Administration": 626000000.0,
        "Selling And Marketing Expense": 100000000.0,
        "General And Administrative Expense": 526000000.0,
        "Other Gand A": 421000000.0,
        "Rent And Landing Fees": 105000000.0,
        "Gross Profit": 2308000000.0,
        "Cost Of Revenue": 2323000000.0,
        "Total Revenue": 4631000000.0,
        "Operating Revenue": 4631000000.0
    }
}