{
    "2023-03-31": {
        "Tax Effect Of Unusual Items": NaN,
        "Tax Rate For Calcs": NaN,
        "Normalized EBITDA": NaN,
        "Total Unusual Items": NaN,
        "Total Unusual Items Excluding Goodwill": NaN,
        "Net Income From Continuing Operation Net Minority Interest": NaN,
        "Reconciled Depreciation": NaN,
        "Reconciled Cost Of Revenue": NaN,
        "EBITDA": NaN,
        "EBIT": NaN,
        "Net Interest Income": NaN,
        "Interest Expense": NaN,
        "Normalized Income": NaN,
        "Net Income From Continuing And Discontinued Operation": NaN,
        "Total Expenses": NaN,
        "Total Operating Income As Reported": NaN,
        "Diluted Average Shares": NaN,
        "Basic Average Shares": NaN,
        "Diluted EPS": NaN,
        "Basic EPS": NaN,
        "Diluted NI Availto Com Stockholders": NaN,
        "Net Income Common Stockholders": NaN,
        "Net Income": NaN,
        "Net Income Including Noncontrolling Interests": NaN,
        "Net Income Continuous Operations": NaN,
        "Tax Provision": NaN,
        "Pretax Income": NaN,
        "Other Income Expense": NaN,
        "Other Non Operating Income Expenses": 50000.0,
        "Special Income Charges": NaN,
        "Other Special Charges": NaN,
        "Impairment Of Capital Assets": NaN,
        "Restructuring And Mergern Acquisition": 0.0,
        "Gain On Sale Of Security": NaN,
        "Net Non Operating Interest Income Expense": NaN,
        "Interest Expense Non Operating": NaN,
        "Operating Income": NaN,
        "Operating Expense": NaN,
        "Other Operating Expenses": NaN,
        "Selling General And Administration": NaN,
        "General And Administrative Expense": NaN,
        "Other Gand A": NaN,
        "Salaries And Wages": 22709000.0,
        "Gross Profit": NaN,
        "Cost Of Revenue": NaN,
        "Total Revenue": NaN,
        "Operating Revenue": NaN
    },
    "2022-12-31": {
        "Tax Effect Of Unusual Items": NaN,
        "Tax Rate For Calcs": NaN,
        "Normalized EBITDA": NaN,
        "Total Unusual Items": NaN,
        "Total Unusual Items Excluding Goodwill": NaN,
        "Net Income From Continuing Operation Net Minority Interest": NaN,
        "Reconciled Depreciation": NaN,
        "Reconciled Cost Of Revenue": NaN,
        "EBITDA": NaN,
        "EBIT": NaN,
        "Net Interest Income": NaN,
        "Interest Expense": NaN,
        "Normalized Income": NaN,
        "Net Income From Continuing And Discontinued Operation": NaN,
        "Total Expenses": NaN,
        "Total Operating Income As Reported": NaN,
        "Diluted Average Shares": NaN,
        "Basic Average Shares": NaN,
        "Diluted EPS": NaN,
        "Basic EPS": NaN,
        "Diluted NI Availto Com Stockholders": NaN,
        "Net Income Common Stockholders": NaN,
        "Net Income": NaN,
        "Net Income Including Noncontrolling Interests": NaN,
        "Net Income Continuous Operations": NaN,
        "Tax Provision": NaN,
        "Pretax Income": NaN,
        "Other Income Expense": NaN,
        "Other Non Operating Income Expenses": -121000.0,
        "Special Income Charges": NaN,
        "Other Special Charges": NaN,
        "Impairment Of Capital Assets": NaN,
        "Restructuring And Mergern Acquisition": NaN,
        "Gain On Sale Of Security": NaN,
        "Net Non Operating Interest Income Expense": NaN,
        "Total Other Finance Cost": 473000.0,
        "Interest Expense Non Operating": NaN,
        "Operating Income": NaN,
        "Operating Expense": NaN,
        "Other Operating Expenses": NaN,
        "Selling General And Administration": NaN,
        "General And Administrative Expense": NaN,
        "Other Gand A": NaN,
        "Salaries And Wages": 22959000.0,
        "Gross Profit": NaN,
        "Cost Of Revenue": NaN,
        "Total Revenue": NaN,
        "Operating Revenue": NaN
    },
    "2022-09-30": {
        "Tax Effect Of Unusual Items": NaN,
        "Tax Rate For Calcs": NaN,
        "Normalized EBITDA": NaN,
        "Total Unusual Items": NaN,
        "Total Unusual Items Excluding Goodwill": NaN,
        "Net Income From Continuing Operation Net Minority Interest": NaN,
        "Reconciled Depreciation": NaN,
        "Reconciled Cost Of Revenue": NaN,
        "EBITDA": NaN,
        "EBIT": NaN,
        "Net Interest Income": NaN,
        "Interest Expense": 917000.0,
        "Normalized Income": NaN,
        "Net Income From Continuing And Discontinued Operation": NaN,
        "Total Expenses": NaN,
        "Total Operating Income As Reported": NaN,
        "Diluted Average Shares": NaN,
        "Basic Average Shares": NaN,
        "Diluted EPS": NaN,
        "Basic EPS": NaN,
        "Diluted NI Availto Com Stockholders": NaN,
        "Net Income Common Stockholders": NaN,
        "Net Income": NaN,
        "Net Income Including Noncontrolling Interests": NaN,
        "Net Income Continuous Operations": NaN,
        "Tax Provision": NaN,
        "Pretax Income": NaN,
        "Other Income Expense": NaN,
        "Other Non Operating Income Expenses": NaN,
        "Special Income Charges": NaN,
        "Other Special Charges": NaN,
        "Impairment Of Capital Assets": 0.0,
        "Restructuring And Mergern Acquisition": NaN,
        "Gain On Sale Of Security": NaN,
        "Net Non Operating Interest Income Expense": NaN,
        "Total Other Finance Cost": 917000.0,
        "Interest Expense Non Operating": 917000.0,
        "Operating Income": NaN,
        "Operating Expense": NaN,
        "Other Operating Expenses": NaN,
        "Selling General And Administration": NaN,
        "General And Administrative Expense": NaN,
        "Other Gand A": NaN,
        "Salaries And Wages": NaN,
        "Gross Profit": NaN,
        "Cost Of Revenue": NaN,
        "Total Revenue": NaN,
        "Operating Revenue": NaN
    },
    "2022-06-30": {
        "Tax Effect Of Unusual Items": 0.0,
        "Tax Rate For Calcs": 0.0,
        "Normalized EBITDA": -21645000.0,
        "Total Unusual Items": -317000.0,
        "Total Unusual Items Excluding Goodwill": -317000.0,
        "Net Income From Continuing Operation Net Minority Interest": -22621000.0,
        "Reconciled Depreciation": 2635000.0,
        "Reconciled Cost Of Revenue": 9529000.0,
        "EBITDA": -21962000.0,
        "EBIT": -21962000.0,
        "Net Interest Income": -139000.0,
        "Interest Expense": NaN,
        "Normalized Income": -22304000.0,
        "Net Income From Continuing And Discontinued Operation": -22621000.0,
        "Total Expenses": 33323000.0,
        "Total Operating Income As Reported": -21962000.0,
        "Diluted Average Shares": 43509693.0,
        "Basic Average Shares": 43509693.0,
        "Diluted EPS": -0.52,
        "Basic EPS": -0.52,
        "Diluted NI Availto Com Stockholders": -22621000.0,
        "Net Income Common Stockholders": -22621000.0,
        "Net Income": -22621000.0,
        "Net Income Including Noncontrolling Interests": -22621000.0,
        "Net Income Continuous Operations": -22621000.0,
        "Tax Provision": NaN,
        "Pretax Income": -22621000.0,
        "Other Income Expense": -520000.0,
        "Other Non Operating Income Expenses": -203000.0,
        "Special Income Charges": 0.0,
        "Other Special Charges": NaN,
        "Gain On Sale Of Security": -317000.0,
        "Net Non Operating Interest Income Expense": -139000.0,
        "Total Other Finance Cost": 139000.0,
        "Interest Expense Non Operating": NaN,
        "Operating Income": -21962000.0,
        "Operating Expense": 23794000.0,
        "Other Operating Expenses": 4013000.0,
        "Selling General And Administration": 19781000.0,
        "General And Administrative Expense": 19781000.0,
        "Other Gand A": 9002000.0,
        "Salaries And Wages": 10779000.0,
        "Gross Profit": 1832000.0,
        "Cost Of Revenue": 9529000.0,
        "Total Revenue": 11361000.0,
        "Operating Revenue": 11172000.0
    },
    "2022-03-31": {
        "Diluted EPS": -0.36,
        "Total Revenue": 10,
        "Gross Profit": 2,
        "Operating Income": -15,
        "EBIT": -14,
        "Net Income": -15
    },
    "2021-12-31": {
        "Diluted EPS": -0.46,
        "Total Revenue": 8,
        "Gross Profit": 1,
        "Operating Income": -20,
        "EBIT": -19,
        "Net Income": -19
    },
    "2021-09-30": {
        "Diluted EPS": -0.36,
        "Total Revenue": 6,
        "Gross Profit": 1,
        "Operating Income": -16,
        "EBIT": -16,
        "Net Income": -15
    },
    "2021-06-30": {
        "Diluted EPS": -0.32,
        "Total Revenue": 4,
        "Gross Profit": 1,
        "Operating Income": -12,
        "EBIT": -11,
        "Net Income": -13
    },
    "2021-03-31": {
        "Diluted EPS": -0.18,
        "Total Revenue": 2,
        "Gross Profit": 0,
        "Operating Income": -7,
        "EBIT": -7,
        "Net Income": -7
    },
    "2020-12-31": {
        "Diluted EPS": -0.25,
        "Total Revenue": 2,
        "Gross Profit": 0,
        "Operating Income": -8,
        "EBIT": -7,
        "Net Income": -8
    },
    "2020-09-30": {
        "Diluted EPS": -0.12,
        "Total Revenue": 1,
        "Gross Profit": 0,
        "Operating Income": -4,
        "EBIT": -4,
        "Net Income": -4
    },
    "2020-06-30": {
        "Diluted EPS": -0.11,
        "Total Revenue": 2,
        "Gross Profit": 0,
        "Operating Income": -3,
        "EBIT": -3,
        "Net Income": -3
    },
    "2020-03-31": {
        "Diluted EPS": -0.11,
        "Total Revenue": 1,
        "Gross Profit": 0,
        "Operating Income": -3,
        "EBIT": -3,
        "Net Income": -3
    },
    "2019-12-31": {
        "Diluted EPS": -0.11,
        "Total Revenue": 1,
        "Gross Profit": 0,
        "Operating Income": -3,
        "EBIT": -3,
        "Net Income": -3
    },
    "2019-09-30": {
        "Diluted EPS": -0.1,
        "Total Revenue": 1,
        "Gross Profit": 0,
        "Operating Income": -3,
        "EBIT": -3,
        "Net Income": -3
    },
    "2019-06-30": {
        "Diluted EPS": -0.09,
        "Total Revenue": 1,
        "Gross Profit": 0,
        "Operating Income": -2,
        "EBIT": -2,
        "Net Income": -2
    },
    "2019-03-31": {
        "Diluted EPS": -0.07,
        "Total Revenue": 1,
        "Gross Profit": 0,
        "Operating Income": -2,
        "EBIT": -2,
        "Net Income": -2
    },
    "2018-12-31": {
        "Diluted EPS": 1.46,
        "Total Revenue": 1,
        "Gross Profit": 0,
        "Operating Income": -2,
        "EBIT": -2,
        "Net Income": -2
    },
    "2018-09-30": {
        "Diluted EPS": -0.13,
        "Total Revenue": 1,
        "Gross Profit": 0,
        "Operating Income": -4,
        "EBIT": -3,
        "Net Income": -2
    },
    "2018-06-30": {
        "Diluted EPS": -0.05,
        "Total Revenue": 1,
        "Gross Profit": 0,
        "Operating Income": -2,
        "EBIT": -2,
        "Net Income": -1
    },
    "2018-03-31": {
        "Diluted EPS": -2.58,
        "Total Revenue": 1,
        "Gross Profit": 0,
        "Operating Income": -4,
        "EBIT": -3,
        "Net Income": -22
    },
    "2017-12-31": {
        "Diluted EPS": 14.33,
        "Total Revenue": 1,
        "Gross Profit": 0,
        "Operating Income": -2,
        "EBIT": -2,
        "Net Income": 26
    },
    "2017-09-30": {
        "Diluted EPS": -34.68,
        "Total Revenue": 1,
        "Gross Profit": 0,
        "Operating Income": -1,
        "EBIT": -1,
        "Net Income": -94
    },
    "2017-06-30": {
        "Diluted EPS": -3.21,
        "Total Revenue": 1,
        "Gross Profit": 0,
        "Operating Income": -2,
        "EBIT": -1,
        "Net Income": -5
    },
    "2017-03-31": {
        "Diluted EPS": -2.39,
        "Total Revenue": 1,
        "Gross Profit": 0,
        "Operating Income": -2,
        "EBIT": -1,
        "Net Income": -4
    },
    "2016-12-31": {
        "Diluted EPS": 0.0,
        "Total Revenue": NaN,
        "Gross Profit": NaN,
        "Operating Income": NaN,
        "EBIT": NaN,
        "Net Income": NaN
    },
    "2015-12-31": {
        "Diluted EPS": 0.0,
        "Total Revenue": NaN,
        "Gross Profit": NaN,
        "Operating Income": NaN,
        "EBIT": NaN,
        "Net Income": NaN
    },
    "2023-06-30": {
        "Tax Effect Of Unusual Items": NaN,
        "Tax Rate For Calcs": NaN,
        "Normalized EBITDA": NaN,
        "Total Unusual Items": NaN,
        "Total Unusual Items Excluding Goodwill": NaN,
        "Net Income From Continuing Operation Net Minority Interest": NaN,
        "Reconciled Depreciation": NaN,
        "Reconciled Cost Of Revenue": NaN,
        "EBITDA": NaN,
        "EBIT": NaN,
        "Net Interest Income": NaN,
        "Interest Expense": 786000.0,
        "Normalized Income": NaN,
        "Net Income From Continuing And Discontinued Operation": NaN,
        "Total Expenses": NaN,
        "Total Operating Income As Reported": NaN,
        "Diluted Average Shares": NaN,
        "Basic Average Shares": NaN,
        "Diluted EPS": NaN,
        "Basic EPS": NaN,
        "Diluted NI Availto Com Stockholders": NaN,
        "Net Income Common Stockholders": NaN,
        "Net Income": NaN,
        "Net Income Including Noncontrolling Interests": NaN,
        "Net Income Continuous Operations": NaN,
        "Tax Provision": NaN,
        "Pretax Income": NaN,
        "Other Income Expense": NaN,
        "Other Non Operating Income Expenses": 600000.0,
        "Special Income Charges": NaN,
        "Other Special Charges": NaN,
        "Impairment Of Capital Assets": NaN,
        "Restructuring And Mergern Acquisition": 0.0,
        "Gain On Sale Of Security": NaN,
        "Net Non Operating Interest Income Expense": NaN,
        "Interest Expense Non Operating": 786000.0,
        "Operating Income": NaN,
        "Operating Expense": NaN,
        "Other Operating Expenses": NaN,
        "Selling General And Administration": NaN,
        "General And Administrative Expense": NaN,
        "Other Gand A": NaN,
        "Salaries And Wages": 37990000.0,
        "Gross Profit": NaN,
        "Cost Of Revenue": NaN,
        "Total Revenue": NaN,
        "Operating Revenue": NaN
    },
    "2023-09-30": {
        "Tax Effect Of Unusual Items": -19847100.0,
        "Tax Rate For Calcs": 0.21,
        "Normalized EBITDA": -13565000.0,
        "Total Unusual Items": -94510000.0,
        "Total Unusual Items Excluding Goodwill": -94510000.0,
        "Net Income From Continuing Operation Net Minority Interest": -112721000.0,
        "Reconciled Depreciation": 2869000.0,
        "Reconciled Cost Of Revenue": 30592000.0,
        "EBITDA": -108075000.0,
        "EBIT": -110944000.0,
        "Net Interest Income": -970000.0,
        "Interest Expense": 970000.0,
        "Normalized Income": -38058100.0,
        "Net Income From Continuing And Discontinued Operation": -112721000.0,
        "Total Expenses": 59652000.0,
        "Total Operating Income As Reported": -110552000.0,
        "Diluted Average Shares": 64626681.0,
        "Basic Average Shares": 64626681.0,
        "Diluted EPS": -1.74,
        "Basic EPS": -1.74,
        "Diluted NI Availto Com Stockholders": -112721000.0,
        "Net Income Common Stockholders": -112721000.0,
        "Net Income": -112721000.0,
        "Net Income Including Noncontrolling Interests": -112721000.0,
        "Net Income Continuous Operations": -112721000.0,
        "Tax Provision": 807000.0,
        "Pretax Income": -111914000.0,
        "Other Income Expense": -94622000.0,
        "Other Non Operating Income Expenses": -112000.0,
        "Special Income Charges": -95230000.0,
        "Other Special Charges": 1000000.0,
        "Impairment Of Capital Assets": 94230000.0,
        "Restructuring And Mergern Acquisition": NaN,
        "Gain On Sale Of Security": 720000.0,
        "Net Non Operating Interest Income Expense": -970000.0,
        "Interest Expense Non Operating": 970000.0,
        "Operating Income": -16322000.0,
        "Operating Expense": 29060000.0,
        "Other Operating Expenses": 20521000.0,
        "Selling General And Administration": 8539000.0,
        "General And Administrative Expense": 8539000.0,
        "Other Gand A": 8539000.0,
        "Salaries And Wages": 15268000.0,
        "Gross Profit": 12738000.0,
        "Cost Of Revenue": 30592000.0,
        "Total Revenue": 43330000.0,
        "Operating Revenue": 42643000.0
    },
    "2023-12-31": {
        "Tax Effect Of Unusual Items": 235620.0,
        "Tax Rate For Calcs": 0.21,
        "Normalized EBITDA": 76573000.0,
        "Total Unusual Items": 1122000.0,
        "Total Unusual Items Excluding Goodwill": 1122000.0,
        "Net Income From Continuing Operation Net Minority Interest": -19689000.0,
        "Reconciled Depreciation": 2747000.0,
        "Reconciled Cost Of Revenue": 32124000.0,
        "EBITDA": 77695000.0,
        "EBIT": 74948000.0,
        "Net Interest Income": -1173000.0,
        "Interest Expense": NaN,
        "Normalized Income": -20575380.0,
        "Net Income From Continuing And Discontinued Operation": -19689000.0,
        "Total Expenses": 60615000.0,
        "Total Operating Income As Reported": -18089000.0,
        "Diluted Average Shares": 92818233.0,
        "Basic Average Shares": 92818233.0,
        "Diluted EPS": -0.31,
        "Basic EPS": -0.31,
        "Diluted NI Availto Com Stockholders": -19689000.0,
        "Net Income Common Stockholders": -19689000.0,
        "Net Income": -19689000.0,
        "Net Income Including Noncontrolling Interests": -19689000.0,
        "Net Income Continuous Operations": -19689000.0,
        "Tax Provision": 269000.0,
        "Pretax Income": -19420000.0,
        "Other Income Expense": -158000.0,
        "Other Non Operating Income Expenses": -1280000.0,
        "Special Income Charges": 0.0,
        "Other Special Charges": 0.0,
        "Impairment Of Capital Assets": 0.0,
        "Restructuring And Mergern Acquisition": NaN,
        "Gain On Sale Of Security": 1122000.0,
        "Net Non Operating Interest Income Expense": -1173000.0,
        "Interest Expense Non Operating": NaN,
        "Operating Income": -18089000.0,
        "Operating Expense": 28491000.0,
        "Other Operating Expenses": 19787000.0,
        "Selling General And Administration": 8704000.0,
        "General And Administrative Expense": 8704000.0,
        "Other Gand A": 8704000.0,
        "Salaries And Wages": 16702000.0,
        "Gross Profit": 10402000.0,
        "Cost Of Revenue": 32124000.0,
        "Total Revenue": 42526000.0,
        "Operating Revenue": 42414000.0
    },
    "2024-03-31": {
        "Tax Effect Of Unusual Items": -202650.0,
        "Tax Rate For Calcs": 0.21,
        "Normalized EBITDA": -12410000.0,
        "Total Unusual Items": -965000.0,
        "Total Unusual Items Excluding Goodwill": -965000.0,
        "Net Income From Continuing Operation Net Minority Interest": -17173000.0,
        "Reconciled Depreciation": 3343000.0,
        "Reconciled Cost Of Revenue": 24149000.0,
        "EBITDA": -13375000.0,
        "EBIT": -16718000.0,
        "Net Interest Income": -427000.0,
        "Interest Expense": 427000.0,
        "Normalized Income": -16410650.0,
        "Net Income From Continuing And Discontinued Operation": -17173000.0,
        "Total Expenses": 52738000.0,
        "Total Operating Income As Reported": -17453000.0,
        "Diluted Average Shares": 99902470.0,
        "Basic Average Shares": 99902470.0,
        "Diluted EPS": -0.17,
        "Basic EPS": -0.17,
        "Diluted NI Availto Com Stockholders": -17173000.0,
        "Net Income Common Stockholders": -17173000.0,
        "Net Income": -17173000.0,
        "Net Income Including Noncontrolling Interests": -17173000.0,
        "Net Income Continuous Operations": -17173000.0,
        "Tax Provision": 28000.0,
        "Pretax Income": -17145000.0,
        "Other Income Expense": -965000.0,
        "Other Non Operating Income Expenses": NaN,
        "Special Income Charges": -1700000.0,
        "Other Special Charges": NaN,
        "Impairment Of Capital Assets": NaN,
        "Restructuring And Mergern Acquisition": 1700000.0,
        "Gain On Sale Of Security": 735000.0,
        "Net Non Operating Interest Income Expense": -427000.0,
        "Interest Expense Non Operating": 427000.0,
        "Operating Income": -15753000.0,
        "Operating Expense": 28589000.0,
        "Other Operating Expenses": 20812000.0,
        "Selling General And Administration": 7777000.0,
        "General And Administrative Expense": 7777000.0,
        "Other Gand A": 7777000.0,
        "Salaries And Wages": NaN,
        "Gross Profit": 12836000.0,
        "Cost Of Revenue": 24149000.0,
        "Total Revenue": 36985000.0,
        "Operating Revenue": 36650000.0
    },
    "2024-06-30": {
        "Tax Effect Of Unusual Items": 11130.0,
        "Tax Rate For Calcs": 0.21,
        "Normalized EBITDA": -16666000.0,
        "Total Unusual Items": 53000.0,
        "Total Unusual Items Excluding Goodwill": 53000.0,
        "Net Income From Continuing Operation Net Minority Interest": -20059000.0,
        "Reconciled Depreciation": 3236000.0,
        "Reconciled Cost Of Revenue": 22549000.0,
        "EBITDA": -16613000.0,
        "EBIT": -19849000.0,
        "Net Interest Income": -46000.0,
        "Interest Expense": 46000.0,
        "Normalized Income": -20100870.0,
        "Net Income From Continuing And Discontinued Operation": -20059000.0,
        "Total Expenses": 53112000.0,
        "Total Operating Income As Reported": -20649000.0,
        "Diluted Average Shares": 101009593.0,
        "Basic Average Shares": 101009593.0,
        "Diluted EPS": -0.2,
        "Basic EPS": -0.2,
        "Diluted NI Availto Com Stockholders": -20059000.0,
        "Net Income Common Stockholders": -20059000.0,
        "Net Income": -20059000.0,
        "Net Income Including Noncontrolling Interests": -20059000.0,
        "Net Income Continuous Operations": -20059000.0,
        "Tax Provision": 164000.0,
        "Pretax Income": -19895000.0,
        "Other Income Expense": 53000.0,
        "Other Non Operating Income Expenses": NaN,
        "Special Income Charges": -747000.0,
        "Other Special Charges": NaN,
        "Impairment Of Capital Assets": NaN,
        "Restructuring And Mergern Acquisition": 747000.0,
        "Gain On Sale Of Security": 800000.0,
        "Net Non Operating Interest Income Expense": -46000.0,
        "Interest Expense Non Operating": 46000.0,
        "Operating Income": -19902000.0,
        "Operating Expense": 30563000.0,
        "Other Operating Expenses": 22560000.0,
        "Selling General And Administration": 8003000.0,
        "General And Administrative Expense": 8003000.0,
        "Other Gand A": 8003000.0,
        "Salaries And Wages": NaN,
        "Gross Profit": 10661000.0,
        "Cost Of Revenue": 22549000.0,
        "Total Revenue": 33210000.0,
        "Operating Revenue": 32967000.0
    },
    "2024-09-30": {
        "Tax Effect Of Unusual Items": -14137.723523,
        "Tax Rate For Calcs": 0.000206,
        "Normalized EBITDA": -15766000.0,
        "Total Unusual Items": -68652000.0,
        "Total Unusual Items Excluding Goodwill": -68652000.0,
        "Net Income From Continuing Operation Net Minority Interest": -87389000.0,
        "Reconciled Depreciation": 2987000.0,
        "Reconciled Cost Of Revenue": 16068000.0,
        "EBITDA": -84418000.0,
        "EBIT": -87405000.0,
        "Net Interest Income": -2000.0,
        "Interest Expense": 2000.0,
        "Normalized Income": -18751137.723523,
        "Net Income From Continuing And Discontinued Operation": -87389000.0,
        "Total Expenses": 42956000.0,
        "Total Operating Income As Reported": -88226000.0,
        "Diluted Average Shares": 101113655.0,
        "Basic Average Shares": 101113655.0,
        "Diluted EPS": -0.86,
        "Basic EPS": -0.86,
        "Diluted NI Availto Com Stockholders": -87389000.0,
        "Net Income Common Stockholders": -87389000.0,
        "Net Income": -87389000.0,
        "Net Income Including Noncontrolling Interests": -87389000.0,
        "Net Income Continuous Operations": -87389000.0,
        "Tax Provision": -18000.0,
        "Pretax Income": -87407000.0,
        "Other Income Expense": -68654000.0,
        "Other Non Operating Income Expenses": -2000.0,
        "Special Income Charges": -69439000.0,
        "Other Special Charges": 328000.0,
        "Impairment Of Capital Assets": 69111000.0,
        "Restructuring And Mergern Acquisition": NaN,
        "Gain On Sale Of Security": 787000.0,
        "Net Non Operating Interest Income Expense": -2000.0,
        "Interest Expense Non Operating": 2000.0,
        "Operating Income": -18751000.0,
        "Operating Expense": 26888000.0,
        "Other Operating Expenses": 18916000.0,
        "Selling General And Administration": 7972000.0,
        "General And Administrative Expense": 7972000.0,
        "Other Gand A": 7972000.0,
        "Salaries And Wages": NaN,
        "Gross Profit": 8137000.0,
        "Cost Of Revenue": 16068000.0,
        "Total Revenue": 24205000.0,
        "Operating Revenue": 23607000.0
    }
}