{
    "2023-03-31": {
        "Tax Effect Of Unusual Items": 0.0,
        "Tax Rate For Calcs": 0.4,
        "Normalized EBITDA": 1479000.0,
        "Net Income From Continuing Operation Net Minority Interest": 2822000.0,
        "Reconciled Depreciation": 1000.0,
        "EBIT": 1479000.0,
        "Net Interest Income": 66000.0,
        "Interest Income": 66000.0,
        "Normalized Income": 2822000.0,
        "Net Income From Continuing And Discontinued Operation": 2822000.0,
        "Total Expenses": 4161000.0,
        "Total Operating Income As Reported": 1479000.0,
        "Diluted Average Shares": 10605946.0,
        "Basic Average Shares": 10358111.0,
        "Diluted EPS": 0.27,
        "Basic EPS": 0.27,
        "Diluted NI Availto Com Stockholders": 2822000.0,
        "Net Income Common Stockholders": 2822000.0,
        "Net Income": 2822000.0,
        "Net Income Including Noncontrolling Interests": 2822000.0,
        "Net Income Continuous Operations": 2822000.0,
        "Tax Provision": -1277000.0,
        "Pretax Income": 1545000.0,
        "Net Non Operating Interest Income Expense": 66000.0,
        "Interest Income Non Operating": 66000.0,
        "Operating Income": 1479000.0,
        "Operating Expense": 4161000.0,
        "Research And Development": 2552000.0,
        "Selling General And Administration": 1609000.0,
        "General And Administrative Expense": 1609000.0,
        "Other Gand A": 1609000.0,
        "Total Revenue": 5640000.0,
        "Operating Revenue": 5640000.0
    },
    "2022-12-31": {
        "Tax Effect Of Unusual Items": 0.0,
        "Tax Rate For Calcs": 0.0,
        "Normalized EBITDA": -5081000.0,
        "Net Income From Continuing Operation Net Minority Interest": -5016000.0,
        "Reconciled Depreciation": 4000.0,
        "EBIT": -5085000.0,
        "Net Interest Income": 68000.0,
        "Interest Income": NaN,
        "Normalized Income": -5016000.0,
        "Net Income From Continuing And Discontinued Operation": -5016000.0,
        "Total Expenses": 5085000.0,
        "Total Operating Income As Reported": -5085000.0,
        "Diluted Average Shares": NaN,
        "Basic Average Shares": NaN,
        "Diluted EPS": NaN,
        "Basic EPS": NaN,
        "Diluted NI Availto Com Stockholders": -5016000.0,
        "Net Income Common Stockholders": -5016000.0,
        "Net Income": -5016000.0,
        "Net Income Including Noncontrolling Interests": -5016000.0,
        "Net Income Continuous Operations": -5016000.0,
        "Tax Provision": 0.0,
        "Pretax Income": -5016000.0,
        "Net Non Operating Interest Income Expense": 68000.0,
        "Interest Income Non Operating": NaN,
        "Operating Income": -5085000.0,
        "Operating Expense": 5085000.0,
        "Research And Development": 3716000.0,
        "Selling General And Administration": 1369000.0,
        "General And Administrative Expense": 1369000.0,
        "Other Gand A": 1369000.0,
        "Total Revenue": 0.0,
        "Operating Revenue": 0.0
    },
    "2022-09-30": {
        "Tax Effect Of Unusual Items": 0.0,
        "Tax Rate For Calcs": 0.0,
        "Normalized EBITDA": -5095000.0,
        "Net Income From Continuing Operation Net Minority Interest": -5069000.0,
        "Reconciled Depreciation": 21000.0,
        "EBIT": -5116000.0,
        "Net Interest Income": 47000.0,
        "Interest Income": 47000.0,
        "Normalized Income": -5069000.0,
        "Net Income From Continuing And Discontinued Operation": -5069000.0,
        "Total Expenses": 5116000.0,
        "Total Operating Income As Reported": -5116000.0,
        "Diluted Average Shares": 9545451.0,
        "Basic Average Shares": 9545451.0,
        "Diluted EPS": -0.53,
        "Basic EPS": -0.53,
        "Diluted NI Availto Com Stockholders": -5069000.0,
        "Net Income Common Stockholders": -5069000.0,
        "Net Income": -5069000.0,
        "Net Income Including Noncontrolling Interests": -5069000.0,
        "Net Income Continuous Operations": -5069000.0,
        "Tax Provision": 0.0,
        "Pretax Income": -5069000.0,
        "Net Non Operating Interest Income Expense": 47000.0,
        "Interest Income Non Operating": 47000.0,
        "Operating Income": -5116000.0,
        "Operating Expense": 5116000.0,
        "Research And Development": 3750000.0,
        "Selling General And Administration": 1366000.0,
        "General And Administrative Expense": 1366000.0,
        "Other Gand A": 1366000.0,
        "Total Revenue": 0.0,
        "Operating Revenue": 0.0
    },
    "2022-06-30": {
        "Tax Effect Of Unusual Items": 0.0,
        "Tax Rate For Calcs": 0.370592,
        "Normalized EBITDA": -6522000.0,
        "Net Income From Continuing Operation Net Minority Interest": -4105000.0,
        "Reconciled Depreciation": 19000.0,
        "EBIT": -6541000.0,
        "Net Interest Income": 19000.0,
        "Interest Income": 19000.0,
        "Normalized Income": -4105000.0,
        "Net Income From Continuing And Discontinued Operation": -4105000.0,
        "Total Expenses": 6541000.0,
        "Total Operating Income As Reported": -6541000.0,
        "Diluted Average Shares": 9545451.0,
        "Basic Average Shares": 9545451.0,
        "Diluted EPS": -0.43,
        "Basic EPS": -0.43,
        "Diluted NI Availto Com Stockholders": -4105000.0,
        "Net Income Common Stockholders": -4105000.0,
        "Net Income": -4105000.0,
        "Net Income Including Noncontrolling Interests": -4105000.0,
        "Net Income Continuous Operations": -4105000.0,
        "Tax Provision": -2417000.0,
        "Pretax Income": -6522000.0,
        "Net Non Operating Interest Income Expense": 19000.0,
        "Interest Income Non Operating": 19000.0,
        "Operating Income": -6541000.0,
        "Operating Expense": 6541000.0,
        "Research And Development": 4488000.0,
        "Selling General And Administration": 2053000.0,
        "General And Administrative Expense": 2053000.0,
        "Other Gand A": 2053000.0,
        "Total Revenue": 0.0,
        "Operating Revenue": 0.0
    },
    "2022-03-31": {
        "Diluted EPS": -0.59,
        "Total Revenue": NaN,
        "Gross Profit": NaN,
        "Operating Income": -6,
        "EBIT": -6,
        "Net Income": -6
    },
    "2021-12-31": {
        "Diluted EPS": -0.44,
        "Total Revenue": NaN,
        "Gross Profit": NaN,
        "Operating Income": -4,
        "EBIT": -4,
        "Net Income": -4
    },
    "2021-09-30": {
        "Diluted EPS": -0.49,
        "Total Revenue": NaN,
        "Gross Profit": NaN,
        "Operating Income": -5,
        "EBIT": -5,
        "Net Income": -5
    },
    "2021-06-30": {
        "Diluted EPS": -0.36,
        "Total Revenue": NaN,
        "Gross Profit": NaN,
        "Operating Income": -5,
        "EBIT": -5,
        "Net Income": -3
    },
    "2021-03-31": {
        "Diluted EPS": -0.58,
        "Total Revenue": NaN,
        "Gross Profit": NaN,
        "Operating Income": -6,
        "EBIT": -6,
        "Net Income": -5
    },
    "2020-12-31": {
        "Diluted EPS": -0.74,
        "Total Revenue": NaN,
        "Gross Profit": NaN,
        "Operating Income": -8,
        "EBIT": -8,
        "Net Income": -8
    },
    "2020-09-30": {
        "Diluted EPS": -0.84,
        "Total Revenue": NaN,
        "Gross Profit": NaN,
        "Operating Income": -8,
        "EBIT": -8,
        "Net Income": -8
    },
    "2020-06-30": {
        "Diluted EPS": -0.51,
        "Total Revenue": NaN,
        "Gross Profit": NaN,
        "Operating Income": -6,
        "EBIT": -6,
        "Net Income": -4
    },
    "2020-03-31": {
        "Diluted EPS": -1.08,
        "Total Revenue": NaN,
        "Gross Profit": NaN,
        "Operating Income": -4,
        "EBIT": -4,
        "Net Income": -5
    },
    "2019-12-31": {
        "Diluted EPS": -0.93,
        "Total Revenue": NaN,
        "Gross Profit": NaN,
        "Operating Income": -4,
        "EBIT": -4,
        "Net Income": -4
    },
    "2019-09-30": {
        "Diluted EPS": -0.94,
        "Total Revenue": NaN,
        "Gross Profit": NaN,
        "Operating Income": -5,
        "EBIT": -5,
        "Net Income": -4
    },
    "2019-06-30": {
        "Diluted EPS": -0.9,
        "Total Revenue": NaN,
        "Gross Profit": NaN,
        "Operating Income": -4,
        "EBIT": -4,
        "Net Income": -4
    },
    "2019-03-31": {
        "Diluted EPS": -0.18,
        "Total Revenue": NaN,
        "Gross Profit": NaN,
        "Operating Income": -4,
        "EBIT": -4,
        "Net Income": -1
    },
    "2018-12-31": {
        "Diluted EPS": 0.03,
        "Total Revenue": NaN,
        "Gross Profit": NaN,
        "Operating Income": -5,
        "EBIT": -5,
        "Net Income": -1
    },
    "2018-09-30": {
        "Diluted EPS": -1.5,
        "Total Revenue": NaN,
        "Gross Profit": NaN,
        "Operating Income": -7,
        "EBIT": -7,
        "Net Income": 11
    },
    "2018-06-30": {
        "Diluted EPS": -3.0,
        "Total Revenue": NaN,
        "Gross Profit": NaN,
        "Operating Income": -8,
        "EBIT": -8,
        "Net Income": -11
    },
    "2018-03-31": {
        "Diluted EPS": -0.6,
        "Total Revenue": NaN,
        "Gross Profit": NaN,
        "Operating Income": -8,
        "EBIT": -8,
        "Net Income": 4
    },
    "2017-12-31": {
        "Diluted EPS": -6.57,
        "Total Revenue": NaN,
        "Gross Profit": NaN,
        "Operating Income": -7,
        "EBIT": -7,
        "Net Income": -24
    },
    "2017-09-30": {
        "Diluted EPS": -3.3,
        "Total Revenue": NaN,
        "Gross Profit": NaN,
        "Operating Income": -6,
        "EBIT": -6,
        "Net Income": -8
    },
    "2017-06-30": {
        "Diluted EPS": -2.25,
        "Total Revenue": NaN,
        "Gross Profit": NaN,
        "Operating Income": -6,
        "EBIT": -6,
        "Net Income": -4
    },
    "2017-03-31": {
        "Diluted EPS": -9.0,
        "Total Revenue": NaN,
        "Gross Profit": NaN,
        "Operating Income": -5,
        "EBIT": -5,
        "Net Income": -19
    },
    "2016-12-31": {
        "Diluted EPS": -5.25,
        "Total Revenue": NaN,
        "Gross Profit": NaN,
        "Operating Income": -7,
        "EBIT": -7,
        "Net Income": -7
    },
    "2016-09-30": {
        "Diluted EPS": -4.5,
        "Total Revenue": NaN,
        "Gross Profit": NaN,
        "Operating Income": -4,
        "EBIT": -4,
        "Net Income": -4
    },
    "2016-06-30": {
        "Diluted EPS": -5.85,
        "Total Revenue": NaN,
        "Gross Profit": NaN,
        "Operating Income": -5,
        "EBIT": -5,
        "Net Income": -5
    },
    "2016-03-31": {
        "Diluted EPS": -8.1,
        "Total Revenue": NaN,
        "Gross Profit": NaN,
        "Operating Income": -7,
        "EBIT": -7,
        "Net Income": -7
    },
    "2015-12-31": {
        "Diluted EPS": -11.39,
        "Total Revenue": NaN,
        "Gross Profit": NaN,
        "Operating Income": -11,
        "EBIT": -11,
        "Net Income": -11
    },
    "2015-09-30": {
        "Diluted EPS": -12.89,
        "Total Revenue": NaN,
        "Gross Profit": NaN,
        "Operating Income": -11,
        "EBIT": -11,
        "Net Income": -11
    },
    "2015-06-30": {
        "Diluted EPS": -13.49,
        "Total Revenue": NaN,
        "Gross Profit": NaN,
        "Operating Income": -12,
        "EBIT": -12,
        "Net Income": -12
    },
    "2015-03-31": {
        "Diluted EPS": -19.04,
        "Total Revenue": NaN,
        "Gross Profit": NaN,
        "Operating Income": -13,
        "EBIT": -13,
        "Net Income": -13
    },
    "2014-12-31": {
        "Diluted EPS": -24.29,
        "Total Revenue": NaN,
        "Gross Profit": NaN,
        "Operating Income": -13,
        "EBIT": -13,
        "Net Income": -13
    },
    "2014-09-30": {
        "Diluted EPS": -29.39,
        "Total Revenue": NaN,
        "Gross Profit": NaN,
        "Operating Income": -15,
        "EBIT": -15,
        "Net Income": -15
    },
    "2014-06-30": {
        "Diluted EPS": -32.08,
        "Total Revenue": NaN,
        "Gross Profit": NaN,
        "Operating Income": -17,
        "EBIT": -17,
        "Net Income": -17
    },
    "2014-03-31": {
        "Diluted EPS": -27.59,
        "Total Revenue": NaN,
        "Gross Profit": NaN,
        "Operating Income": -15,
        "EBIT": -14,
        "Net Income": -15
    },
    "2013-12-31": {
        "Diluted EPS": 0.0,
        "Total Revenue": NaN,
        "Gross Profit": NaN,
        "Operating Income": NaN,
        "EBIT": NaN,
        "Net Income": NaN
    },
    "2013-09-30": {
        "Diluted EPS": 0.0,
        "Total Revenue": NaN,
        "Gross Profit": NaN,
        "Operating Income": NaN,
        "EBIT": NaN,
        "Net Income": NaN
    },
    "2012-12-31": {
        "Diluted EPS": 0.0,
        "Total Revenue": NaN,
        "Gross Profit": NaN,
        "Operating Income": NaN,
        "EBIT": NaN,
        "Net Income": NaN
    },
    "2023-06-30": {
        "Tax Effect Of Unusual Items": 0.0,
        "Tax Rate For Calcs": 0.0,
        "Normalized EBITDA": -5258000.0,
        "Net Income From Continuing Operation Net Minority Interest": -5138000.0,
        "Reconciled Depreciation": 1000.0,
        "EBIT": -5259000.0,
        "Net Interest Income": 121000.0,
        "Interest Income": 121000.0,
        "Normalized Income": -5138000.0,
        "Net Income From Continuing And Discontinued Operation": -5138000.0,
        "Total Expenses": 5259000.0,
        "Total Operating Income As Reported": -5259000.0,
        "Diluted Average Shares": 12231726.0,
        "Basic Average Shares": 12231726.0,
        "Diluted EPS": -0.42,
        "Basic EPS": -0.42,
        "Diluted NI Availto Com Stockholders": -5138000.0,
        "Net Income Common Stockholders": -5138000.0,
        "Net Income": -5138000.0,
        "Net Income Including Noncontrolling Interests": -5138000.0,
        "Net Income Continuous Operations": -5138000.0,
        "Tax Provision": 0.0,
        "Pretax Income": -5138000.0,
        "Net Non Operating Interest Income Expense": 121000.0,
        "Interest Income Non Operating": 121000.0,
        "Operating Income": -5259000.0,
        "Operating Expense": 5259000.0,
        "Research And Development": 2895000.0,
        "Selling General And Administration": 2364000.0,
        "General And Administrative Expense": 2364000.0,
        "Other Gand A": 2364000.0,
        "Total Revenue": 0.0,
        "Operating Revenue": 0.0
    }
}