{
    "2023-03-31": {
        "Tax Effect Of Unusual Items": 0.0,
        "Tax Rate For Calcs": 0.0,
        "Normalized EBITDA": -10976000.0,
        "Net Income From Continuing Operation Net Minority Interest": -12162000.0,
        "Reconciled Depreciation": 259000.0,
        "EBITDA": -10976000.0,
        "EBIT": -11235000.0,
        "Net Interest Income": -390000.0,
        "Interest Expense": 927000.0,
        "Interest Income": 537000.0,
        "Normalized Income": -12162000.0,
        "Net Income From Continuing And Discontinued Operation": -12162000.0,
        "Total Expenses": 8856000.0,
        "Total Operating Income As Reported": -8856000.0,
        "Diluted Average Shares": 61530596.0,
        "Basic Average Shares": 61530596.0,
        "Diluted EPS": -0.15,
        "Basic EPS": -0.15,
        "Diluted NI Availto Com Stockholders": -12162000.0,
        "Net Income Common Stockholders": -12162000.0,
        "Net Income": -12162000.0,
        "Net Income Including Noncontrolling Interests": -12162000.0,
        "Net Income Continuous Operations": -12162000.0,
        "Pretax Income": -12162000.0,
        "Other Income Expense": -2916000.0,
        "Other Non Operating Income Expenses": -2916000.0,
        "Net Non Operating Interest Income Expense": -390000.0,
        "Interest Expense Non Operating": 927000.0,
        "Interest Income Non Operating": 537000.0,
        "Operating Income": -8856000.0,
        "Operating Expense": 8856000.0,
        "Research And Development": 3684000.0,
        "Selling General And Administration": 5172000.0,
        "Selling And Marketing Expense": 3874000.0,
        "General And Administrative Expense": 1298000.0,
        "Other Gand A": 1298000.0,
        "Total Revenue": 0.0,
        "Operating Revenue": 0.0
    },
    "2022-12-31": {
        "Tax Effect Of Unusual Items": 0.0,
        "Tax Rate For Calcs": 0.0,
        "Normalized EBITDA": -4590000.0,
        "Net Income From Continuing Operation Net Minority Interest": -5731000.0,
        "Reconciled Depreciation": 187000.0,
        "EBITDA": -4590000.0,
        "EBIT": -4777000.0,
        "Net Interest Income": -542000.0,
        "Interest Expense": 954000.0,
        "Interest Income": 438000.0,
        "Normalized Income": -5731000.0,
        "Net Income From Continuing And Discontinued Operation": -5731000.0,
        "Total Expenses": 8398000.0,
        "Total Operating Income As Reported": -8398000.0,
        "Diluted Average Shares": NaN,
        "Basic Average Shares": NaN,
        "Diluted EPS": NaN,
        "Basic EPS": NaN,
        "Diluted NI Availto Com Stockholders": -5731000.0,
        "Net Income Common Stockholders": -5731000.0,
        "Net Income": -5731000.0,
        "Net Income Including Noncontrolling Interests": -5731000.0,
        "Net Income Continuous Operations": -5731000.0,
        "Pretax Income": -5731000.0,
        "Other Income Expense": 3209000.0,
        "Other Non Operating Income Expenses": -2870000.0,
        "Net Non Operating Interest Income Expense": -542000.0,
        "Interest Expense Non Operating": 954000.0,
        "Interest Income Non Operating": 438000.0,
        "Operating Income": -8398000.0,
        "Operating Expense": 8398000.0,
        "Research And Development": 3430000.0,
        "Selling General And Administration": 4929000.0,
        "Selling And Marketing Expense": 3350000.0,
        "General And Administrative Expense": 1579000.0,
        "Other Gand A": -2068000.0,
        "Total Revenue": 0.0,
        "Operating Revenue": 0.0
    },
    "2022-09-30": {
        "Tax Effect Of Unusual Items": NaN,
        "Tax Rate For Calcs": NaN,
        "Normalized EBITDA": NaN,
        "Net Income From Continuing Operation Net Minority Interest": NaN,
        "Reconciled Depreciation": NaN,
        "EBITDA": NaN,
        "EBIT": NaN,
        "Net Interest Income": NaN,
        "Interest Expense": NaN,
        "Interest Income": NaN,
        "Normalized Income": NaN,
        "Net Income From Continuing And Discontinued Operation": NaN,
        "Total Expenses": NaN,
        "Total Operating Income As Reported": NaN,
        "Diluted Average Shares": 49384499.0,
        "Basic Average Shares": 49384499.0,
        "Diluted EPS": -0.15,
        "Basic EPS": -0.15,
        "Diluted NI Availto Com Stockholders": NaN,
        "Net Income Common Stockholders": NaN,
        "Net Income": NaN,
        "Net Income Including Noncontrolling Interests": NaN,
        "Net Income Continuous Operations": NaN,
        "Pretax Income": NaN,
        "Other Income Expense": NaN,
        "Other Non Operating Income Expenses": NaN,
        "Net Non Operating Interest Income Expense": NaN,
        "Interest Expense Non Operating": NaN,
        "Interest Income Non Operating": NaN,
        "Operating Income": NaN,
        "Operating Expense": NaN,
        "Research And Development": NaN,
        "Selling General And Administration": NaN,
        "Selling And Marketing Expense": NaN,
        "General And Administrative Expense": NaN,
        "Other Gand A": NaN,
        "Total Revenue": NaN,
        "Operating Revenue": NaN
    },
    "2022-06-30": {
        "Tax Effect Of Unusual Items": 0.0,
        "Tax Rate For Calcs": 0.0,
        "Normalized EBITDA": -6923000.0,
        "Net Income From Continuing Operation Net Minority Interest": -7443000.0,
        "Reconciled Depreciation": 141000.0,
        "EBITDA": -6923000.0,
        "EBIT": -7064000.0,
        "Net Interest Income": -299000.0,
        "Interest Expense": 379000.0,
        "Interest Income": 80000.0,
        "Normalized Income": -7443000.0,
        "Net Income From Continuing And Discontinued Operation": -7443000.0,
        "Total Expenses": 7602000.0,
        "Total Operating Income As Reported": -7602000.0,
        "Diluted Average Shares": 47691037.0,
        "Basic Average Shares": 47691037.0,
        "Diluted EPS": -0.15,
        "Basic EPS": -0.15,
        "Diluted NI Availto Com Stockholders": -7443000.0,
        "Net Income Common Stockholders": -7443000.0,
        "Net Income": -7443000.0,
        "Net Income Including Noncontrolling Interests": -7443000.0,
        "Net Income Continuous Operations": -7443000.0,
        "Pretax Income": -7443000.0,
        "Other Income Expense": 458000.0,
        "Other Non Operating Income Expenses": 458000.0,
        "Net Non Operating Interest Income Expense": -299000.0,
        "Interest Expense Non Operating": 379000.0,
        "Interest Income Non Operating": 80000.0,
        "Operating Income": -7602000.0,
        "Operating Expense": 7602000.0,
        "Research And Development": 5395000.0,
        "Selling General And Administration": 2207000.0,
        "Selling And Marketing Expense": 1158000.0,
        "General And Administrative Expense": 1049000.0,
        "Other Gand A": 1049000.0,
        "Total Revenue": 0.0,
        "Operating Revenue": 0.0
    },
    "2022-03-31": {
        "Diluted EPS": -0.15,
        "Total Revenue": NaN,
        "Gross Profit": NaN,
        "Operating Income": -6,
        "EBIT": -6,
        "Net Income": -5
    },
    "2021-12-31": {
        "Diluted EPS": 0.0,
        "Total Revenue": NaN,
        "Gross Profit": NaN,
        "Operating Income": -7,
        "EBIT": -6,
        "Net Income": -4
    },
    "2021-09-30": {
        "Diluted EPS": -0.15,
        "Total Revenue": NaN,
        "Gross Profit": NaN,
        "Operating Income": -6,
        "EBIT": -6,
        "Net Income": -6
    },
    "2021-06-30": {
        "Diluted EPS": -0.15,
        "Total Revenue": NaN,
        "Gross Profit": NaN,
        "Operating Income": -7,
        "EBIT": -6,
        "Net Income": -7
    },
    "2021-03-31": {
        "Diluted EPS": -0.3,
        "Total Revenue": NaN,
        "Gross Profit": NaN,
        "Operating Income": -5,
        "EBIT": -5,
        "Net Income": -10
    },
    "2020-12-31": {
        "Diluted EPS": -0.45,
        "Total Revenue": NaN,
        "Gross Profit": NaN,
        "Operating Income": -6,
        "EBIT": -6,
        "Net Income": -12
    },
    "2020-09-30": {
        "Diluted EPS": -0.3,
        "Total Revenue": NaN,
        "Gross Profit": NaN,
        "Operating Income": -5,
        "EBIT": -4,
        "Net Income": -5
    },
    "2020-06-30": {
        "Diluted EPS": -0.45,
        "Total Revenue": NaN,
        "Gross Profit": NaN,
        "Operating Income": -6,
        "EBIT": -5,
        "Net Income": -7
    },
    "2020-03-31": {
        "Diluted EPS": -0.6,
        "Total Revenue": NaN,
        "Gross Profit": NaN,
        "Operating Income": -7,
        "EBIT": -7,
        "Net Income": -7
    },
    "2019-12-31": {
        "Diluted EPS": -0.75,
        "Total Revenue": NaN,
        "Gross Profit": NaN,
        "Operating Income": -9,
        "EBIT": -9,
        "Net Income": -10
    },
    "2019-09-30": {
        "Diluted EPS": -0.45,
        "Total Revenue": NaN,
        "Gross Profit": NaN,
        "Operating Income": -7,
        "EBIT": -6,
        "Net Income": -4
    },
    "2019-06-30": {
        "Diluted EPS": -0.6,
        "Total Revenue": NaN,
        "Gross Profit": NaN,
        "Operating Income": -6,
        "EBIT": -6,
        "Net Income": -5
    },
    "2019-03-31": {
        "Diluted EPS": -0.75,
        "Total Revenue": NaN,
        "Gross Profit": NaN,
        "Operating Income": -6,
        "EBIT": -5,
        "Net Income": -6
    },
    "2018-12-31": {
        "Diluted EPS": -0.6,
        "Total Revenue": NaN,
        "Gross Profit": NaN,
        "Operating Income": -7,
        "EBIT": -7,
        "Net Income": -6
    },
    "2018-09-30": {
        "Diluted EPS": -0.9,
        "Total Revenue": NaN,
        "Gross Profit": NaN,
        "Operating Income": -6,
        "EBIT": -6,
        "Net Income": -6
    },
    "2018-06-30": {
        "Diluted EPS": -0.75,
        "Total Revenue": NaN,
        "Gross Profit": NaN,
        "Operating Income": -6,
        "EBIT": -6,
        "Net Income": -5
    },
    "2018-03-31": {
        "Diluted EPS": -0.9,
        "Total Revenue": NaN,
        "Gross Profit": NaN,
        "Operating Income": -7,
        "EBIT": -6,
        "Net Income": -6
    },
    "2017-12-31": {
        "Diluted EPS": -1.05,
        "Total Revenue": NaN,
        "Gross Profit": NaN,
        "Operating Income": -8,
        "EBIT": -8,
        "Net Income": -7
    },
    "2017-09-30": {
        "Diluted EPS": -1.05,
        "Total Revenue": NaN,
        "Gross Profit": NaN,
        "Operating Income": -7,
        "EBIT": -7,
        "Net Income": -7
    },
    "2017-06-30": {
        "Diluted EPS": -0.75,
        "Total Revenue": NaN,
        "Gross Profit": NaN,
        "Operating Income": -5,
        "EBIT": -5,
        "Net Income": -5
    },
    "2017-03-31": {
        "Diluted EPS": -1.2,
        "Total Revenue": NaN,
        "Gross Profit": NaN,
        "Operating Income": -5,
        "EBIT": -5,
        "Net Income": -5
    },
    "2016-12-31": {
        "Diluted EPS": -1.05,
        "Total Revenue": NaN,
        "Gross Profit": NaN,
        "Operating Income": -4,
        "EBIT": -4,
        "Net Income": -4
    },
    "2016-09-30": {
        "Diluted EPS": -1.2,
        "Total Revenue": NaN,
        "Gross Profit": NaN,
        "Operating Income": -4,
        "EBIT": -4,
        "Net Income": -4
    },
    "2016-06-30": {
        "Diluted EPS": -1.05,
        "Total Revenue": NaN,
        "Gross Profit": NaN,
        "Operating Income": -4,
        "EBIT": -4,
        "Net Income": -4
    },
    "2016-03-31": {
        "Diluted EPS": -0.9,
        "Total Revenue": NaN,
        "Gross Profit": NaN,
        "Operating Income": -4,
        "EBIT": -4,
        "Net Income": -3
    },
    "2015-12-31": {
        "Diluted EPS": -1.05,
        "Total Revenue": NaN,
        "Gross Profit": NaN,
        "Operating Income": -4,
        "EBIT": -4,
        "Net Income": -4
    },
    "2015-09-30": {
        "Diluted EPS": -0.45,
        "Total Revenue": NaN,
        "Gross Profit": NaN,
        "Operating Income": -4,
        "EBIT": -3,
        "Net Income": -2
    },
    "2015-06-30": {
        "Diluted EPS": -1.35,
        "Total Revenue": NaN,
        "Gross Profit": NaN,
        "Operating Income": -4,
        "EBIT": -4,
        "Net Income": -5
    },
    "2015-03-31": {
        "Diluted EPS": -1.51,
        "Total Revenue": NaN,
        "Gross Profit": NaN,
        "Operating Income": -4,
        "EBIT": -4,
        "Net Income": -4
    },
    "2014-12-31": {
        "Diluted EPS": -1.65,
        "Total Revenue": NaN,
        "Gross Profit": NaN,
        "Operating Income": -4,
        "EBIT": -4,
        "Net Income": -4
    },
    "2014-09-30": {
        "Diluted EPS": -0.3,
        "Total Revenue": NaN,
        "Gross Profit": NaN,
        "Operating Income": -4,
        "EBIT": -4,
        "Net Income": -1
    },
    "2014-06-30": {
        "Diluted EPS": -1.8,
        "Total Revenue": NaN,
        "Gross Profit": NaN,
        "Operating Income": -4,
        "EBIT": -4,
        "Net Income": -4
    },
    "2014-03-31": {
        "Diluted EPS": -1.5,
        "Total Revenue": NaN,
        "Gross Profit": NaN,
        "Operating Income": -4,
        "EBIT": -4,
        "Net Income": -2
    },
    "2013-12-31": {
        "Diluted EPS": -3.0,
        "Total Revenue": NaN,
        "Gross Profit": NaN,
        "Operating Income": -3,
        "EBIT": -3,
        "Net Income": -5
    },
    "2013-09-30": {
        "Diluted EPS": -3.0,
        "Total Revenue": NaN,
        "Gross Profit": NaN,
        "Operating Income": -3,
        "EBIT": -3,
        "Net Income": -5
    },
    "2013-06-30": {
        "Diluted EPS": -3.0,
        "Total Revenue": NaN,
        "Gross Profit": NaN,
        "Operating Income": -5,
        "EBIT": -5,
        "Net Income": -4
    },
    "2013-03-31": {
        "Diluted EPS": -3.0,
        "Total Revenue": NaN,
        "Gross Profit": NaN,
        "Operating Income": -7,
        "EBIT": -7,
        "Net Income": -4
    },
    "2012-12-31": {
        "Diluted EPS": -4.5,
        "Total Revenue": NaN,
        "Gross Profit": NaN,
        "Operating Income": -7,
        "EBIT": -7,
        "Net Income": -7
    },
    "2012-09-30": {
        "Diluted EPS": -6.0,
        "Total Revenue": NaN,
        "Gross Profit": NaN,
        "Operating Income": -5,
        "EBIT": -5,
        "Net Income": -6
    },
    "2012-06-30": {
        "Diluted EPS": -0.3,
        "Total Revenue": NaN,
        "Gross Profit": NaN,
        "Operating Income": -5,
        "EBIT": -5,
        "Net Income": -3
    },
    "2012-03-31": {
        "Diluted EPS": -4.5,
        "Total Revenue": NaN,
        "Gross Profit": NaN,
        "Operating Income": -5,
        "EBIT": -5,
        "Net Income": -5
    },
    "2011-12-31": {
        "Diluted EPS": -4.5,
        "Total Revenue": NaN,
        "Gross Profit": NaN,
        "Operating Income": NaN,
        "EBIT": 0,
        "Net Income": -3
    },
    "2011-09-30": {
        "Diluted EPS": -3.0,
        "Total Revenue": NaN,
        "Gross Profit": NaN,
        "Operating Income": -5,
        "EBIT": -4,
        "Net Income": -2
    },
    "2011-06-30": {
        "Diluted EPS": -6.0,
        "Total Revenue": NaN,
        "Gross Profit": NaN,
        "Operating Income": -4,
        "EBIT": -4,
        "Net Income": -5
    },
    "2011-03-31": {
        "Diluted EPS": -3.75,
        "Total Revenue": NaN,
        "Gross Profit": NaN,
        "Operating Income": NaN,
        "EBIT": NaN,
        "Net Income": -3
    },
    "2023-06-30": {
        "Tax Effect Of Unusual Items": 0.0,
        "Tax Rate For Calcs": 0.0,
        "Normalized EBITDA": -17010000.0,
        "Net Income From Continuing Operation Net Minority Interest": -18545000.0,
        "Reconciled Depreciation": 198000.0,
        "EBITDA": -17010000.0,
        "EBIT": -17208000.0,
        "Net Interest Income": -897000.0,
        "Interest Expense": 1337000.0,
        "Interest Income": 440000.0,
        "Normalized Income": -18545000.0,
        "Net Income From Continuing And Discontinued Operation": -18545000.0,
        "Total Expenses": 9915000.0,
        "Total Operating Income As Reported": -9915000.0,
        "Diluted Average Shares": 61530596.0,
        "Basic Average Shares": 61530596.0,
        "Diluted EPS": -0.3,
        "Basic EPS": -0.3,
        "Diluted NI Availto Com Stockholders": -18545000.0,
        "Net Income Common Stockholders": -18545000.0,
        "Net Income": -18545000.0,
        "Net Income Including Noncontrolling Interests": -18545000.0,
        "Net Income Continuous Operations": -18545000.0,
        "Pretax Income": -18545000.0,
        "Other Income Expense": -7733000.0,
        "Other Non Operating Income Expenses": -7733000.0,
        "Net Non Operating Interest Income Expense": -897000.0,
        "Interest Expense Non Operating": 1337000.0,
        "Interest Income Non Operating": 440000.0,
        "Operating Income": -9915000.0,
        "Operating Expense": 9915000.0,
        "Research And Development": 3006000.0,
        "Selling General And Administration": 6909000.0,
        "Selling And Marketing Expense": 5604000.0,
        "General And Administrative Expense": 1305000.0,
        "Other Gand A": 1305000.0,
        "Total Revenue": 0.0,
        "Operating Revenue": 0.0
    },
    "2023-09-30": {
        "Tax Effect Of Unusual Items": 0.0,
        "Tax Rate For Calcs": 0.0,
        "Normalized EBITDA": -14965000.0,
        "Net Income From Continuing Operation Net Minority Interest": -16023000.0,
        "Reconciled Depreciation": 221000.0,
        "EBITDA": -14965000.0,
        "EBIT": -15186000.0,
        "Net Interest Income": -525000.0,
        "Interest Expense": 837000.0,
        "Interest Income": 312000.0,
        "Normalized Income": -16023000.0,
        "Net Income From Continuing And Discontinued Operation": -16023000.0,
        "Total Expenses": 12357000.0,
        "Total Operating Income As Reported": -12357000.0,
        "Diluted Average Shares": 61937241.0,
        "Basic Average Shares": 61937241.0,
        "Diluted EPS": -0.3,
        "Basic EPS": -0.3,
        "Diluted NI Availto Com Stockholders": -16023000.0,
        "Net Income Common Stockholders": -16023000.0,
        "Net Income": -16023000.0,
        "Net Income Including Noncontrolling Interests": -16023000.0,
        "Net Income Continuous Operations": -16023000.0,
        "Pretax Income": -16023000.0,
        "Other Income Expense": -3141000.0,
        "Other Non Operating Income Expenses": -3141000.0,
        "Net Non Operating Interest Income Expense": -525000.0,
        "Interest Expense Non Operating": 837000.0,
        "Interest Income Non Operating": 312000.0,
        "Operating Income": -12357000.0,
        "Operating Expense": 12357000.0,
        "Research And Development": 2727000.0,
        "Selling General And Administration": 9630000.0,
        "Selling And Marketing Expense": 8131000.0,
        "General And Administrative Expense": 1499000.0,
        "Other Gand A": 1499000.0,
        "Total Revenue": 0.0,
        "Operating Revenue": 0.0
    },
    "2023-12-31": {
        "Tax Effect Of Unusual Items": 0.0,
        "Tax Rate For Calcs": 0.0,
        "Normalized EBITDA": -14136000.0,
        "Net Income From Continuing Operation Net Minority Interest": -13884000.0,
        "Reconciled Depreciation": 706000.0,
        "EBITDA": -14136000.0,
        "EBIT": -14842000.0,
        "Net Interest Income": 1650000.0,
        "Interest Expense": -957000.0,
        "Interest Income": 718000.0,
        "Normalized Income": -13884000.0,
        "Net Income From Continuing And Discontinued Operation": -13884000.0,
        "Total Expenses": 16664000.0,
        "Total Operating Income As Reported": -18566000.0,
        "Diluted Average Shares": NaN,
        "Basic Average Shares": NaN,
        "Diluted EPS": NaN,
        "Basic EPS": NaN,
        "Diluted NI Availto Com Stockholders": -13884000.0,
        "Net Income Common Stockholders": -13884000.0,
        "Net Income": -13884000.0,
        "Net Income Including Noncontrolling Interests": -13885000.0,
        "Net Income Continuous Operations": -13885000.0,
        "Pretax Income": -13885000.0,
        "Other Income Expense": -3671000.0,
        "Other Non Operating Income Expenses": 14025000.0,
        "Net Non Operating Interest Income Expense": 1650000.0,
        "Interest Expense Non Operating": -957000.0,
        "Interest Income Non Operating": 718000.0,
        "Operating Income": -11864000.0,
        "Operating Expense": 12972000.0,
        "Research And Development": 3102000.0,
        "Selling General And Administration": 9519000.0,
        "Selling And Marketing Expense": -3016000.0,
        "General And Administrative Expense": 12535000.0,
        "Other Gand A": -920000.0,
        "Total Revenue": 4800000.0,
        "Operating Revenue": 4800000.0
    }
}