{
    "2023-04-30": {
        "Tax Effect Of Unusual Items": NaN,
        "Tax Rate For Calcs": NaN,
        "Total Unusual Items": NaN,
        "Total Unusual Items Excluding Goodwill": NaN,
        "Net Income From Continuing Operation Net Minority Interest": NaN,
        "Reconciled Depreciation": NaN,
        "Net Interest Income": NaN,
        "Interest Expense": NaN,
        "Interest Income": NaN,
        "Normalized Income": NaN,
        "Net Income From Continuing And Discontinued Operation": NaN,
        "Diluted Average Shares": 712812000.0,
        "Basic Average Shares": 711624000.0,
        "Diluted EPS": 1.26,
        "Basic EPS": 1.27,
        "Diluted NI Availto Com Stockholders": NaN,
        "Net Income Common Stockholders": NaN,
        "Preferred Stock Dividends": NaN,
        "Net Income": NaN,
        "Minority Interests": NaN,
        "Net Income Including Noncontrolling Interests": NaN,
        "Net Income Continuous Operations": NaN,
        "Tax Provision": NaN,
        "Pretax Income": NaN,
        "Special Income Charges": NaN,
        "Gain On Sale Of Business": 0.0,
        "Other Special Charges": NaN,
        "Restructuring And Mergern Acquisition": NaN,
        "Gain On Sale Of Security": NaN,
        "Depreciation Amortization Depletion Income Statement": NaN,
        "Depreciation And Amortization In Income Statement": NaN,
        "Amortization": NaN,
        "Amortization Of Intangibles Income Statement": NaN,
        "Selling General And Administration": NaN,
        "Selling And Marketing Expense": NaN,
        "General And Administrative Expense": NaN,
        "Insurance And Claims": 591000000.0,
        "Salaries And Wages": NaN,
        "Total Revenue": NaN,
        "Operating Revenue": NaN,
        "Occupancy And Equipment": NaN,
        "Professional Expense And Contract Services Expense": NaN,
        "Other Non Interest Expense": NaN
    },
    "2023-01-31": {
        "Tax Effect Of Unusual Items": NaN,
        "Tax Rate For Calcs": NaN,
        "Total Unusual Items": NaN,
        "Total Unusual Items Excluding Goodwill": NaN,
        "Net Income From Continuing Operation Net Minority Interest": NaN,
        "Reconciled Depreciation": NaN,
        "Net Interest Income": NaN,
        "Interest Expense": NaN,
        "Interest Income": NaN,
        "Normalized Income": NaN,
        "Net Income From Continuing And Discontinued Operation": NaN,
        "Diluted Average Shares": NaN,
        "Basic Average Shares": NaN,
        "Diluted EPS": NaN,
        "Basic EPS": NaN,
        "Diluted NI Availto Com Stockholders": NaN,
        "Net Income Common Stockholders": NaN,
        "Preferred Stock Dividends": NaN,
        "Net Income": NaN,
        "Minority Interests": NaN,
        "Net Income Including Noncontrolling Interests": NaN,
        "Net Income Continuous Operations": NaN,
        "Tax Provision": NaN,
        "Pretax Income": NaN,
        "Special Income Charges": NaN,
        "Gain On Sale Of Business": 0.0,
        "Other Special Charges": NaN,
        "Restructuring And Mergern Acquisition": NaN,
        "Gain On Sale Of Security": NaN,
        "Depreciation Amortization Depletion Income Statement": NaN,
        "Depreciation And Amortization In Income Statement": NaN,
        "Amortization": NaN,
        "Amortization Of Intangibles Income Statement": NaN,
        "Selling General And Administration": NaN,
        "Selling And Marketing Expense": NaN,
        "General And Administrative Expense": NaN,
        "Insurance And Claims": 1193000000.0,
        "Salaries And Wages": NaN,
        "Total Revenue": NaN,
        "Operating Revenue": NaN,
        "Occupancy And Equipment": NaN,
        "Professional Expense And Contract Services Expense": NaN,
        "Other Non Interest Expense": NaN
    },
    "2022-10-31": {
        "Tax Effect Of Unusual Items": NaN,
        "Tax Rate For Calcs": NaN,
        "Total Unusual Items": NaN,
        "Total Unusual Items Excluding Goodwill": NaN,
        "Net Income From Continuing Operation Net Minority Interest": NaN,
        "Reconciled Depreciation": NaN,
        "Net Interest Income": NaN,
        "Interest Expense": NaN,
        "Interest Income": NaN,
        "Normalized Income": NaN,
        "Net Income From Continuing And Discontinued Operation": NaN,
        "Diluted Average Shares": NaN,
        "Basic Average Shares": NaN,
        "Diluted EPS": NaN,
        "Basic EPS": NaN,
        "Diluted NI Availto Com Stockholders": NaN,
        "Net Income Common Stockholders": NaN,
        "Preferred Stock Dividends": NaN,
        "Net Income": NaN,
        "Minority Interests": NaN,
        "Net Income Including Noncontrolling Interests": NaN,
        "Net Income Continuous Operations": NaN,
        "Tax Provision": NaN,
        "Pretax Income": NaN,
        "Special Income Charges": NaN,
        "Gain On Sale Of Business": 6000000.0,
        "Other Special Charges": NaN,
        "Restructuring And Mergern Acquisition": NaN,
        "Gain On Sale Of Security": NaN,
        "Depreciation Amortization Depletion Income Statement": NaN,
        "Depreciation And Amortization In Income Statement": NaN,
        "Amortization": NaN,
        "Amortization Of Intangibles Income Statement": NaN,
        "Selling General And Administration": NaN,
        "Selling And Marketing Expense": NaN,
        "General And Administrative Expense": NaN,
        "Insurance And Claims": -369000000.0,
        "Salaries And Wages": NaN,
        "Total Revenue": NaN,
        "Operating Revenue": NaN,
        "Occupancy And Equipment": NaN,
        "Professional Expense And Contract Services Expense": NaN,
        "Other Non Interest Expense": NaN
    },
    "2022-07-31": {
        "Tax Effect Of Unusual Items": -199948000.0,
        "Tax Rate For Calcs": 0.193,
        "Total Unusual Items": -1036000000.0,
        "Total Unusual Items Excluding Goodwill": -1036000000.0,
        "Net Income From Continuing Operation Net Minority Interest": 1365000000.0,
        "Reconciled Depreciation": 343000000.0,
        "Net Interest Income": 4197000000.0,
        "Interest Expense": 2847000000.0,
        "Interest Income": 7044000000.0,
        "Normalized Income": 2201052000.0,
        "Net Income From Continuing And Discontinued Operation": 1365000000.0,
        "Diluted Average Shares": 674804000.0,
        "Basic Average Shares": 673301000.0,
        "Diluted EPS": 1.95,
        "Basic EPS": 1.96,
        "Diluted NI Availto Com Stockholders": 1318000000.0,
        "Net Income Common Stockholders": 1318000000.0,
        "Preferred Stock Dividends": 47000000.0,
        "Net Income": 1365000000.0,
        "Minority Interests": NaN,
        "Net Income Including Noncontrolling Interests": 1365000000.0,
        "Net Income Continuous Operations": 1365000000.0,
        "Tax Provision": 326000000.0,
        "Pretax Income": 1691000000.0,
        "Special Income Charges": -1036000000.0,
        "Gain On Sale Of Business": -7000000.0,
        "Other Special Charges": NaN,
        "Restructuring And Mergern Acquisition": 1029000000.0,
        "Gain On Sale Of Security": 85000000.0,
        "Depreciation Amortization Depletion Income Statement": 151000000.0,
        "Depreciation And Amortization In Income Statement": 151000000.0,
        "Amortization": 151000000.0,
        "Amortization Of Intangibles Income Statement": 151000000.0,
        "Selling General And Administration": 2683000000.0,
        "Selling And Marketing Expense": 135000000.0,
        "General And Administrative Expense": 2548000000.0,
        "Insurance And Claims": 413000000.0,
        "Salaries And Wages": 2135000000.0,
        "Total Revenue": 6945000000.0,
        "Operating Revenue": 6945000000.0
    },
    "2022-04-30": {
        "Diluted EPS": 5.63,
        "Total Revenue": NaN,
        "Gross Profit": NaN,
        "Operating Income": NaN,
        "EBIT": NaN,
        "Net Income": NaN
    },
    "2022-01-31": {
        "Diluted EPS": 3.5,
        "Total Revenue": NaN,
        "Gross Profit": NaN,
        "Operating Income": NaN,
        "EBIT": NaN,
        "Net Income": NaN
    },
    "2021-10-31": {
        "Diluted EPS": 2.56,
        "Total Revenue": NaN,
        "Gross Profit": NaN,
        "Operating Income": NaN,
        "EBIT": NaN,
        "Net Income": NaN
    },
    "2021-07-31": {
        "Diluted EPS": 2.78,
        "Total Revenue": NaN,
        "Gross Profit": NaN,
        "Operating Income": NaN,
        "EBIT": NaN,
        "Net Income": NaN
    },
    "2021-04-30": {
        "Diluted EPS": 1.52,
        "Total Revenue": NaN,
        "Gross Profit": NaN,
        "Operating Income": NaN,
        "EBIT": NaN,
        "Net Income": NaN
    },
    "2021-01-31": {
        "Diluted EPS": 2.36,
        "Total Revenue": NaN,
        "Gross Profit": NaN,
        "Operating Income": NaN,
        "EBIT": NaN,
        "Net Income": NaN
    },
    "2020-10-31": {
        "Diluted EPS": 1.76,
        "Total Revenue": NaN,
        "Gross Profit": NaN,
        "Operating Income": NaN,
        "EBIT": NaN,
        "Net Income": NaN
    },
    "2020-07-31": {
        "Diluted EPS": 1.32,
        "Total Revenue": NaN,
        "Gross Profit": NaN,
        "Operating Income": NaN,
        "EBIT": NaN,
        "Net Income": 901
    },
    "2020-04-30": {
        "Diluted EPS": 0.73,
        "Total Revenue": NaN,
        "Gross Profit": NaN,
        "Operating Income": 602,
        "EBIT": NaN,
        "Net Income": 464
    },
    "2020-01-31": {
        "Diluted EPS": 1.8,
        "Total Revenue": NaN,
        "Gross Profit": NaN,
        "Operating Income": NaN,
        "EBIT": NaN,
        "Net Income": NaN
    },
    "2019-10-31": {
        "Diluted EPS": 1.35,
        "Total Revenue": NaN,
        "Gross Profit": NaN,
        "Operating Income": NaN,
        "EBIT": NaN,
        "Net Income": 825
    },
    "2019-07-31": {
        "Diluted EPS": 1.76,
        "Total Revenue": NaN,
        "Gross Profit": NaN,
        "Operating Income": NaN,
        "EBIT": NaN,
        "Net Income": NaN
    },
    "2019-04-30": {
        "Diluted EPS": 1.7,
        "Total Revenue": NaN,
        "Gross Profit": NaN,
        "Operating Income": NaN,
        "EBIT": NaN,
        "Net Income": NaN
    },
    "2019-01-31": {
        "Diluted EPS": 1.71,
        "Total Revenue": NaN,
        "Gross Profit": NaN,
        "Operating Income": NaN,
        "EBIT": NaN,
        "Net Income": NaN
    },
    "2018-10-31": {
        "Diluted EPS": 1.99,
        "Total Revenue": NaN,
        "Gross Profit": NaN,
        "Operating Income": NaN,
        "EBIT": NaN,
        "Net Income": NaN
    },
    "2018-07-31": {
        "Diluted EPS": 1.77,
        "Total Revenue": NaN,
        "Gross Profit": NaN,
        "Operating Income": NaN,
        "EBIT": NaN,
        "Net Income": NaN
    },
    "2018-04-30": {
        "Diluted EPS": 1.46,
        "Total Revenue": NaN,
        "Gross Profit": NaN,
        "Operating Income": NaN,
        "EBIT": NaN,
        "Net Income": 940
    },
    "2018-01-31": {
        "Diluted EPS": 1.13,
        "Total Revenue": NaN,
        "Gross Profit": NaN,
        "Operating Income": NaN,
        "EBIT": NaN,
        "Net Income": 734
    },
    "2017-10-31": {
        "Diluted EPS": -2.74,
        "Total Revenue": NaN,
        "Gross Profit": NaN,
        "Operating Income": NaN,
        "EBIT": NaN,
        "Net Income": 892
    },
    "2017-07-31": {
        "Diluted EPS": 1.55,
        "Total Revenue": NaN,
        "Gross Profit": NaN,
        "Operating Income": NaN,
        "EBIT": NaN,
        "Net Income": NaN
    },
    "2017-04-30": {
        "Diluted EPS": 1.38,
        "Total Revenue": NaN,
        "Gross Profit": NaN,
        "Operating Income": NaN,
        "EBIT": NaN,
        "Net Income": 905
    },
    "2017-01-31": {
        "Diluted EPS": 1.66,
        "Total Revenue": NaN,
        "Gross Profit": NaN,
        "Operating Income": NaN,
        "EBIT": NaN,
        "Net Income": NaN
    },
    "2016-10-31": {
        "Diluted EPS": 1.53,
        "Total Revenue": NaN,
        "Gross Profit": NaN,
        "Operating Income": NaN,
        "EBIT": NaN,
        "Net Income": 937
    },
    "2016-07-31": {
        "Diluted EPS": 1.44,
        "Total Revenue": NaN,
        "Gross Profit": NaN,
        "Operating Income": NaN,
        "EBIT": NaN,
        "Net Income": 930
    },
    "2016-04-30": {
        "Diluted EPS": 1.1,
        "Total Revenue": NaN,
        "Gross Profit": NaN,
        "Operating Income": NaN,
        "EBIT": NaN,
        "Net Income": 733
    },
    "2016-01-31": {
        "Diluted EPS": 1.15,
        "Total Revenue": NaN,
        "Gross Profit": NaN,
        "Operating Income": 915,
        "EBIT": NaN,
        "Net Income": 773
    },
    "2015-10-31": {
        "Diluted EPS": 1.39,
        "Total Revenue": NaN,
        "Gross Profit": NaN,
        "Operating Income": NaN,
        "EBIT": NaN,
        "Net Income": 920
    },
    "2015-07-31": {
        "Diluted EPS": 1.45,
        "Total Revenue": NaN,
        "Gross Profit": NaN,
        "Operating Income": NaN,
        "EBIT": NaN,
        "Net Income": 952
    },
    "2015-04-30": {
        "Diluted EPS": 1.19,
        "Total Revenue": NaN,
        "Gross Profit": NaN,
        "Operating Income": 980,
        "EBIT": NaN,
        "Net Income": 794
    },
    "2015-01-31": {
        "Diluted EPS": 1.16,
        "Total Revenue": NaN,
        "Gross Profit": NaN,
        "Operating Income": 575,
        "EBIT": NaN,
        "Net Income": 784
    },
    "2014-10-31": {
        "Diluted EPS": 1.37,
        "Total Revenue": NaN,
        "Gross Profit": NaN,
        "Operating Income": 999,
        "EBIT": NaN,
        "Net Income": 927
    },
    "2014-07-31": {
        "Diluted EPS": 1.52,
        "Total Revenue": NaN,
        "Gross Profit": NaN,
        "Operating Income": NaN,
        "EBIT": NaN,
        "Net Income": NaN
    },
    "2014-04-30": {
        "Diluted EPS": 1.47,
        "Total Revenue": NaN,
        "Gross Profit": NaN,
        "Operating Income": NaN,
        "EBIT": NaN,
        "Net Income": 979
    },
    "2014-01-31": {
        "Diluted EPS": 1.42,
        "Total Revenue": NaN,
        "Gross Profit": NaN,
        "Operating Income": NaN,
        "EBIT": NaN,
        "Net Income": 944
    },
    "2013-10-31": {
        "Diluted EPS": 1.52,
        "Total Revenue": NaN,
        "Gross Profit": NaN,
        "Operating Income": NaN,
        "EBIT": NaN,
        "Net Income": NaN
    },
    "2013-07-31": {
        "Diluted EPS": 1.6,
        "Total Revenue": NaN,
        "Gross Profit": NaN,
        "Operating Income": NaN,
        "EBIT": NaN,
        "Net Income": NaN
    },
    "2013-04-30": {
        "Diluted EPS": 1.37,
        "Total Revenue": NaN,
        "Gross Profit": NaN,
        "Operating Income": NaN,
        "EBIT": NaN,
        "Net Income": 924
    },
    "2013-01-31": {
        "Diluted EPS": 1.49,
        "Total Revenue": NaN,
        "Gross Profit": NaN,
        "Operating Income": NaN,
        "EBIT": NaN,
        "Net Income": NaN
    },
    "2012-10-31": {
        "Diluted EPS": 1.6,
        "Total Revenue": NaN,
        "Gross Profit": NaN,
        "Operating Income": NaN,
        "EBIT": NaN,
        "Net Income": NaN
    },
    "2012-07-31": {
        "Diluted EPS": 1.44,
        "Total Revenue": NaN,
        "Gross Profit": NaN,
        "Operating Income": NaN,
        "EBIT": NaN,
        "Net Income": 960
    },
    "2012-04-30": {
        "Diluted EPS": 1.49,
        "Total Revenue": NaN,
        "Gross Profit": NaN,
        "Operating Income": NaN,
        "EBIT": NaN,
        "Net Income": 994
    },
    "2012-01-31": {
        "Diluted EPS": 1.63,
        "Total Revenue": NaN,
        "Gross Profit": NaN,
        "Operating Income": NaN,
        "EBIT": NaN,
        "Net Income": NaN
    },
    "2011-10-31": {
        "Diluted EPS": 1.32,
        "Total Revenue": NaN,
        "Gross Profit": NaN,
        "Operating Income": NaN,
        "EBIT": NaN,
        "Net Income": 884
    },
    "2011-07-31": {
        "Diluted EPS": 1.29,
        "Total Revenue": NaN,
        "Gross Profit": NaN,
        "Operating Income": 943,
        "EBIT": NaN,
        "Net Income": 805
    },
    "2011-04-30": {
        "Diluted EPS": 1.37,
        "Total Revenue": NaN,
        "Gross Profit": NaN,
        "Operating Income": NaN,
        "EBIT": NaN,
        "Net Income": 819
    },
    "2011-01-31": {
        "Diluted EPS": 1.33,
        "Total Revenue": NaN,
        "Gross Profit": NaN,
        "Operating Income": NaN,
        "EBIT": NaN,
        "Net Income": 795
    },
    "2010-10-31": {
        "Diluted EPS": 1.23,
        "Total Revenue": NaN,
        "Gross Profit": NaN,
        "Operating Income": NaN,
        "EBIT": NaN,
        "Net Income": 735
    },
    "2010-07-31": {
        "Diluted EPS": 1.07,
        "Total Revenue": NaN,
        "Gross Profit": NaN,
        "Operating Income": 735,
        "EBIT": NaN,
        "Net Income": 638
    },
    "2010-04-30": {
        "Diluted EPS": 1.18,
        "Total Revenue": NaN,
        "Gross Profit": NaN,
        "Operating Income": 774,
        "EBIT": NaN,
        "Net Income": 692
    },
    "2010-01-31": {
        "Diluted EPS": 1.06,
        "Total Revenue": NaN,
        "Gross Profit": NaN,
        "Operating Income": 809,
        "EBIT": NaN,
        "Net Income": 623
    },
    "2009-10-31": {
        "Diluted EPS": 1.02,
        "Total Revenue": NaN,
        "Gross Profit": NaN,
        "Operating Income": 426,
        "EBIT": NaN,
        "Net Income": 603
    },
    "2009-07-31": {
        "Diluted EPS": 0.86,
        "Total Revenue": NaN,
        "Gross Profit": NaN,
        "Operating Income": 638,
        "EBIT": NaN,
        "Net Income": 496
    },
    "2009-04-30": {
        "Diluted EPS": 0.54,
        "Total Revenue": NaN,
        "Gross Profit": NaN,
        "Operating Income": NaN,
        "EBIT": NaN,
        "Net Income": 318
    },
    "2009-01-31": {
        "Diluted EPS": 0.39,
        "Total Revenue": NaN,
        "Gross Profit": NaN,
        "Operating Income": 978,
        "EBIT": NaN,
        "Net Income": 228
    },
    "2023-07-31": {
        "Tax Effect Of Unusual Items": NaN,
        "Tax Rate For Calcs": NaN,
        "Total Unusual Items": NaN,
        "Total Unusual Items Excluding Goodwill": NaN,
        "Net Income From Continuing Operation Net Minority Interest": NaN,
        "Reconciled Depreciation": NaN,
        "Net Interest Income": NaN,
        "Interest Expense": NaN,
        "Interest Income": NaN,
        "Normalized Income": NaN,
        "Net Income From Continuing And Discontinued Operation": NaN,
        "Diluted Average Shares": 716377000.0,
        "Basic Average Shares": 715432000.0,
        "Diluted EPS": 2.12,
        "Basic EPS": 2.13,
        "Diluted NI Availto Com Stockholders": NaN,
        "Net Income Common Stockholders": NaN,
        "Preferred Stock Dividends": NaN,
        "Net Income": NaN,
        "Minority Interests": NaN,
        "Net Income Including Noncontrolling Interests": NaN,
        "Net Income Continuous Operations": NaN,
        "Tax Provision": NaN,
        "Pretax Income": NaN,
        "Special Income Charges": NaN,
        "Gain On Sale Of Business": 0.0,
        "Other Special Charges": NaN,
        "Restructuring And Mergern Acquisition": NaN,
        "Gain On Sale Of Security": NaN,
        "Depreciation Amortization Depletion Income Statement": NaN,
        "Depreciation And Amortization In Income Statement": NaN,
        "Amortization": NaN,
        "Amortization Of Intangibles Income Statement": NaN,
        "Selling General And Administration": NaN,
        "Selling And Marketing Expense": NaN,
        "General And Administrative Expense": NaN,
        "Insurance And Claims": 4000000.0,
        "Salaries And Wages": NaN,
        "Total Revenue": NaN,
        "Operating Revenue": NaN,
        "Occupancy And Equipment": NaN,
        "Professional Expense And Contract Services Expense": NaN,
        "Other Non Interest Expense": NaN
    },
    "2023-10-31": {
        "Tax Effect Of Unusual Items": -153622242.647059,
        "Tax Rate For Calcs": 0.256893,
        "Total Unusual Items": -598000000.0,
        "Total Unusual Items Excluding Goodwill": -598000000.0,
        "Net Income From Continuing Operation Net Minority Interest": 1610000000.0,
        "Reconciled Depreciation": 596000000.0,
        "Net Interest Income": 4941000000.0,
        "Interest Expense": 10659000000.0,
        "Interest Income": 15600000000.0,
        "Normalized Income": 2054377757.352941,
        "Net Income From Continuing And Discontinued Operation": 1610000000.0,
        "Diluted Average Shares": NaN,
        "Basic Average Shares": NaN,
        "Diluted EPS": NaN,
        "Basic EPS": NaN,
        "Diluted NI Availto Com Stockholders": 1485000000.0,
        "Net Income Common Stockholders": 1485000000.0,
        "Preferred Stock Dividends": 125000000.0,
        "Net Income": 1610000000.0,
        "Minority Interests": -7000000.0,
        "Net Income Including Noncontrolling Interests": 1617000000.0,
        "Net Income Continuous Operations": 1617000000.0,
        "Tax Provision": 559000000.0,
        "Pretax Income": 2176000000.0,
        "Special Income Charges": -598000000.0,
        "Gain On Sale Of Business": 0.0,
        "Other Special Charges": 16000000.0,
        "Restructuring And Mergern Acquisition": 582000000.0,
        "Gain On Sale Of Security": 34000000.0,
        "Depreciation Amortization Depletion Income Statement": 286000000.0,
        "Depreciation And Amortization In Income Statement": 286000000.0,
        "Amortization": 286000000.0,
        "Amortization Of Intangibles Income Statement": 286000000.0,
        "Selling General And Administration": 3320000000.0,
        "Selling And Marketing Expense": 260000000.0,
        "General And Administrative Expense": 3060000000.0,
        "Insurance And Claims": 151000000.0,
        "Salaries And Wages": 2909000000.0,
        "Total Revenue": 8322000000.0,
        "Operating Revenue": 8322000000.0,
        "Occupancy And Equipment": 1447000000.0,
        "Professional Expense And Contract Services Expense": 323000000.0,
        "Other Non Interest Expense": -222000000.0
    },
    "2024-01-31": {
        "Tax Effect Of Unusual Items": -111506000.0,
        "Tax Rate For Calcs": 0.2195,
        "Total Unusual Items": -508000000.0,
        "Total Unusual Items Excluding Goodwill": -508000000.0,
        "Net Income From Continuing Operation Net Minority Interest": 1290000000.0,
        "Reconciled Depreciation": 532000000.0,
        "Net Interest Income": 4721000000.0,
        "Interest Expense": 11133000000.0,
        "Interest Income": 15854000000.0,
        "Normalized Income": 1686494000.0,
        "Net Income From Continuing And Discontinued Operation": 1290000000.0,
        "Diluted Average Shares": 724600000.0,
        "Basic Average Shares": 723800000.0,
        "Diluted EPS": 1.73,
        "Basic EPS": 1.73,
        "Diluted NI Availto Com Stockholders": 1250000000.0,
        "Net Income Common Stockholders": 1250000000.0,
        "Preferred Stock Dividends": 40000000.0,
        "Net Income": 1290000000.0,
        "Minority Interests": -2000000.0,
        "Net Income Including Noncontrolling Interests": 1292000000.0,
        "Net Income Continuous Operations": 1292000000.0,
        "Tax Provision": 364000000.0,
        "Pretax Income": 1656000000.0,
        "Special Income Charges": -508000000.0,
        "Gain On Sale Of Business": NaN,
        "Other Special Charges": 432000000.0,
        "Restructuring And Mergern Acquisition": 76000000.0,
        "Gain On Sale Of Security": 13000000.0,
        "Depreciation Amortization Depletion Income Statement": 279000000.0,
        "Depreciation And Amortization In Income Statement": 279000000.0,
        "Amortization": 279000000.0,
        "Amortization Of Intangibles Income Statement": 279000000.0,
        "Selling General And Administration": 3061000000.0,
        "Selling And Marketing Expense": 191000000.0,
        "General And Administrative Expense": 2870000000.0,
        "Insurance And Claims": NaN,
        "Salaries And Wages": 2870000000.0,
        "Total Revenue": 7648000000.0,
        "Operating Revenue": 7648000000.0,
        "Occupancy And Equipment": 976000000.0,
        "Professional Expense And Contract Services Expense": 207000000.0,
        "Other Non Interest Expense": 372000000.0
    },
    "2024-04-30": {
        "Tax Effect Of Unusual Items": -27222600.0,
        "Tax Rate For Calcs": 0.2307,
        "Total Unusual Items": -118000000.0,
        "Total Unusual Items Excluding Goodwill": -118000000.0,
        "Net Income From Continuing Operation Net Minority Interest": 1862000000.0,
        "Reconciled Depreciation": 524000000.0,
        "Net Interest Income": 4515000000.0,
        "Interest Expense": 11649000000.0,
        "Interest Income": 16164000000.0,
        "Normalized Income": 1952777400.0,
        "Net Income From Continuing And Discontinued Operation": 1862000000.0,
        "Diluted Average Shares": 729279000.0,
        "Basic Average Shares": 728348000.0,
        "Diluted EPS": 2.36,
        "Basic EPS": 2.36,
        "Diluted NI Availto Com Stockholders": 1719000000.0,
        "Net Income Common Stockholders": 1719000000.0,
        "Preferred Stock Dividends": 143000000.0,
        "Net Income": 1862000000.0,
        "Minority Interests": -4000000.0,
        "Net Income Including Noncontrolling Interests": 1866000000.0,
        "Net Income Continuous Operations": 1866000000.0,
        "Tax Provision": 559000000.0,
        "Pretax Income": 2425000000.0,
        "Special Income Charges": -118000000.0,
        "Gain On Sale Of Business": NaN,
        "Other Special Charges": 82000000.0,
        "Restructuring And Mergern Acquisition": 36000000.0,
        "Gain On Sale Of Security": 81000000.0,
        "Depreciation Amortization Depletion Income Statement": 276000000.0,
        "Depreciation And Amortization In Income Statement": 276000000.0,
        "Amortization": 276000000.0,
        "Amortization Of Intangibles Income Statement": 276000000.0,
        "Selling General And Administration": 2821000000.0,
        "Selling And Marketing Expense": 202000000.0,
        "General And Administrative Expense": 2619000000.0,
        "Insurance And Claims": NaN,
        "Salaries And Wages": 2619000000.0,
        "Total Revenue": 7921000000.0,
        "Operating Revenue": 7921000000.0,
        "Occupancy And Equipment": 1032000000.0,
        "Professional Expense And Contract Services Expense": 204000000.0,
        "Other Non Interest Expense": 407000000.0
    },
    "2024-07-31": {
        "Tax Effect Of Unusual Items": -11662000.0,
        "Tax Rate For Calcs": 0.238,
        "Total Unusual Items": -49000000.0,
        "Total Unusual Items Excluding Goodwill": -49000000.0,
        "Net Income From Continuing Operation Net Minority Interest": 1865000000.0,
        "Reconciled Depreciation": 530000000.0,
        "Net Interest Income": 4794000000.0,
        "Interest Expense": 12309000000.0,
        "Interest Income": 17103000000.0,
        "Normalized Income": 1902338000.0,
        "Net Income From Continuing And Discontinued Operation": 1865000000.0,
        "Diluted Average Shares": 730192000.0,
        "Basic Average Shares": 729449000.0,
        "Diluted EPS": 2.48,
        "Basic EPS": 2.49,
        "Diluted NI Availto Com Stockholders": 1814000000.0,
        "Net Income Common Stockholders": 1814000000.0,
        "Preferred Stock Dividends": 51000000.0,
        "Net Income": 1865000000.0,
        "Minority Interests": 0.0,
        "Net Income Including Noncontrolling Interests": 1865000000.0,
        "Net Income Continuous Operations": 1865000000.0,
        "Tax Provision": 582000000.0,
        "Pretax Income": 2447000000.0,
        "Special Income Charges": -49000000.0,
        "Gain On Sale Of Business": NaN,
        "Other Special Charges": 24000000.0,
        "Restructuring And Mergern Acquisition": 25000000.0,
        "Gain On Sale Of Security": 49000000.0,
        "Depreciation Amortization Depletion Income Statement": 277000000.0,
        "Depreciation And Amortization In Income Statement": 277000000.0,
        "Amortization": 277000000.0,
        "Amortization Of Intangibles Income Statement": 277000000.0,
        "Selling General And Administration": 2906000000.0,
        "Selling And Marketing Expense": 217000000.0,
        "General And Administrative Expense": 2689000000.0,
        "Insurance And Claims": NaN,
        "Salaries And Wages": 2689000000.0,
        "Total Revenue": 8154000000.0,
        "Operating Revenue": 8154000000.0,
        "Occupancy And Equipment": 1047000000.0,
        "Professional Expense And Contract Services Expense": 213000000.0,
        "Other Non Interest Expense": 361000000.0
    },
    "2024-10-31": {
        "Tax Effect Of Unusual Items": 271661456.601264,
        "Tax Rate For Calcs": 0.233788,
        "Total Unusual Items": 1162000000.0,
        "Total Unusual Items Excluding Goodwill": 1162000000.0,
        "Net Income From Continuing Operation Net Minority Interest": 2301000000.0,
        "Reconciled Depreciation": 524000000.0,
        "Net Interest Income": 5438000000.0,
        "Interest Expense": 11426000000.0,
        "Interest Income": 16864000000.0,
        "Normalized Income": 1410661456.601264,
        "Net Income From Continuing And Discontinued Operation": 2301000000.0,
        "Diluted Average Shares": NaN,
        "Basic Average Shares": NaN,
        "Diluted EPS": NaN,
        "Basic EPS": NaN,
        "Diluted NI Availto Com Stockholders": 2149000000.0,
        "Net Income Common Stockholders": 2149000000.0,
        "Preferred Stock Dividends": 152000000.0,
        "Net Income": 2301000000.0,
        "Minority Interests": -3000000.0,
        "Net Income Including Noncontrolling Interests": 2304000000.0,
        "Net Income Continuous Operations": 2304000000.0,
        "Tax Provision": 703000000.0,
        "Pretax Income": 3007000000.0,
        "Special Income Charges": 1162000000.0,
        "Gain On Sale Of Business": NaN,
        "Other Special Charges": -1197000000.0,
        "Restructuring And Mergern Acquisition": 35000000.0,
        "Gain On Sale Of Security": 57000000.0,
        "Depreciation Amortization Depletion Income Statement": 280000000.0,
        "Depreciation And Amortization In Income Statement": 280000000.0,
        "Amortization": 280000000.0,
        "Amortization Of Intangibles Income Statement": 280000000.0,
        "Selling General And Administration": 2921000000.0,
        "Selling And Marketing Expense": 227000000.0,
        "General And Administrative Expense": 2694000000.0,
        "Insurance And Claims": NaN,
        "Salaries And Wages": 2694000000.0,
        "Total Revenue": 8318000000.0,
        "Operating Revenue": 8318000000.0,
        "Occupancy And Equipment": 1062000000.0,
        "Professional Expense And Contract Services Expense": -41000000.0,
        "Other Non Interest Expense": 778000000.0
    }
}