{
    "2023-06-30": {
        "Tax Effect Of Unusual Items": NaN,
        "Tax Rate For Calcs": NaN,
        "Normalized EBITDA": NaN,
        "Total Unusual Items": NaN,
        "Total Unusual Items Excluding Goodwill": NaN,
        "Net Income From Continuing Operation Net Minority Interest": NaN,
        "Reconciled Depreciation": NaN,
        "Reconciled Cost Of Revenue": NaN,
        "EBITDA": NaN,
        "EBIT": NaN,
        "Net Interest Income": NaN,
        "Interest Expense": NaN,
        "Normalized Income": NaN,
        "Net Income From Continuing And Discontinued Operation": NaN,
        "Total Expenses": NaN,
        "Diluted Average Shares": NaN,
        "Basic Average Shares": NaN,
        "Diluted EPS": NaN,
        "Basic EPS": NaN,
        "Diluted NI Availto Com Stockholders": NaN,
        "Net Income Common Stockholders": NaN,
        "Net Income": NaN,
        "Minority Interests": NaN,
        "Net Income Including Noncontrolling Interests": NaN,
        "Net Income Continuous Operations": NaN,
        "Tax Provision": NaN,
        "Pretax Income": NaN,
        "Other Income Expense": NaN,
        "Other Non Operating Income Expenses": NaN,
        "Special Income Charges": NaN,
        "Gain On Sale Of Business": 0.0,
        "Other Special Charges": -7000000.0,
        "Impairment Of Capital Assets": NaN,
        "Restructuring And Mergern Acquisition": NaN,
        "Earnings From Equity Interest": -58000000.0,
        "Gain On Sale Of Security": NaN,
        "Net Non Operating Interest Income Expense": NaN,
        "Interest Expense Non Operating": NaN,
        "Operating Income": NaN,
        "Operating Expense": NaN,
        "Depreciation Amortization Depletion Income Statement": NaN,
        "Depreciation And Amortization In Income Statement": NaN,
        "Amortization": NaN,
        "Amortization Of Intangibles Income Statement": NaN,
        "Research And Development": NaN,
        "Selling General And Administration": NaN,
        "Selling And Marketing Expense": NaN,
        "Gross Profit": NaN,
        "Cost Of Revenue": NaN,
        "Total Revenue": NaN,
        "Operating Revenue": NaN
    },
    "2023-03-31": {
        "Tax Effect Of Unusual Items": NaN,
        "Tax Rate For Calcs": NaN,
        "Normalized EBITDA": NaN,
        "Total Unusual Items": NaN,
        "Total Unusual Items Excluding Goodwill": NaN,
        "Net Income From Continuing Operation Net Minority Interest": NaN,
        "Reconciled Depreciation": NaN,
        "Reconciled Cost Of Revenue": NaN,
        "EBITDA": NaN,
        "EBIT": NaN,
        "Net Interest Income": NaN,
        "Interest Expense": NaN,
        "Normalized Income": NaN,
        "Net Income From Continuing And Discontinued Operation": NaN,
        "Total Expenses": NaN,
        "Diluted Average Shares": NaN,
        "Basic Average Shares": NaN,
        "Diluted EPS": NaN,
        "Basic EPS": NaN,
        "Diluted NI Availto Com Stockholders": NaN,
        "Net Income Common Stockholders": NaN,
        "Net Income": NaN,
        "Minority Interests": NaN,
        "Net Income Including Noncontrolling Interests": NaN,
        "Net Income Continuous Operations": NaN,
        "Tax Provision": NaN,
        "Pretax Income": NaN,
        "Other Income Expense": NaN,
        "Other Non Operating Income Expenses": NaN,
        "Special Income Charges": NaN,
        "Gain On Sale Of Business": 0.0,
        "Other Special Charges": NaN,
        "Impairment Of Capital Assets": NaN,
        "Restructuring And Mergern Acquisition": NaN,
        "Earnings From Equity Interest": -155000000.0,
        "Gain On Sale Of Security": NaN,
        "Net Non Operating Interest Income Expense": NaN,
        "Interest Expense Non Operating": NaN,
        "Operating Income": NaN,
        "Operating Expense": NaN,
        "Depreciation Amortization Depletion Income Statement": NaN,
        "Depreciation And Amortization In Income Statement": NaN,
        "Amortization": NaN,
        "Amortization Of Intangibles Income Statement": NaN,
        "Research And Development": NaN,
        "Selling General And Administration": NaN,
        "Selling And Marketing Expense": 1762000000.0,
        "Gross Profit": NaN,
        "Cost Of Revenue": NaN,
        "Total Revenue": NaN,
        "Operating Revenue": NaN
    },
    "2022-12-31": {
        "Tax Effect Of Unusual Items": NaN,
        "Tax Rate For Calcs": NaN,
        "Normalized EBITDA": NaN,
        "Total Unusual Items": NaN,
        "Total Unusual Items Excluding Goodwill": NaN,
        "Net Income From Continuing Operation Net Minority Interest": NaN,
        "Reconciled Depreciation": NaN,
        "Reconciled Cost Of Revenue": NaN,
        "EBITDA": NaN,
        "EBIT": NaN,
        "Net Interest Income": NaN,
        "Interest Expense": NaN,
        "Normalized Income": NaN,
        "Net Income From Continuing And Discontinued Operation": NaN,
        "Total Expenses": NaN,
        "Diluted Average Shares": NaN,
        "Basic Average Shares": NaN,
        "Diluted EPS": NaN,
        "Basic EPS": NaN,
        "Diluted NI Availto Com Stockholders": NaN,
        "Net Income Common Stockholders": NaN,
        "Net Income": NaN,
        "Minority Interests": NaN,
        "Net Income Including Noncontrolling Interests": NaN,
        "Net Income Continuous Operations": NaN,
        "Tax Provision": NaN,
        "Pretax Income": NaN,
        "Other Income Expense": NaN,
        "Other Non Operating Income Expenses": NaN,
        "Special Income Charges": NaN,
        "Gain On Sale Of Business": 0.0,
        "Other Special Charges": NaN,
        "Restructuring And Mergern Acquisition": NaN,
        "Earnings From Equity Interest": 165000000.0,
        "Gain On Sale Of Security": NaN,
        "Net Non Operating Interest Income Expense": NaN,
        "Interest Expense Non Operating": NaN,
        "Operating Income": NaN,
        "Operating Expense": NaN,
        "Depreciation Amortization Depletion Income Statement": NaN,
        "Depreciation And Amortization In Income Statement": NaN,
        "Amortization": NaN,
        "Amortization Of Intangibles Income Statement": NaN,
        "Research And Development": NaN,
        "Selling General And Administration": NaN,
        "Selling And Marketing Expense": 2266000000.0,
        "Gross Profit": NaN,
        "Cost Of Revenue": NaN,
        "Total Revenue": NaN,
        "Operating Revenue": NaN
    },
    "2022-09-30": {
        "Tax Effect Of Unusual Items": NaN,
        "Tax Rate For Calcs": NaN,
        "Normalized EBITDA": NaN,
        "Total Unusual Items": NaN,
        "Total Unusual Items Excluding Goodwill": NaN,
        "Net Income From Continuing Operation Net Minority Interest": NaN,
        "Reconciled Depreciation": NaN,
        "Reconciled Cost Of Revenue": NaN,
        "EBITDA": NaN,
        "EBIT": NaN,
        "Net Interest Income": NaN,
        "Interest Expense": NaN,
        "Normalized Income": NaN,
        "Net Income From Continuing And Discontinued Operation": NaN,
        "Total Expenses": NaN,
        "Diluted Average Shares": NaN,
        "Basic Average Shares": NaN,
        "Diluted EPS": NaN,
        "Basic EPS": NaN,
        "Diluted NI Availto Com Stockholders": NaN,
        "Net Income Common Stockholders": NaN,
        "Net Income": NaN,
        "Minority Interests": NaN,
        "Net Income Including Noncontrolling Interests": NaN,
        "Net Income Continuous Operations": NaN,
        "Tax Provision": NaN,
        "Pretax Income": NaN,
        "Other Income Expense": NaN,
        "Other Non Operating Income Expenses": NaN,
        "Special Income Charges": NaN,
        "Gain On Sale Of Business": NaN,
        "Other Special Charges": NaN,
        "Restructuring And Mergern Acquisition": NaN,
        "Earnings From Equity Interest": NaN,
        "Gain On Sale Of Security": NaN,
        "Net Non Operating Interest Income Expense": NaN,
        "Interest Expense Non Operating": NaN,
        "Operating Income": NaN,
        "Operating Expense": NaN,
        "Depreciation Amortization Depletion Income Statement": NaN,
        "Depreciation And Amortization In Income Statement": NaN,
        "Amortization": NaN,
        "Amortization Of Intangibles Income Statement": NaN,
        "Research And Development": NaN,
        "Selling General And Administration": NaN,
        "Selling And Marketing Expense": 1930000000.0,
        "Gross Profit": NaN,
        "Cost Of Revenue": NaN,
        "Total Revenue": NaN,
        "Operating Revenue": NaN
    },
    "2022-06-30": {
        "Tax Effect Of Unusual Items": -143910000.0,
        "Tax Rate For Calcs": 0.27,
        "Normalized EBITDA": 5387000000.0,
        "Total Unusual Items": -533000000.0,
        "Total Unusual Items Excluding Goodwill": -533000000.0,
        "Net Income From Continuing Operation Net Minority Interest": 1421000000.0,
        "Reconciled Depreciation": 2583000000.0,
        "Reconciled Cost Of Revenue": 2554000000.0,
        "EBITDA": 4854000000.0,
        "EBIT": 2271000000.0,
        "Net Interest Income": -313000000.0,
        "Interest Expense": 313000000.0,
        "Normalized Income": 1810090000.0,
        "Net Income From Continuing And Discontinued Operation": 1421000000.0,
        "Total Expenses": 9245000000.0,
        "Diluted Average Shares": 2149000000.0,
        "Basic Average Shares": 2133000000.0,
        "Diluted EPS": 0.66,
        "Basic EPS": 0.67,
        "Diluted NI Availto Com Stockholders": 1421000000.0,
        "Net Income Common Stockholders": 1421000000.0,
        "Net Income": 1421000000.0,
        "Minority Interests": -8000000.0,
        "Net Income Including Noncontrolling Interests": 1429000000.0,
        "Net Income Continuous Operations": 1429000000.0,
        "Tax Provision": 529000000.0,
        "Pretax Income": 1958000000.0,
        "Other Income Expense": -371000000.0,
        "Other Non Operating Income Expenses": 470000000.0,
        "Special Income Charges": -560000000.0,
        "Gain On Sale Of Business": 0.0,
        "Other Special Charges": 16000000.0,
        "Restructuring And Mergern Acquisition": 544000000.0,
        "Earnings From Equity Interest": -308000000.0,
        "Gain On Sale Of Security": 27000000.0,
        "Net Non Operating Interest Income Expense": -313000000.0,
        "Interest Expense Non Operating": 313000000.0,
        "Operating Income": 2642000000.0,
        "Operating Expense": 6525000000.0,
        "Depreciation Amortization Depletion Income Statement": 2417000000.0,
        "Depreciation And Amortization In Income Statement": 2417000000.0,
        "Amortization": 2417000000.0,
        "Amortization Of Intangibles Income Statement": 2417000000.0,
        "Research And Development": 2321000000.0,
        "Selling General And Administration": 1787000000.0,
        "Selling And Marketing Expense": NaN,
        "Gross Profit": 9167000000.0,
        "Cost Of Revenue": 2720000000.0,
        "Total Revenue": 11887000000.0,
        "Operating Revenue": 11684000000.0
    },
    "2022-03-31": {
        "Diluted EPS": 0.59,
        "Total Revenue": NaN,
        "Gross Profit": NaN,
        "Operating Income": NaN,
        "EBIT": NaN,
        "Net Income": NaN
    },
    "2021-12-31": {
        "Diluted EPS": 1.07,
        "Total Revenue": NaN,
        "Gross Profit": NaN,
        "Operating Income": NaN,
        "EBIT": NaN,
        "Net Income": NaN
    },
    "2021-09-30": {
        "Diluted EPS": 0.69,
        "Total Revenue": NaN,
        "Gross Profit": NaN,
        "Operating Income": NaN,
        "EBIT": NaN,
        "Net Income": NaN
    },
    "2021-06-30": {
        "Diluted EPS": 0.47,
        "Total Revenue": NaN,
        "Gross Profit": NaN,
        "Operating Income": NaN,
        "EBIT": NaN,
        "Net Income": NaN
    },
    "2021-03-31": {
        "Diluted EPS": 0.89,
        "Total Revenue": NaN,
        "Gross Profit": NaN,
        "Operating Income": NaN,
        "EBIT": NaN,
        "Net Income": NaN
    },
    "2020-12-31": {
        "Diluted EPS": -4.43,
        "Total Revenue": NaN,
        "Gross Profit": NaN,
        "Operating Income": NaN,
        "EBIT": NaN,
        "Net Income": NaN
    },
    "2020-09-30": {
        "Diluted EPS": 0.82,
        "Total Revenue": NaN,
        "Gross Profit": NaN,
        "Operating Income": NaN,
        "EBIT": NaN,
        "Net Income": NaN
    },
    "2020-06-30": {
        "Diluted EPS": -0.04,
        "Total Revenue": NaN,
        "Gross Profit": NaN,
        "Operating Income": NaN,
        "EBIT": NaN,
        "Net Income": -85
    },
    "2020-03-31": {
        "Diluted EPS": -0.34,
        "Total Revenue": NaN,
        "Gross Profit": NaN,
        "Operating Income": -304,
        "EBIT": NaN,
        "Net Income": -775
    },
    "2019-12-31": {
        "Diluted EPS": -0.73,
        "Total Revenue": NaN,
        "Gross Profit": NaN,
        "Operating Income": -129,
        "EBIT": NaN,
        "Net Income": NaN
    },
    "2019-09-30": {
        "Diluted EPS": 0.83,
        "Total Revenue": NaN,
        "Gross Profit": NaN,
        "Operating Income": NaN,
        "EBIT": NaN,
        "Net Income": NaN
    },
    "2019-06-30": {
        "Diluted EPS": 0.87,
        "Total Revenue": NaN,
        "Gross Profit": NaN,
        "Operating Income": NaN,
        "EBIT": NaN,
        "Net Income": NaN
    },
    "2019-03-31": {
        "Diluted EPS": 1.04,
        "Total Revenue": NaN,
        "Gross Profit": NaN,
        "Operating Income": NaN,
        "EBIT": NaN,
        "Net Income": NaN
    },
    "2018-12-31": {
        "Diluted EPS": 0.71,
        "Total Revenue": NaN,
        "Gross Profit": NaN,
        "Operating Income": NaN,
        "EBIT": NaN,
        "Net Income": NaN
    },
    "2018-09-30": {
        "Diluted EPS": 1.16,
        "Total Revenue": NaN,
        "Gross Profit": NaN,
        "Operating Income": NaN,
        "EBIT": NaN,
        "Net Income": NaN
    },
    "2018-06-30": {
        "Diluted EPS": 0.23,
        "Total Revenue": NaN,
        "Gross Profit": NaN,
        "Operating Income": 517,
        "EBIT": 674,
        "Net Income": 373
    },
    "2018-03-31": {
        "Diluted EPS": 0.91,
        "Total Revenue": NaN,
        "Gross Profit": NaN,
        "Operating Income": NaN,
        "EBIT": NaN,
        "Net Income": NaN
    },
    "2017-12-31": {
        "Diluted EPS": -1.4,
        "Total Revenue": NaN,
        "Gross Profit": NaN,
        "Operating Income": 698,
        "EBIT": 895,
        "Net Income": NaN
    },
    "2017-09-30": {
        "Diluted EPS": 0.51,
        "Total Revenue": NaN,
        "Gross Profit": NaN,
        "Operating Income": NaN,
        "EBIT": NaN,
        "Net Income": 845
    },
    "2017-06-30": {
        "Diluted EPS": 0.56,
        "Total Revenue": NaN,
        "Gross Profit": NaN,
        "Operating Income": NaN,
        "EBIT": NaN,
        "Net Income": 916
    },
    "2017-03-31": {
        "Diluted EPS": 0.94,
        "Total Revenue": NaN,
        "Gross Profit": NaN,
        "Operating Income": NaN,
        "EBIT": NaN,
        "Net Income": NaN
    },
    "2016-12-31": {
        "Diluted EPS": 0.53,
        "Total Revenue": NaN,
        "Gross Profit": NaN,
        "Operating Income": NaN,
        "EBIT": NaN,
        "Net Income": 894
    },
    "2016-09-30": {
        "Diluted EPS": 0.72,
        "Total Revenue": NaN,
        "Gross Profit": NaN,
        "Operating Income": NaN,
        "EBIT": NaN,
        "Net Income": NaN
    },
    "2016-06-30": {
        "Diluted EPS": 0.69,
        "Total Revenue": NaN,
        "Gross Profit": NaN,
        "Operating Income": NaN,
        "EBIT": NaN,
        "Net Income": NaN
    },
    "2016-03-31": {
        "Diluted EPS": 0.71,
        "Total Revenue": NaN,
        "Gross Profit": NaN,
        "Operating Income": NaN,
        "EBIT": NaN,
        "Net Income": NaN
    },
    "2015-12-31": {
        "Diluted EPS": -0.12,
        "Total Revenue": NaN,
        "Gross Profit": NaN,
        "Operating Income": -410,
        "EBIT": -334,
        "Net Income": -197
    },
    "2015-09-30": {
        "Diluted EPS": 0.42,
        "Total Revenue": NaN,
        "Gross Profit": NaN,
        "Operating Income": 987,
        "EBIT": NaN,
        "Net Income": 706
    },
    "2015-06-30": {
        "Diluted EPS": -0.08,
        "Total Revenue": NaN,
        "Gross Profit": NaN,
        "Operating Income": 52,
        "EBIT": 143,
        "Net Income": -130
    },
    "2015-03-31": {
        "Diluted EPS": 0.71,
        "Total Revenue": NaN,
        "Gross Profit": NaN,
        "Operating Income": NaN,
        "EBIT": NaN,
        "Net Income": NaN
    },
    "2014-12-31": {
        "Diluted EPS": 0.01,
        "Total Revenue": NaN,
        "Gross Profit": NaN,
        "Operating Income": -60,
        "EBIT": 43,
        "Net Income": 13
    },
    "2014-09-30": {
        "Diluted EPS": 0.43,
        "Total Revenue": NaN,
        "Gross Profit": NaN,
        "Operating Income": NaN,
        "EBIT": NaN,
        "Net Income": 721
    },
    "2014-06-30": {
        "Diluted EPS": 0.2,
        "Total Revenue": NaN,
        "Gross Profit": NaN,
        "Operating Income": 448,
        "EBIT": 483,
        "Net Income": 333
    },
    "2014-03-31": {
        "Diluted EPS": 0.56,
        "Total Revenue": NaN,
        "Gross Profit": NaN,
        "Operating Income": 985,
        "EBIT": NaN,
        "Net Income": 937
    },
    "2013-12-31": {
        "Diluted EPS": 0.43,
        "Total Revenue": NaN,
        "Gross Profit": NaN,
        "Operating Income": 869,
        "EBIT": NaN,
        "Net Income": 726
    },
    "2013-09-30": {
        "Diluted EPS": 0.42,
        "Total Revenue": NaN,
        "Gross Profit": NaN,
        "Operating Income": 818,
        "EBIT": 998,
        "Net Income": 692
    },
    "2013-06-30": {
        "Diluted EPS": 0.32,
        "Total Revenue": NaN,
        "Gross Profit": NaN,
        "Operating Income": 530,
        "EBIT": 719,
        "Net Income": 536
    },
    "2013-03-31": {
        "Diluted EPS": 0.37,
        "Total Revenue": NaN,
        "Gross Profit": NaN,
        "Operating Income": 674,
        "EBIT": 887,
        "Net Income": 609
    },
    "2012-12-31": {
        "Diluted EPS": 0.57,
        "Total Revenue": NaN,
        "Gross Profit": NaN,
        "Operating Income": 513,
        "EBIT": NaN,
        "Net Income": 924
    },
    "2012-09-30": {
        "Diluted EPS": -0.43,
        "Total Revenue": NaN,
        "Gross Profit": NaN,
        "Operating Income": 571,
        "EBIT": 766,
        "Net Income": -711
    },
    "2012-06-30": {
        "Diluted EPS": 0.38,
        "Total Revenue": NaN,
        "Gross Profit": NaN,
        "Operating Income": NaN,
        "EBIT": NaN,
        "Net Income": 645
    },
    "2012-03-31": {
        "Diluted EPS": 0.64,
        "Total Revenue": NaN,
        "Gross Profit": NaN,
        "Operating Income": NaN,
        "EBIT": NaN,
        "Net Income": NaN
    },
    "2011-12-31": {
        "Diluted EPS": 0.51,
        "Total Revenue": NaN,
        "Gross Profit": NaN,
        "Operating Income": NaN,
        "EBIT": NaN,
        "Net Income": 850
    },
    "2011-09-30": {
        "Diluted EPS": 0.56,
        "Total Revenue": NaN,
        "Gross Profit": NaN,
        "Operating Income": NaN,
        "EBIT": NaN,
        "Net Income": 967
    },
    "2011-06-30": {
        "Diluted EPS": 0.52,
        "Total Revenue": NaN,
        "Gross Profit": NaN,
        "Operating Income": NaN,
        "EBIT": NaN,
        "Net Income": 900
    },
    "2011-03-31": {
        "Diluted EPS": 0.57,
        "Total Revenue": NaN,
        "Gross Profit": NaN,
        "Operating Income": NaN,
        "EBIT": NaN,
        "Net Income": 984
    },
    "2010-12-31": {
        "Diluted EPS": 0.28,
        "Total Revenue": NaN,
        "Gross Profit": NaN,
        "Operating Income": NaN,
        "EBIT": NaN,
        "Net Income": 471
    },
    "2010-09-30": {
        "Diluted EPS": 0.55,
        "Total Revenue": NaN,
        "Gross Profit": NaN,
        "Operating Income": NaN,
        "EBIT": NaN,
        "Net Income": 949
    },
    "2010-06-30": {
        "Diluted EPS": 0.53,
        "Total Revenue": NaN,
        "Gross Profit": NaN,
        "Operating Income": NaN,
        "EBIT": NaN,
        "Net Income": 927
    },
    "2010-03-31": {
        "Diluted EPS": 0.43,
        "Total Revenue": NaN,
        "Gross Profit": NaN,
        "Operating Income": NaN,
        "EBIT": NaN,
        "Net Income": 743
    },
    "2009-12-31": {
        "Diluted EPS": 4.05,
        "Total Revenue": NaN,
        "Gross Profit": NaN,
        "Operating Income": NaN,
        "EBIT": NaN,
        "Net Income": NaN
    },
    "2009-09-30": {
        "Diluted EPS": 0.48,
        "Total Revenue": NaN,
        "Gross Profit": NaN,
        "Operating Income": NaN,
        "EBIT": NaN,
        "Net Income": 966
    },
    "2009-06-30": {
        "Diluted EPS": 0.49,
        "Total Revenue": NaN,
        "Gross Profit": NaN,
        "Operating Income": NaN,
        "EBIT": NaN,
        "Net Income": 983
    },
    "2009-03-31": {
        "Diluted EPS": 0.32,
        "Total Revenue": NaN,
        "Gross Profit": NaN,
        "Operating Income": NaN,
        "EBIT": NaN,
        "Net Income": 638
    },
    "2023-09-30": {
        "Tax Effect Of Unusual Items": -12920000.0,
        "Tax Rate For Calcs": 0.095,
        "Normalized EBITDA": 4988000000.0,
        "Total Unusual Items": -136000000.0,
        "Total Unusual Items Excluding Goodwill": -136000000.0,
        "Net Income From Continuing Operation Net Minority Interest": 1928000000.0,
        "Reconciled Depreciation": 2435000000.0,
        "Reconciled Cost Of Revenue": 2327000000.0,
        "EBITDA": 4852000000.0,
        "EBIT": 2417000000.0,
        "Net Interest Income": -280000000.0,
        "Interest Expense": 280000000.0,
        "Normalized Income": 2051080000.0,
        "Net Income From Continuing And Discontinued Operation": 1928000000.0,
        "Total Expenses": 9007000000.0,
        "Diluted Average Shares": 2064000000.0,
        "Basic Average Shares": 2057000000.0,
        "Diluted EPS": 0.93,
        "Basic EPS": 0.94,
        "Diluted NI Availto Com Stockholders": 1928000000.0,
        "Net Income Common Stockholders": 1928000000.0,
        "Net Income": 1928000000.0,
        "Minority Interests": -6000000.0,
        "Net Income Including Noncontrolling Interests": 1934000000.0,
        "Net Income Continuous Operations": 1934000000.0,
        "Tax Provision": 203000000.0,
        "Pretax Income": 2137000000.0,
        "Other Income Expense": 458000000.0,
        "Other Non Operating Income Expenses": 594000000.0,
        "Special Income Charges": -243000000.0,
        "Gain On Sale Of Business": 0.0,
        "Other Special Charges": -61000000.0,
        "Impairment Of Capital Assets": 29000000.0,
        "Restructuring And Mergern Acquisition": 275000000.0,
        "Earnings From Equity Interest": 0.0,
        "Gain On Sale Of Security": 107000000.0,
        "Net Non Operating Interest Income Expense": -280000000.0,
        "Interest Expense Non Operating": 280000000.0,
        "Operating Income": 1959000000.0,
        "Operating Expense": 6501000000.0,
        "Depreciation Amortization Depletion Income Statement": 2256000000.0,
        "Depreciation And Amortization In Income Statement": 2256000000.0,
        "Amortization": 2256000000.0,
        "Amortization Of Intangibles Income Statement": 2256000000.0,
        "Research And Development": 2242000000.0,
        "Selling General And Administration": 2003000000.0,
        "Selling And Marketing Expense": 2003000000.0,
        "Gross Profit": 8460000000.0,
        "Cost Of Revenue": 2506000000.0,
        "Total Revenue": 10966000000.0,
        "Operating Revenue": 10783000000.0
    },
    "2023-12-31": {
        "Tax Effect Of Unusual Items": 75390000.0,
        "Tax Rate For Calcs": 0.21,
        "Normalized EBITDA": 4095000000.0,
        "Total Unusual Items": 359000000.0,
        "Total Unusual Items Excluding Goodwill": 359000000.0,
        "Net Income From Continuing Operation Net Minority Interest": 1762000000.0,
        "Reconciled Depreciation": 2464000000.0,
        "Reconciled Cost Of Revenue": 2559000000.0,
        "EBITDA": 4454000000.0,
        "EBIT": 1990000000.0,
        "Net Interest Income": -316000000.0,
        "Interest Expense": 316000000.0,
        "Normalized Income": 1478390000.0,
        "Net Income From Continuing And Discontinued Operation": 1762000000.0,
        "Total Expenses": 9574000000.0,
        "Diluted Average Shares": 2033000000.0,
        "Basic Average Shares": 2027000000.0,
        "Diluted EPS": 0.87,
        "Basic EPS": 0.87,
        "Diluted NI Availto Com Stockholders": 1762000000.0,
        "Net Income Common Stockholders": 1762000000.0,
        "Net Income": 1762000000.0,
        "Minority Interests": 0.0,
        "Net Income Including Noncontrolling Interests": 1762000000.0,
        "Net Income Continuous Operations": 1762000000.0,
        "Tax Provision": -88000000.0,
        "Pretax Income": 1674000000.0,
        "Other Income Expense": 87000000.0,
        "Other Non Operating Income Expenses": -272000000.0,
        "Special Income Charges": 161000000.0,
        "Gain On Sale Of Business": 862000000.0,
        "Other Special Charges": 3000000.0,
        "Impairment Of Capital Assets": NaN,
        "Restructuring And Mergern Acquisition": 698000000.0,
        "Earnings From Equity Interest": 53000000.0,
        "Gain On Sale Of Security": 198000000.0,
        "Net Non Operating Interest Income Expense": -316000000.0,
        "Interest Expense Non Operating": 316000000.0,
        "Operating Income": 1903000000.0,
        "Operating Expense": 6829000000.0,
        "Depreciation Amortization Depletion Income Statement": 2278000000.0,
        "Depreciation And Amortization In Income Statement": 2278000000.0,
        "Amortization": 2278000000.0,
        "Amortization Of Intangibles Income Statement": 2278000000.0,
        "Research And Development": 2478000000.0,
        "Selling General And Administration": 2073000000.0,
        "Selling And Marketing Expense": NaN,
        "Gross Profit": 8732000000.0,
        "Cost Of Revenue": 2745000000.0,
        "Total Revenue": 11477000000.0,
        "Operating Revenue": 11315000000.0
    },
    "2024-03-31": {
        "Tax Effect Of Unusual Items": -2731260000.0,
        "Tax Rate For Calcs": 0.21,
        "Normalized EBITDA": 4447000000.0,
        "Total Unusual Items": -13006000000.0,
        "Total Unusual Items Excluding Goodwill": -13006000000.0,
        "Net Income From Continuing Operation Net Minority Interest": -11911000000.0,
        "Reconciled Depreciation": 2532000000.0,
        "Reconciled Cost Of Revenue": 2757000000.0,
        "EBITDA": -8559000000.0,
        "EBIT": -11091000000.0,
        "Net Interest Income": -425000000.0,
        "Interest Expense": 425000000.0,
        "Normalized Income": -1636260000.0,
        "Net Income From Continuing And Discontinued Operation": -11911000000.0,
        "Total Expenses": 10351000000.0,
        "Diluted Average Shares": 2023000000.0,
        "Basic Average Shares": 2023000000.0,
        "Diluted EPS": -5.89,
        "Basic EPS": -5.89,
        "Diluted NI Availto Com Stockholders": -11911000000.0,
        "Net Income Common Stockholders": -11911000000.0,
        "Net Income": -11911000000.0,
        "Minority Interests": -3000000.0,
        "Net Income Including Noncontrolling Interests": -11908000000.0,
        "Net Income Continuous Operations": -11908000000.0,
        "Tax Provision": 392000000.0,
        "Pretax Income": -11516000000.0,
        "Other Income Expense": -12605000000.0,
        "Other Non Operating Income Expenses": 401000000.0,
        "Special Income Charges": -13291000000.0,
        "Gain On Sale Of Business": NaN,
        "Other Special Charges": 2000000.0,
        "Impairment Of Capital Assets": NaN,
        "Restructuring And Mergern Acquisition": 13289000000.0,
        "Earnings From Equity Interest": NaN,
        "Gain On Sale Of Security": 285000000.0,
        "Net Non Operating Interest Income Expense": -425000000.0,
        "Interest Expense Non Operating": 425000000.0,
        "Operating Income": 1514000000.0,
        "Operating Expense": 7419000000.0,
        "Depreciation Amortization Depletion Income Statement": 2357000000.0,
        "Depreciation And Amortization In Income Statement": 2357000000.0,
        "Amortization": 2357000000.0,
        "Amortization Of Intangibles Income Statement": 2357000000.0,
        "Research And Development": 2695000000.0,
        "Selling General And Administration": 2367000000.0,
        "Selling And Marketing Expense": 2367000000.0,
        "Gross Profit": 8933000000.0,
        "Cost Of Revenue": 2932000000.0,
        "Total Revenue": 11865000000.0,
        "Operating Revenue": 11693000000.0
    },
    "2024-06-30": {
        "Tax Effect Of Unusual Items": -71820000.0,
        "Tax Rate For Calcs": 0.21,
        "Normalized EBITDA": 4745000000.0,
        "Total Unusual Items": -342000000.0,
        "Total Unusual Items Excluding Goodwill": -342000000.0,
        "Net Income From Continuing Operation Net Minority Interest": 1680000000.0,
        "Reconciled Depreciation": 2596000000.0,
        "Reconciled Cost Of Revenue": 3087000000.0,
        "EBITDA": 4403000000.0,
        "EBIT": 1807000000.0,
        "Net Interest Income": -521000000.0,
        "Interest Expense": 521000000.0,
        "Normalized Income": 1950180000.0,
        "Net Income From Continuing And Discontinued Operation": 1680000000.0,
        "Total Expenses": 10510000000.0,
        "Diluted Average Shares": 2029000000.0,
        "Basic Average Shares": 2027000000.0,
        "Diluted EPS": 0.83,
        "Basic EPS": 0.83,
        "Diluted NI Availto Com Stockholders": 1680000000.0,
        "Net Income Common Stockholders": 1680000000.0,
        "Net Income": 1680000000.0,
        "Minority Interests": -4000000.0,
        "Net Income Including Noncontrolling Interests": 1684000000.0,
        "Net Income Continuous Operations": 1684000000.0,
        "Tax Provision": -398000000.0,
        "Pretax Income": 1286000000.0,
        "Other Income Expense": 116000000.0,
        "Other Non Operating Income Expenses": 458000000.0,
        "Special Income Charges": -536000000.0,
        "Gain On Sale Of Business": NaN,
        "Other Special Charges": 69000000.0,
        "Impairment Of Capital Assets": NaN,
        "Restructuring And Mergern Acquisition": 467000000.0,
        "Earnings From Equity Interest": NaN,
        "Gain On Sale Of Security": 194000000.0,
        "Net Non Operating Interest Income Expense": -521000000.0,
        "Interest Expense Non Operating": 521000000.0,
        "Operating Income": 1691000000.0,
        "Operating Expense": 7243000000.0,
        "Depreciation Amortization Depletion Income Statement": 2416000000.0,
        "Depreciation And Amortization In Income Statement": 2416000000.0,
        "Amortization": 2416000000.0,
        "Amortization Of Intangibles Income Statement": 2416000000.0,
        "Research And Development": 2899000000.0,
        "Selling General And Administration": 1928000000.0,
        "Selling And Marketing Expense": NaN,
        "Gross Profit": 8934000000.0,
        "Cost Of Revenue": 3267000000.0,
        "Total Revenue": 12201000000.0,
        "Operating Revenue": 12041000000.0
    },
    "2024-09-30": {
        "Tax Effect Of Unusual Items": -96250000.0,
        "Tax Rate For Calcs": 0.275,
        "Normalized EBITDA": 5123000000.0,
        "Total Unusual Items": -350000000.0,
        "Total Unusual Items Excluding Goodwill": -350000000.0,
        "Net Income From Continuing Operation Net Minority Interest": 1211000000.0,
        "Reconciled Depreciation": 2592000000.0,
        "Reconciled Cost Of Revenue": 2771000000.0,
        "EBITDA": 4773000000.0,
        "EBIT": 2181000000.0,
        "Net Interest Income": -505000000.0,
        "Interest Expense": 505000000.0,
        "Normalized Income": 1464750000.0,
        "Net Income From Continuing And Discontinued Operation": 1211000000.0,
        "Total Expenses": 9720000000.0,
        "Diluted Average Shares": 2031000000.0,
        "Basic Average Shares": 2028000000.0,
        "Diluted EPS": 0.6,
        "Basic EPS": 0.6,
        "Diluted NI Availto Com Stockholders": 1211000000.0,
        "Net Income Common Stockholders": 1211000000.0,
        "Net Income": 1211000000.0,
        "Minority Interests": -4000000.0,
        "Net Income Including Noncontrolling Interests": 1215000000.0,
        "Net Income Continuous Operations": 1215000000.0,
        "Tax Provision": 461000000.0,
        "Pretax Income": 1676000000.0,
        "Other Income Expense": 9000000.0,
        "Other Non Operating Income Expenses": 359000000.0,
        "Special Income Charges": -456000000.0,
        "Gain On Sale Of Business": NaN,
        "Other Special Charges": NaN,
        "Impairment Of Capital Assets": 47000000.0,
        "Restructuring And Mergern Acquisition": 409000000.0,
        "Earnings From Equity Interest": NaN,
        "Gain On Sale Of Security": 106000000.0,
        "Net Non Operating Interest Income Expense": -505000000.0,
        "Interest Expense Non Operating": 505000000.0,
        "Operating Income": 2172000000.0,
        "Operating Expense": 6763000000.0,
        "Depreciation Amortization Depletion Income Statement": 2406000000.0,
        "Depreciation And Amortization In Income Statement": 2406000000.0,
        "Amortization": 2406000000.0,
        "Amortization Of Intangibles Income Statement": 2406000000.0,
        "Research And Development": 2374000000.0,
        "Selling General And Administration": 1983000000.0,
        "Selling And Marketing Expense": 1983000000.0,
        "Gross Profit": 8935000000.0,
        "Cost Of Revenue": 2957000000.0,
        "Total Revenue": 11892000000.0,
        "Operating Revenue": 11588000000.0
    }
}