{
    "2023-03-31": {
        "Tax Effect Of Unusual Items": NaN,
        "Tax Rate For Calcs": NaN,
        "Normalized EBITDA": NaN,
        "Total Unusual Items": NaN,
        "Total Unusual Items Excluding Goodwill": NaN,
        "Net Income From Continuing Operation Net Minority Interest": NaN,
        "Reconciled Depreciation": NaN,
        "Reconciled Cost Of Revenue": NaN,
        "EBITDA": NaN,
        "EBIT": NaN,
        "Net Interest Income": NaN,
        "Interest Expense": NaN,
        "Interest Income": NaN,
        "Normalized Income": NaN,
        "Net Income From Continuing And Discontinued Operation": NaN,
        "Total Expenses": NaN,
        "Diluted Average Shares": NaN,
        "Basic Average Shares": NaN,
        "Diluted EPS": NaN,
        "Basic EPS": NaN,
        "Diluted NI Availto Com Stockholders": NaN,
        "Average Dilution Earnings": NaN,
        "Net Income Common Stockholders": NaN,
        "Otherunder Preferred Stock Dividend": NaN,
        "Preferred Stock Dividends": NaN,
        "Net Income": NaN,
        "Minority Interests": NaN,
        "Net Income Including Noncontrolling Interests": NaN,
        "Net Income Continuous Operations": NaN,
        "Tax Provision": NaN,
        "Pretax Income": NaN,
        "Other Income Expense": NaN,
        "Other Non Operating Income Expenses": NaN,
        "Special Income Charges": NaN,
        "Write Off": NaN,
        "Earnings From Equity Interest": NaN,
        "Gain On Sale Of Security": NaN,
        "Net Non Operating Interest Income Expense": NaN,
        "Interest Expense Non Operating": NaN,
        "Interest Income Non Operating": NaN,
        "Operating Income": NaN,
        "Operating Expense": NaN,
        "Other Operating Expenses": NaN,
        "Depreciation Amortization Depletion Income Statement": 2188000000.0,
        "Depreciation And Amortization In Income Statement": 2188000000.0,
        "Selling General And Administration": 14000000.0,
        "General And Administrative Expense": 14000000.0,
        "Other Gand A": 14000000.0,
        "Gross Profit": NaN,
        "Cost Of Revenue": NaN,
        "Total Revenue": NaN,
        "Operating Revenue": NaN
    },
    "2022-12-31": {
        "Tax Effect Of Unusual Items": NaN,
        "Tax Rate For Calcs": NaN,
        "Normalized EBITDA": NaN,
        "Total Unusual Items": NaN,
        "Total Unusual Items Excluding Goodwill": NaN,
        "Net Income From Continuing Operation Net Minority Interest": NaN,
        "Reconciled Depreciation": NaN,
        "Reconciled Cost Of Revenue": NaN,
        "EBITDA": NaN,
        "EBIT": NaN,
        "Net Interest Income": NaN,
        "Interest Expense": NaN,
        "Interest Income": NaN,
        "Normalized Income": NaN,
        "Net Income From Continuing And Discontinued Operation": NaN,
        "Total Expenses": NaN,
        "Diluted Average Shares": NaN,
        "Basic Average Shares": NaN,
        "Diluted EPS": NaN,
        "Basic EPS": NaN,
        "Diluted NI Availto Com Stockholders": NaN,
        "Average Dilution Earnings": NaN,
        "Net Income Common Stockholders": NaN,
        "Otherunder Preferred Stock Dividend": NaN,
        "Preferred Stock Dividends": NaN,
        "Net Income": NaN,
        "Minority Interests": NaN,
        "Net Income Including Noncontrolling Interests": NaN,
        "Net Income Continuous Operations": NaN,
        "Tax Provision": NaN,
        "Pretax Income": NaN,
        "Other Income Expense": NaN,
        "Other Non Operating Income Expenses": NaN,
        "Special Income Charges": -278000000.0,
        "Write Off": 278000000.0,
        "Earnings From Equity Interest": NaN,
        "Gain On Sale Of Security": NaN,
        "Net Non Operating Interest Income Expense": NaN,
        "Interest Expense Non Operating": NaN,
        "Interest Income Non Operating": NaN,
        "Operating Income": NaN,
        "Operating Expense": NaN,
        "Other Operating Expenses": NaN,
        "Depreciation Amortization Depletion Income Statement": NaN,
        "Depreciation And Amortization In Income Statement": NaN,
        "Selling General And Administration": NaN,
        "General And Administrative Expense": NaN,
        "Other Gand A": NaN,
        "Gross Profit": NaN,
        "Cost Of Revenue": NaN,
        "Total Revenue": NaN,
        "Operating Revenue": NaN
    },
    "2022-09-30": {
        "Tax Effect Of Unusual Items": NaN,
        "Tax Rate For Calcs": NaN,
        "Normalized EBITDA": NaN,
        "Total Unusual Items": NaN,
        "Total Unusual Items Excluding Goodwill": NaN,
        "Net Income From Continuing Operation Net Minority Interest": NaN,
        "Reconciled Depreciation": NaN,
        "Reconciled Cost Of Revenue": NaN,
        "EBITDA": NaN,
        "EBIT": NaN,
        "Net Interest Income": NaN,
        "Interest Expense": NaN,
        "Normalized Income": NaN,
        "Net Income From Continuing And Discontinued Operation": NaN,
        "Total Expenses": NaN,
        "Diluted Average Shares": NaN,
        "Basic Average Shares": NaN,
        "Diluted EPS": NaN,
        "Basic EPS": NaN,
        "Diluted NI Availto Com Stockholders": NaN,
        "Average Dilution Earnings": NaN,
        "Net Income Common Stockholders": NaN,
        "Otherunder Preferred Stock Dividend": 0.0,
        "Preferred Stock Dividends": NaN,
        "Net Income": NaN,
        "Minority Interests": NaN,
        "Net Income Including Noncontrolling Interests": NaN,
        "Net Income Continuous Operations": NaN,
        "Tax Provision": NaN,
        "Pretax Income": NaN,
        "Other Income Expense": NaN,
        "Other Non Operating Income Expenses": NaN,
        "Special Income Charges": -36000000.0,
        "Write Off": 36000000.0,
        "Earnings From Equity Interest": NaN,
        "Gain On Sale Of Security": NaN,
        "Net Non Operating Interest Income Expense": NaN,
        "Interest Expense Non Operating": NaN,
        "Operating Income": NaN,
        "Operating Expense": NaN,
        "Other Operating Expenses": NaN,
        "Depreciation Amortization Depletion Income Statement": 1997000000.0,
        "Depreciation And Amortization In Income Statement": 1997000000.0,
        "Selling General And Administration": 30000000.0,
        "General And Administrative Expense": 30000000.0,
        "Other Gand A": 30000000.0,
        "Gross Profit": NaN,
        "Cost Of Revenue": NaN,
        "Total Revenue": NaN,
        "Operating Revenue": NaN
    },
    "2022-06-30": {
        "Tax Effect Of Unusual Items": -35730000.0,
        "Tax Rate For Calcs": 0.09,
        "Normalized EBITDA": 6304000000.0,
        "Total Unusual Items": -397000000.0,
        "Total Unusual Items Excluding Goodwill": -397000000.0,
        "Net Income From Continuing Operation Net Minority Interest": 590000000.0,
        "Reconciled Depreciation": 1886000000.0,
        "Reconciled Cost Of Revenue": 19841000000.0,
        "EBITDA": 5907000000.0,
        "EBIT": 4021000000.0,
        "Net Interest Income": -2405000000.0,
        "Interest Expense": 2405000000.0,
        "Normalized Income": 951270000.0,
        "Net Income From Continuing And Discontinued Operation": 590000000.0,
        "Total Expenses": 19867000000.0,
        "Diluted Average Shares": 1617100000.0,
        "Basic Average Shares": 1564400000.0,
        "Diluted EPS": 0.34,
        "Basic EPS": 0.35,
        "Diluted NI Availto Com Stockholders": 554000000.0,
        "Average Dilution Earnings": 1000000.0,
        "Net Income Common Stockholders": 553000000.0,
        "Otherunder Preferred Stock Dividend": 0.0,
        "Preferred Stock Dividends": 37000000.0,
        "Net Income": 590000000.0,
        "Minority Interests": -885000000.0,
        "Net Income Including Noncontrolling Interests": 1475000000.0,
        "Net Income Continuous Operations": 1475000000.0,
        "Tax Provision": 141000000.0,
        "Pretax Income": 1616000000.0,
        "Other Income Expense": 632000000.0,
        "Other Non Operating Income Expenses": 465000000.0,
        "Special Income Charges": NaN,
        "Write Off": NaN,
        "Earnings From Equity Interest": 564000000.0,
        "Gain On Sale Of Security": -397000000.0,
        "Net Non Operating Interest Income Expense": -2405000000.0,
        "Interest Expense Non Operating": 2405000000.0,
        "Operating Income": 3389000000.0,
        "Operating Expense": 26000000.0,
        "Other Operating Expenses": NaN,
        "Depreciation Amortization Depletion Income Statement": 1886000000.0,
        "Depreciation And Amortization In Income Statement": 1886000000.0,
        "Selling General And Administration": 26000000.0,
        "General And Administrative Expense": 26000000.0,
        "Other Gand A": 26000000.0,
        "Gross Profit": 3415000000.0,
        "Cost Of Revenue": 19841000000.0,
        "Total Revenue": 23256000000.0,
        "Operating Revenue": 23256000000.0
    },
    "2023-06-30": {
        "Tax Effect Of Unusual Items": NaN,
        "Tax Rate For Calcs": NaN,
        "Normalized EBITDA": NaN,
        "Total Unusual Items": NaN,
        "Total Unusual Items Excluding Goodwill": NaN,
        "Net Income From Continuing Operation Net Minority Interest": NaN,
        "Reconciled Depreciation": NaN,
        "Reconciled Cost Of Revenue": NaN,
        "EBITDA": NaN,
        "EBIT": NaN,
        "Net Interest Income": NaN,
        "Interest Expense": NaN,
        "Interest Income": NaN,
        "Normalized Income": NaN,
        "Net Income From Continuing And Discontinued Operation": NaN,
        "Total Expenses": NaN,
        "Diluted Average Shares": NaN,
        "Basic Average Shares": NaN,
        "Diluted EPS": NaN,
        "Basic EPS": NaN,
        "Diluted NI Availto Com Stockholders": NaN,
        "Average Dilution Earnings": NaN,
        "Net Income Common Stockholders": NaN,
        "Otherunder Preferred Stock Dividend": 0.0,
        "Preferred Stock Dividends": NaN,
        "Net Income": NaN,
        "Minority Interests": NaN,
        "Net Income Including Noncontrolling Interests": NaN,
        "Net Income Continuous Operations": NaN,
        "Tax Provision": NaN,
        "Pretax Income": NaN,
        "Other Income Expense": NaN,
        "Other Non Operating Income Expenses": NaN,
        "Special Income Charges": NaN,
        "Write Off": NaN,
        "Earnings From Equity Interest": NaN,
        "Gain On Sale Of Security": NaN,
        "Net Non Operating Interest Income Expense": NaN,
        "Interest Expense Non Operating": NaN,
        "Interest Income Non Operating": NaN,
        "Operating Income": NaN,
        "Operating Expense": NaN,
        "Other Operating Expenses": NaN,
        "Depreciation Amortization Depletion Income Statement": 2214000000.0,
        "Depreciation And Amortization In Income Statement": 2214000000.0,
        "Gross Profit": NaN,
        "Cost Of Revenue": NaN,
        "Total Revenue": NaN,
        "Operating Revenue": NaN
    },
    "2023-09-30": {
        "Tax Effect Of Unusual Items": 51600000.0,
        "Tax Rate For Calcs": 0.4,
        "Normalized EBITDA": 6474000000.0,
        "Total Unusual Items": 129000000.0,
        "Total Unusual Items Excluding Goodwill": 129000000.0,
        "Net Income From Continuing Operation Net Minority Interest": 230000000.0,
        "Reconciled Depreciation": 2246000000.0,
        "Reconciled Cost Of Revenue": 21088000000.0,
        "EBITDA": 6603000000.0,
        "EBIT": 4357000000.0,
        "Net Interest Income": -4081000000.0,
        "Interest Expense": 4081000000.0,
        "Interest Income": NaN,
        "Normalized Income": 152600000.0,
        "Net Income From Continuing And Discontinued Operation": 230000000.0,
        "Total Expenses": 21104000000.0,
        "Diluted Average Shares": 1585700000.0,
        "Basic Average Shares": 1561200000.0,
        "Diluted EPS": 0.12,
        "Basic EPS": 0.12,
        "Diluted NI Availto Com Stockholders": 190000000.0,
        "Average Dilution Earnings": 1000000.0,
        "Net Income Common Stockholders": 189000000.0,
        "Otherunder Preferred Stock Dividend": NaN,
        "Preferred Stock Dividends": 41000000.0,
        "Net Income": 230000000.0,
        "Minority Interests": 195000000.0,
        "Net Income Including Noncontrolling Interests": 35000000.0,
        "Net Income Continuous Operations": 35000000.0,
        "Tax Provision": 241000000.0,
        "Pretax Income": 276000000.0,
        "Other Income Expense": 1020000000.0,
        "Other Non Operating Income Expenses": 82000000.0,
        "Special Income Charges": -57000000.0,
        "Write Off": 57000000.0,
        "Earnings From Equity Interest": 809000000.0,
        "Gain On Sale Of Security": 186000000.0,
        "Net Non Operating Interest Income Expense": -4081000000.0,
        "Interest Expense Non Operating": 4081000000.0,
        "Interest Income Non Operating": NaN,
        "Operating Income": 3337000000.0,
        "Operating Expense": 16000000.0,
        "Other Operating Expenses": 16000000.0,
        "Depreciation Amortization Depletion Income Statement": 2246000000.0,
        "Depreciation And Amortization In Income Statement": 2246000000.0,
        "Gross Profit": 3353000000.0,
        "Cost Of Revenue": 21088000000.0,
        "Total Revenue": 24441000000.0,
        "Operating Revenue": 24441000000.0
    },
    "2023-12-31": {
        "Tax Effect Of Unusual Items": -38867742.936976,
        "Tax Rate For Calcs": 0.02701,
        "Normalized EBITDA": 11132000000.0,
        "Total Unusual Items": -1439000000.0,
        "Total Unusual Items Excluding Goodwill": -1439000000.0,
        "Net Income From Continuing Operation Net Minority Interest": 699000000.0,
        "Reconciled Depreciation": 2427000000.0,
        "Reconciled Cost Of Revenue": 20595000000.0,
        "EBITDA": 9693000000.0,
        "EBIT": 7266000000.0,
        "Net Interest Income": -4045000000.0,
        "Interest Expense": 4045000000.0,
        "Interest Income": NaN,
        "Normalized Income": 2099132257.063024,
        "Net Income From Continuing And Discontinued Operation": 699000000.0,
        "Total Expenses": 20611000000.0,
        "Diluted Average Shares": 1580900000.0,
        "Basic Average Shares": 1540100000.0,
        "Diluted EPS": 0.42,
        "Basic EPS": 0.43,
        "Diluted NI Availto Com Stockholders": 659000000.0,
        "Average Dilution Earnings": 3000000.0,
        "Net Income Common Stockholders": 656000000.0,
        "Otherunder Preferred Stock Dividend": NaN,
        "Preferred Stock Dividends": 43000000.0,
        "Net Income": 699000000.0,
        "Minority Interests": -2435000000.0,
        "Net Income Including Noncontrolling Interests": 3134000000.0,
        "Net Income Continuous Operations": 3134000000.0,
        "Tax Provision": 87000000.0,
        "Pretax Income": 3221000000.0,
        "Other Income Expense": 3359000000.0,
        "Other Non Operating Income Expenses": 4369000000.0,
        "Special Income Charges": -1087000000.0,
        "Write Off": 1087000000.0,
        "Earnings From Equity Interest": 429000000.0,
        "Gain On Sale Of Security": -352000000.0,
        "Net Non Operating Interest Income Expense": -4045000000.0,
        "Interest Expense Non Operating": 4045000000.0,
        "Interest Income Non Operating": NaN,
        "Operating Income": 3907000000.0,
        "Operating Expense": 16000000.0,
        "Other Operating Expenses": 16000000.0,
        "Depreciation Amortization Depletion Income Statement": NaN,
        "Depreciation And Amortization In Income Statement": NaN,
        "Gross Profit": 3923000000.0,
        "Cost Of Revenue": 20595000000.0,
        "Total Revenue": 24518000000.0,
        "Operating Revenue": 20680000000.0
    },
    "2024-03-31": {
        "Tax Effect Of Unusual Items": -94500000.0,
        "Tax Rate For Calcs": 0.35,
        "Normalized EBITDA": 7673000000.0,
        "Total Unusual Items": -270000000.0,
        "Total Unusual Items Excluding Goodwill": -270000000.0,
        "Net Income From Continuing Operation Net Minority Interest": 102000000.0,
        "Reconciled Depreciation": 2475000000.0,
        "Reconciled Cost Of Revenue": 19046000000.0,
        "EBITDA": 7403000000.0,
        "EBIT": 4928000000.0,
        "Net Interest Income": -4128000000.0,
        "Interest Expense": 4128000000.0,
        "Interest Income": NaN,
        "Normalized Income": 277500000.0,
        "Net Income From Continuing And Discontinued Operation": 102000000.0,
        "Total Expenses": 19063000000.0,
        "Diluted Average Shares": 1543600000.0,
        "Basic Average Shares": 1518800000.0,
        "Diluted EPS": 0.04,
        "Basic EPS": 0.04,
        "Diluted NI Availto Com Stockholders": 60000000.0,
        "Average Dilution Earnings": 0.0,
        "Net Income Common Stockholders": 60000000.0,
        "Otherunder Preferred Stock Dividend": NaN,
        "Preferred Stock Dividends": 42000000.0,
        "Net Income": 102000000.0,
        "Minority Interests": -417000000.0,
        "Net Income Including Noncontrolling Interests": 519000000.0,
        "Net Income Continuous Operations": 519000000.0,
        "Tax Provision": 281000000.0,
        "Pretax Income": 800000000.0,
        "Other Income Expense": 1084000000.0,
        "Other Non Operating Income Expenses": 668000000.0,
        "Special Income Charges": -73000000.0,
        "Write Off": 73000000.0,
        "Earnings From Equity Interest": 686000000.0,
        "Gain On Sale Of Security": -197000000.0,
        "Net Non Operating Interest Income Expense": -4128000000.0,
        "Interest Expense Non Operating": 4128000000.0,
        "Interest Income Non Operating": NaN,
        "Operating Income": 3844000000.0,
        "Operating Expense": 17000000.0,
        "Other Operating Expenses": 17000000.0,
        "Depreciation Amortization Depletion Income Statement": 2475000000.0,
        "Depreciation And Amortization In Income Statement": 2475000000.0,
        "Gross Profit": 3861000000.0,
        "Cost Of Revenue": 19046000000.0,
        "Total Revenue": 22907000000.0,
        "Operating Revenue": 22907000000.0
    },
    "2024-06-30": {
        "Tax Effect Of Unusual Items": -92400000.0,
        "Tax Rate For Calcs": 0.15,
        "Normalized EBITDA": 7246000000.0,
        "Total Unusual Items": -616000000.0,
        "Total Unusual Items Excluding Goodwill": -616000000.0,
        "Net Income From Continuing Operation Net Minority Interest": 43000000.0,
        "Reconciled Depreciation": 2435000000.0,
        "Reconciled Cost Of Revenue": 19152000000.0,
        "EBITDA": 6630000000.0,
        "EBIT": 4195000000.0,
        "Net Interest Income": -4176000000.0,
        "Interest Expense": 4176000000.0,
        "Interest Income": 21000000.0,
        "Normalized Income": 566600000.0,
        "Net Income From Continuing And Discontinued Operation": 43000000.0,
        "Total Expenses": 19171000000.0,
        "Diluted Average Shares": 1536000000.0,
        "Basic Average Shares": 1509600000.0,
        "Diluted EPS": 0.000651,
        "Basic EPS": 0.000662,
        "Diluted NI Availto Com Stockholders": 1000000.0,
        "Average Dilution Earnings": 0.0,
        "Net Income Common Stockholders": 1000000.0,
        "Otherunder Preferred Stock Dividend": NaN,
        "Preferred Stock Dividends": 42000000.0,
        "Net Income": 43000000.0,
        "Minority Interests": 328000000.0,
        "Net Income Including Noncontrolling Interests": -285000000.0,
        "Net Income Continuous Operations": -285000000.0,
        "Tax Provision": 304000000.0,
        "Pretax Income": 19000000.0,
        "Other Income Expense": 316000000.0,
        "Other Non Operating Income Expenses": 107000000.0,
        "Special Income Charges": -77000000.0,
        "Write Off": 77000000.0,
        "Earnings From Equity Interest": 825000000.0,
        "Gain On Sale Of Security": -539000000.0,
        "Net Non Operating Interest Income Expense": -4176000000.0,
        "Interest Expense Non Operating": 4176000000.0,
        "Interest Income Non Operating": 21000000.0,
        "Operating Income": 3879000000.0,
        "Operating Expense": 19000000.0,
        "Other Operating Expenses": 19000000.0,
        "Depreciation Amortization Depletion Income Statement": 2435000000.0,
        "Depreciation And Amortization In Income Statement": 2435000000.0,
        "Gross Profit": 3898000000.0,
        "Cost Of Revenue": 19152000000.0,
        "Total Revenue": 23050000000.0,
        "Operating Revenue": 19430000000.0
    },
    "2024-09-30": {
        "Tax Effect Of Unusual Items": -9440000.0,
        "Tax Rate For Calcs": 0.08,
        "Normalized EBITDA": 8516000000.0,
        "Total Unusual Items": -118000000.0,
        "Total Unusual Items Excluding Goodwill": -118000000.0,
        "Net Income From Continuing Operation Net Minority Interest": 64000000.0,
        "Reconciled Depreciation": 2410000000.0,
        "Reconciled Cost Of Revenue": 15344000000.0,
        "EBITDA": 8398000000.0,
        "EBIT": 5988000000.0,
        "Net Interest Income": -4332000000.0,
        "Interest Expense": 4332000000.0,
        "Interest Income": NaN,
        "Normalized Income": 172560000.0,
        "Net Income From Continuing And Discontinued Operation": 64000000.0,
        "Total Expenses": 15364000000.0,
        "Diluted Average Shares": 1540900000.0,
        "Basic Average Shares": 1508500000.0,
        "Diluted EPS": 0.01,
        "Basic EPS": 0.01,
        "Diluted NI Availto Com Stockholders": 21000000.0,
        "Average Dilution Earnings": 0.0,
        "Net Income Common Stockholders": 21000000.0,
        "Otherunder Preferred Stock Dividend": NaN,
        "Preferred Stock Dividends": 43000000.0,
        "Net Income": 64000000.0,
        "Minority Interests": -1454000000.0,
        "Net Income Including Noncontrolling Interests": 1518000000.0,
        "Net Income Continuous Operations": 1518000000.0,
        "Tax Provision": 138000000.0,
        "Pretax Income": 1656000000.0,
        "Other Income Expense": 729000000.0,
        "Other Non Operating Income Expenses": 663000000.0,
        "Special Income Charges": -97000000.0,
        "Write Off": 97000000.0,
        "Earnings From Equity Interest": 184000000.0,
        "Gain On Sale Of Security": -21000000.0,
        "Net Non Operating Interest Income Expense": -4332000000.0,
        "Interest Expense Non Operating": 4332000000.0,
        "Interest Income Non Operating": NaN,
        "Operating Income": 5259000000.0,
        "Operating Expense": 20000000.0,
        "Other Operating Expenses": 20000000.0,
        "Depreciation Amortization Depletion Income Statement": NaN,
        "Depreciation And Amortization In Income Statement": NaN,
        "Gross Profit": 5279000000.0,
        "Cost Of Revenue": 15344000000.0,
        "Total Revenue": 20623000000.0,
        "Operating Revenue": 20623000000.0
    }
}