{
    "2023-03-31": {
        "Tax Effect Of Unusual Items": NaN,
        "Tax Rate For Calcs": NaN,
        "Normalized EBITDA": NaN,
        "Total Unusual Items": NaN,
        "Total Unusual Items Excluding Goodwill": NaN,
        "Net Income From Continuing Operation Net Minority Interest": NaN,
        "Reconciled Depreciation": NaN,
        "Reconciled Cost Of Revenue": NaN,
        "EBITDA": NaN,
        "EBIT": NaN,
        "Net Interest Income": NaN,
        "Interest Expense": 76000.0,
        "Interest Income": NaN,
        "Normalized Income": NaN,
        "Net Income From Continuing And Discontinued Operation": NaN,
        "Total Expenses": NaN,
        "Total Operating Income As Reported": NaN,
        "Diluted Average Shares": 30679000.0,
        "Basic Average Shares": 30679000.0,
        "Diluted EPS": -1.210079,
        "Basic EPS": -1.210079,
        "Diluted NI Availto Com Stockholders": NaN,
        "Net Income Common Stockholders": NaN,
        "Net Income": NaN,
        "Net Income Including Noncontrolling Interests": NaN,
        "Net Income Continuous Operations": NaN,
        "Tax Provision": NaN,
        "Pretax Income": NaN,
        "Other Income Expense": NaN,
        "Other Non Operating Income Expenses": NaN,
        "Special Income Charges": NaN,
        "Impairment Of Capital Assets": NaN,
        "Restructuring And Mergern Acquisition": 0.0,
        "Net Non Operating Interest Income Expense": NaN,
        "Interest Expense Non Operating": 76000.0,
        "Interest Income Non Operating": NaN,
        "Operating Income": NaN,
        "Operating Expense": NaN,
        "Research And Development": NaN,
        "Selling General And Administration": NaN,
        "Gross Profit": NaN,
        "Cost Of Revenue": NaN,
        "Total Revenue": NaN,
        "Operating Revenue": NaN
    },
    "2022-12-31": {
        "Tax Effect Of Unusual Items": NaN,
        "Tax Rate For Calcs": NaN,
        "Normalized EBITDA": NaN,
        "Total Unusual Items": 0.0,
        "Total Unusual Items Excluding Goodwill": 0.0,
        "Net Income From Continuing Operation Net Minority Interest": NaN,
        "Reconciled Depreciation": NaN,
        "Reconciled Cost Of Revenue": NaN,
        "EBITDA": NaN,
        "EBIT": NaN,
        "Net Interest Income": NaN,
        "Interest Expense": NaN,
        "Interest Income": NaN,
        "Normalized Income": NaN,
        "Net Income From Continuing And Discontinued Operation": NaN,
        "Total Expenses": NaN,
        "Total Operating Income As Reported": NaN,
        "Diluted Average Shares": 29718280.0,
        "Basic Average Shares": 29718280.0,
        "Diluted EPS": -1.301455,
        "Basic EPS": -1.301455,
        "Diluted NI Availto Com Stockholders": NaN,
        "Net Income Common Stockholders": NaN,
        "Net Income": NaN,
        "Net Income Including Noncontrolling Interests": NaN,
        "Net Income Continuous Operations": NaN,
        "Tax Provision": NaN,
        "Pretax Income": NaN,
        "Other Income Expense": NaN,
        "Other Non Operating Income Expenses": NaN,
        "Special Income Charges": 0.0,
        "Impairment Of Capital Assets": NaN,
        "Restructuring And Mergern Acquisition": NaN,
        "Net Non Operating Interest Income Expense": NaN,
        "Interest Expense Non Operating": NaN,
        "Interest Income Non Operating": NaN,
        "Operating Income": NaN,
        "Operating Expense": NaN,
        "Research And Development": NaN,
        "Selling General And Administration": NaN,
        "Gross Profit": NaN,
        "Cost Of Revenue": NaN,
        "Total Revenue": NaN,
        "Operating Revenue": NaN
    },
    "2022-09-30": {
        "Tax Effect Of Unusual Items": NaN,
        "Tax Rate For Calcs": NaN,
        "Normalized EBITDA": NaN,
        "Total Unusual Items": NaN,
        "Total Unusual Items Excluding Goodwill": NaN,
        "Net Income From Continuing Operation Net Minority Interest": NaN,
        "Reconciled Depreciation": NaN,
        "Reconciled Cost Of Revenue": NaN,
        "EBITDA": NaN,
        "EBIT": NaN,
        "Net Interest Income": NaN,
        "Interest Expense": NaN,
        "Interest Income": NaN,
        "Normalized Income": NaN,
        "Net Income From Continuing And Discontinued Operation": NaN,
        "Total Expenses": NaN,
        "Total Operating Income As Reported": NaN,
        "Diluted Average Shares": NaN,
        "Basic Average Shares": NaN,
        "Diluted EPS": NaN,
        "Basic EPS": NaN,
        "Diluted NI Availto Com Stockholders": NaN,
        "Net Income Common Stockholders": NaN,
        "Net Income": NaN,
        "Net Income Including Noncontrolling Interests": NaN,
        "Net Income Continuous Operations": NaN,
        "Tax Provision": NaN,
        "Pretax Income": NaN,
        "Other Income Expense": NaN,
        "Other Non Operating Income Expenses": NaN,
        "Special Income Charges": NaN,
        "Impairment Of Capital Assets": 0.0,
        "Restructuring And Mergern Acquisition": NaN,
        "Net Non Operating Interest Income Expense": NaN,
        "Interest Expense Non Operating": NaN,
        "Interest Income Non Operating": NaN,
        "Operating Income": NaN,
        "Operating Expense": NaN,
        "Research And Development": NaN,
        "Selling General And Administration": NaN,
        "Gross Profit": NaN,
        "Cost Of Revenue": NaN,
        "Total Revenue": NaN,
        "Operating Revenue": NaN
    },
    "2022-06-30": {
        "Tax Effect Of Unusual Items": 0.0,
        "Tax Rate For Calcs": 0.4,
        "Normalized EBITDA": -29690000.0,
        "Total Unusual Items": 0.0,
        "Total Unusual Items Excluding Goodwill": 0.0,
        "Net Income From Continuing Operation Net Minority Interest": -32158000.0,
        "Reconciled Depreciation": 2353000.0,
        "Reconciled Cost Of Revenue": 5199000.0,
        "EBITDA": -29690000.0,
        "EBIT": -32043000.0,
        "Net Interest Income": 118000.0,
        "Interest Expense": 74000.0,
        "Interest Income": 192000.0,
        "Normalized Income": -32158000.0,
        "Net Income From Continuing And Discontinued Operation": -32158000.0,
        "Total Expenses": 38749000.0,
        "Total Operating Income As Reported": -32079000.0,
        "Diluted Average Shares": 2855500.0,
        "Basic Average Shares": 2855500.0,
        "Diluted EPS": -11.3,
        "Basic EPS": -11.3,
        "Diluted NI Availto Com Stockholders": -32158000.0,
        "Net Income Common Stockholders": -32158000.0,
        "Net Income": -32158000.0,
        "Net Income Including Noncontrolling Interests": -32158000.0,
        "Net Income Continuous Operations": -32158000.0,
        "Tax Provision": 41000.0,
        "Pretax Income": -32117000.0,
        "Other Income Expense": -156000.0,
        "Other Non Operating Income Expenses": -156000.0,
        "Special Income Charges": 0.0,
        "Net Non Operating Interest Income Expense": 118000.0,
        "Interest Expense Non Operating": 74000.0,
        "Interest Income Non Operating": 192000.0,
        "Operating Income": -32079000.0,
        "Operating Expense": 33550000.0,
        "Research And Development": 11767000.0,
        "Selling General And Administration": 21783000.0,
        "Gross Profit": 1471000.0,
        "Cost Of Revenue": 5199000.0,
        "Total Revenue": 6670000.0,
        "Operating Revenue": 6670000.0
    },
    "2022-03-31": {
        "Diluted EPS": -0.11,
        "Total Revenue": 6,
        "Gross Profit": 1,
        "Operating Income": -30,
        "EBIT": -27,
        "Net Income": -30
    },
    "2021-12-31": {
        "Diluted EPS": -0.08,
        "Total Revenue": 6,
        "Gross Profit": 0,
        "Operating Income": -29,
        "EBIT": -27,
        "Net Income": -23
    },
    "2021-09-30": {
        "Diluted EPS": -0.07,
        "Total Revenue": 5,
        "Gross Profit": 1,
        "Operating Income": -21,
        "EBIT": -20,
        "Net Income": -21
    },
    "2021-06-30": {
        "Diluted EPS": -0.07,
        "Total Revenue": 4,
        "Gross Profit": 1,
        "Operating Income": -16,
        "EBIT": -16,
        "Net Income": -19
    },
    "2021-03-31": {
        "Diluted EPS": -0.04,
        "Total Revenue": 3,
        "Gross Profit": 1,
        "Operating Income": -11,
        "EBIT": -11,
        "Net Income": -10
    },
    "2020-12-31": {
        "Diluted EPS": 0.08,
        "Total Revenue": 4,
        "Gross Profit": 1,
        "Operating Income": -11,
        "EBIT": -11,
        "Net Income": -12
    },
    "2020-09-30": {
        "Diluted EPS": -0.08,
        "Total Revenue": 2,
        "Gross Profit": 1,
        "Operating Income": -10,
        "EBIT": -10,
        "Net Income": -11
    },
    "2020-06-30": {
        "Diluted EPS": -0.09,
        "Total Revenue": 1,
        "Gross Profit": 1,
        "Operating Income": -7,
        "EBIT": -7,
        "Net Income": -8
    },
    "2020-03-31": {
        "Diluted EPS": -0.3,
        "Total Revenue": 1,
        "Gross Profit": 0,
        "Operating Income": -10,
        "EBIT": -9,
        "Net Income": -11
    },
    "2019-12-31": {
        "Diluted EPS": 0.08,
        "Total Revenue": 3,
        "Gross Profit": 1,
        "Operating Income": -7,
        "EBIT": -7,
        "Net Income": -8
    },
    "2019-09-30": {
        "Diluted EPS": -0.59,
        "Total Revenue": 3,
        "Gross Profit": 1,
        "Operating Income": -6,
        "EBIT": -5,
        "Net Income": -6
    },
    "2019-06-30": {
        "Diluted EPS": -0.71,
        "Total Revenue": 2,
        "Gross Profit": 1,
        "Operating Income": -7,
        "EBIT": -7,
        "Net Income": -8
    },
    "2019-03-31": {
        "Diluted EPS": -0.77,
        "Total Revenue": 2,
        "Gross Profit": 1,
        "Operating Income": -6,
        "EBIT": -6,
        "Net Income": -8
    },
    "2018-12-31": {
        "Diluted EPS": 0.16,
        "Total Revenue": 4,
        "Gross Profit": 1,
        "Operating Income": -6,
        "EBIT": -6,
        "Net Income": -6
    },
    "2018-09-30": {
        "Diluted EPS": -0.63,
        "Total Revenue": 3,
        "Gross Profit": 0,
        "Operating Income": -6,
        "EBIT": -6,
        "Net Income": -5
    },
    "2018-06-30": {
        "Diluted EPS": -0.98,
        "Total Revenue": 3,
        "Gross Profit": 2,
        "Operating Income": -4,
        "EBIT": -4,
        "Net Income": -3
    },
    "2018-03-31": {
        "Diluted EPS": -1.16,
        "Total Revenue": 2,
        "Gross Profit": 1,
        "Operating Income": -4,
        "EBIT": -4,
        "Net Income": -4
    },
    "2017-12-31": {
        "Diluted EPS": 0.0,
        "Total Revenue": NaN,
        "Gross Profit": NaN,
        "Operating Income": NaN,
        "EBIT": NaN,
        "Net Income": NaN
    },
    "2017-09-30": {
        "Diluted EPS": -1.74,
        "Total Revenue": 3,
        "Gross Profit": 1,
        "Operating Income": -5,
        "EBIT": -5,
        "Net Income": -5
    },
    "2016-12-31": {
        "Diluted EPS": 0.0,
        "Total Revenue": NaN,
        "Gross Profit": NaN,
        "Operating Income": NaN,
        "EBIT": NaN,
        "Net Income": NaN
    },
    "2023-06-30": {
        "Tax Effect Of Unusual Items": 0.0,
        "Tax Rate For Calcs": 0.21,
        "Normalized EBITDA": -35457000.0,
        "Total Unusual Items": 0.0,
        "Total Unusual Items Excluding Goodwill": 0.0,
        "Net Income From Continuing Operation Net Minority Interest": -38912000.0,
        "Reconciled Depreciation": 3348000.0,
        "Reconciled Cost Of Revenue": 6354000.0,
        "EBITDA": -35457000.0,
        "EBIT": -38805000.0,
        "Net Interest Income": 615000.0,
        "Interest Expense": 74000.0,
        "Interest Income": 689000.0,
        "Normalized Income": -38912000.0,
        "Net Income From Continuing And Discontinued Operation": -38912000.0,
        "Total Expenses": 47900000.0,
        "Total Operating Income As Reported": -39238000.0,
        "Diluted Average Shares": 3149800.0,
        "Basic Average Shares": 3149800.0,
        "Diluted EPS": -12.4,
        "Basic EPS": -12.4,
        "Diluted NI Availto Com Stockholders": -38912000.0,
        "Net Income Common Stockholders": -38912000.0,
        "Net Income": -38912000.0,
        "Net Income Including Noncontrolling Interests": -38912000.0,
        "Net Income Continuous Operations": -38912000.0,
        "Tax Provision": 33000.0,
        "Pretax Income": -38879000.0,
        "Other Income Expense": -256000.0,
        "Other Non Operating Income Expenses": -256000.0,
        "Special Income Charges": 0.0,
        "Impairment Of Capital Assets": NaN,
        "Restructuring And Mergern Acquisition": 0.0,
        "Net Non Operating Interest Income Expense": 615000.0,
        "Interest Expense Non Operating": 74000.0,
        "Interest Income Non Operating": 689000.0,
        "Operating Income": -39238000.0,
        "Operating Expense": 41546000.0,
        "Research And Development": 14610000.0,
        "Selling General And Administration": 26936000.0,
        "Gross Profit": 2308000.0,
        "Cost Of Revenue": 6354000.0,
        "Total Revenue": 8662000.0,
        "Operating Revenue": 8662000.0
    },
    "2023-09-30": {
        "Tax Effect Of Unusual Items": -16228800.0,
        "Tax Rate For Calcs": 0.21,
        "Normalized EBITDA": -31500000.0,
        "Total Unusual Items": -77280000.0,
        "Total Unusual Items Excluding Goodwill": -77280000.0,
        "Net Income From Continuing Operation Net Minority Interest": -112566000.0,
        "Reconciled Depreciation": 3676000.0,
        "Reconciled Cost Of Revenue": 6569000.0,
        "EBITDA": -108780000.0,
        "EBIT": -112456000.0,
        "Net Interest Income": 659000.0,
        "Interest Expense": 71000.0,
        "Interest Income": 730000.0,
        "Normalized Income": -51514800.0,
        "Net Income From Continuing And Discontinued Operation": -112566000.0,
        "Total Expenses": 45250000.0,
        "Total Operating Income As Reported": -113212000.0,
        "Diluted Average Shares": 35001000.0,
        "Basic Average Shares": 35001000.0,
        "Diluted EPS": -3.22,
        "Basic EPS": -3.22,
        "Diluted NI Availto Com Stockholders": -112566000.0,
        "Net Income Common Stockholders": -112566000.0,
        "Net Income": -112566000.0,
        "Net Income Including Noncontrolling Interests": -112566000.0,
        "Net Income Continuous Operations": -112566000.0,
        "Tax Provision": 39000.0,
        "Pretax Income": -112527000.0,
        "Other Income Expense": -77254000.0,
        "Other Non Operating Income Expenses": 26000.0,
        "Special Income Charges": -77280000.0,
        "Impairment Of Capital Assets": 77280000.0,
        "Restructuring And Mergern Acquisition": NaN,
        "Net Non Operating Interest Income Expense": 659000.0,
        "Interest Expense Non Operating": 71000.0,
        "Interest Income Non Operating": 730000.0,
        "Operating Income": -35932000.0,
        "Operating Expense": 38681000.0,
        "Research And Development": 13785000.0,
        "Selling General And Administration": 24896000.0,
        "Gross Profit": 2749000.0,
        "Cost Of Revenue": 6569000.0,
        "Total Revenue": 9318000.0,
        "Operating Revenue": 9318000.0
    },
    "2023-12-31": {
        "Tax Effect Of Unusual Items": 0.0,
        "Tax Rate For Calcs": 0.00082,
        "Normalized EBITDA": -35382000.0,
        "Total Unusual Items": 0.0,
        "Total Unusual Items Excluding Goodwill": 0.0,
        "Net Income From Continuing Operation Net Minority Interest": -43891000.0,
        "Reconciled Depreciation": 3647000.0,
        "Reconciled Cost Of Revenue": 8283000.0,
        "EBITDA": -35382000.0,
        "EBIT": -39029000.0,
        "Net Interest Income": -3709000.0,
        "Interest Expense": 4898000.0,
        "Interest Income": 1189000.0,
        "Normalized Income": -43891000.0,
        "Net Income From Continuing And Discontinued Operation": -43891000.0,
        "Total Expenses": 35674000.0,
        "Total Operating Income As Reported": -24953000.0,
        "Diluted Average Shares": NaN,
        "Basic Average Shares": NaN,
        "Diluted EPS": NaN,
        "Basic EPS": NaN,
        "Diluted NI Availto Com Stockholders": -43891000.0,
        "Net Income Common Stockholders": -43891000.0,
        "Net Income": -43891000.0,
        "Net Income Including Noncontrolling Interests": -43891000.0,
        "Net Income Continuous Operations": -43891000.0,
        "Tax Provision": -36000.0,
        "Pretax Income": -43927000.0,
        "Other Income Expense": -15265000.0,
        "Other Non Operating Income Expenses": -15265000.0,
        "Special Income Charges": 0.0,
        "Impairment Of Capital Assets": 0.0,
        "Restructuring And Mergern Acquisition": NaN,
        "Net Non Operating Interest Income Expense": -3709000.0,
        "Interest Expense Non Operating": 4898000.0,
        "Interest Income Non Operating": 1189000.0,
        "Operating Income": -24953000.0,
        "Operating Expense": 27391000.0,
        "Research And Development": 11701000.0,
        "Selling General And Administration": 15690000.0,
        "Gross Profit": 2438000.0,
        "Cost Of Revenue": 8283000.0,
        "Total Revenue": 10721000.0,
        "Operating Revenue": 10721000.0
    },
    "2024-03-31": {
        "Tax Effect Of Unusual Items": -2651.908397,
        "Tax Rate For Calcs": 0.000573,
        "Normalized EBITDA": -23628000.0,
        "Total Unusual Items": -4632000.0,
        "Total Unusual Items Excluding Goodwill": -4632000.0,
        "Net Income From Continuing Operation Net Minority Interest": -31422000.0,
        "Reconciled Depreciation": 3058000.0,
        "Reconciled Cost Of Revenue": 5945000.0,
        "EBITDA": -28260000.0,
        "EBIT": -31318000.0,
        "Net Interest Income": 922000.0,
        "Interest Expense": 122000.0,
        "Interest Income": 1044000.0,
        "Normalized Income": -26792651.908397,
        "Net Income From Continuing And Discontinued Operation": -31422000.0,
        "Total Expenses": 35260000.0,
        "Total Operating Income As Reported": -31123000.0,
        "Diluted Average Shares": 52739000.0,
        "Basic Average Shares": 52739000.0,
        "Diluted EPS": -0.6,
        "Basic EPS": -0.6,
        "Diluted NI Availto Com Stockholders": -31422000.0,
        "Net Income Common Stockholders": -31422000.0,
        "Net Income": -31422000.0,
        "Net Income Including Noncontrolling Interests": -31422000.0,
        "Net Income Continuous Operations": -31422000.0,
        "Tax Provision": -18000.0,
        "Pretax Income": -31440000.0,
        "Other Income Expense": -5871000.0,
        "Other Non Operating Income Expenses": -1239000.0,
        "Special Income Charges": -4632000.0,
        "Impairment Of Capital Assets": NaN,
        "Restructuring And Mergern Acquisition": 4632000.0,
        "Net Non Operating Interest Income Expense": 922000.0,
        "Interest Expense Non Operating": 122000.0,
        "Interest Income Non Operating": 1044000.0,
        "Operating Income": -26491000.0,
        "Operating Expense": 29315000.0,
        "Research And Development": 9779000.0,
        "Selling General And Administration": 19536000.0,
        "Gross Profit": 2824000.0,
        "Cost Of Revenue": 5945000.0,
        "Total Revenue": 8769000.0,
        "Operating Revenue": 8769000.0
    },
    "2024-06-30": {
        "Tax Effect Of Unusual Items": -255150.0,
        "Tax Rate For Calcs": 0.21,
        "Normalized EBITDA": -11549000.0,
        "Total Unusual Items": -1215000.0,
        "Total Unusual Items Excluding Goodwill": -1215000.0,
        "Net Income From Continuing Operation Net Minority Interest": -16224000.0,
        "Reconciled Depreciation": 3039000.0,
        "Reconciled Cost Of Revenue": 5186000.0,
        "EBITDA": -12764000.0,
        "EBIT": -15803000.0,
        "Net Interest Income": 457000.0,
        "Interest Expense": NaN,
        "Interest Income": 457000.0,
        "Normalized Income": -15264150.0,
        "Net Income From Continuing And Discontinued Operation": -16224000.0,
        "Total Expenses": 23574000.0,
        "Total Operating Income As Reported": -17018000.0,
        "Diluted Average Shares": 6758300.0,
        "Basic Average Shares": 6758300.0,
        "Diluted EPS": -2.4,
        "Basic EPS": -2.4,
        "Diluted NI Availto Com Stockholders": -16224000.0,
        "Net Income Common Stockholders": -16224000.0,
        "Net Income": -16224000.0,
        "Net Income Including Noncontrolling Interests": -16224000.0,
        "Net Income Continuous Operations": -16224000.0,
        "Tax Provision": 26000.0,
        "Pretax Income": -16198000.0,
        "Other Income Expense": -852000.0,
        "Other Non Operating Income Expenses": 363000.0,
        "Special Income Charges": -1215000.0,
        "Impairment Of Capital Assets": NaN,
        "Restructuring And Mergern Acquisition": 1215000.0,
        "Net Non Operating Interest Income Expense": 457000.0,
        "Interest Expense Non Operating": NaN,
        "Interest Income Non Operating": 457000.0,
        "Operating Income": -15803000.0,
        "Operating Expense": 18388000.0,
        "Research And Development": 6831000.0,
        "Selling General And Administration": 11557000.0,
        "Gross Profit": 2585000.0,
        "Cost Of Revenue": 5186000.0,
        "Total Revenue": 7771000.0,
        "Operating Revenue": 7771000.0
    }
}