{
    "2023-03-31": {
        "Tax Effect Of Unusual Items": NaN,
        "Tax Rate For Calcs": NaN,
        "Normalized EBITDA": NaN,
        "Total Unusual Items": NaN,
        "Total Unusual Items Excluding Goodwill": NaN,
        "Net Income From Continuing Operation Net Minority Interest": NaN,
        "Reconciled Depreciation": NaN,
        "Reconciled Cost Of Revenue": NaN,
        "EBITDA": NaN,
        "EBIT": NaN,
        "Net Interest Income": NaN,
        "Interest Expense": NaN,
        "Interest Income": NaN,
        "Normalized Income": NaN,
        "Net Income From Continuing And Discontinued Operation": NaN,
        "Total Expenses": NaN,
        "Total Operating Income As Reported": NaN,
        "Diluted Average Shares": 30524067.0,
        "Basic Average Shares": 30524067.0,
        "Diluted EPS": -0.11,
        "Basic EPS": -0.11,
        "Diluted NI Availto Com Stockholders": NaN,
        "Net Income Common Stockholders": NaN,
        "Net Income": NaN,
        "Minority Interests": NaN,
        "Net Income Including Noncontrolling Interests": NaN,
        "Net Income Continuous Operations": NaN,
        "Tax Provision": NaN,
        "Pretax Income": NaN,
        "Other Income Expense": NaN,
        "Special Income Charges": NaN,
        "Gain On Sale Of Ppe": NaN,
        "Gain On Sale Of Business": 0.0,
        "Earnings From Equity Interest": NaN,
        "Gain On Sale Of Security": NaN,
        "Net Non Operating Interest Income Expense": NaN,
        "Interest Expense Non Operating": NaN,
        "Interest Income Non Operating": NaN,
        "Operating Income": NaN,
        "Operating Expense": NaN,
        "Other Operating Expenses": NaN,
        "Depreciation Amortization Depletion Income Statement": NaN,
        "Depreciation And Amortization In Income Statement": NaN,
        "Amortization": NaN,
        "Amortization Of Intangibles Income Statement": NaN,
        "Depreciation Income Statement": NaN,
        "Selling General And Administration": NaN,
        "General And Administrative Expense": NaN,
        "Other Gand A": NaN,
        "Salaries And Wages": NaN,
        "Gross Profit": NaN,
        "Cost Of Revenue": NaN,
        "Total Revenue": NaN,
        "Operating Revenue": NaN
    },
    "2022-12-31": {
        "Tax Effect Of Unusual Items": NaN,
        "Tax Rate For Calcs": NaN,
        "Normalized EBITDA": NaN,
        "Total Unusual Items": NaN,
        "Total Unusual Items Excluding Goodwill": NaN,
        "Net Income From Continuing Operation Net Minority Interest": NaN,
        "Reconciled Depreciation": NaN,
        "Reconciled Cost Of Revenue": NaN,
        "EBITDA": NaN,
        "EBIT": NaN,
        "Net Interest Income": NaN,
        "Interest Expense": NaN,
        "Interest Income": NaN,
        "Normalized Income": NaN,
        "Net Income From Continuing And Discontinued Operation": NaN,
        "Total Expenses": NaN,
        "Total Operating Income As Reported": NaN,
        "Diluted Average Shares": NaN,
        "Basic Average Shares": NaN,
        "Diluted EPS": NaN,
        "Basic EPS": NaN,
        "Diluted NI Availto Com Stockholders": NaN,
        "Net Income Common Stockholders": NaN,
        "Net Income": NaN,
        "Minority Interests": NaN,
        "Net Income Including Noncontrolling Interests": NaN,
        "Net Income Continuous Operations": NaN,
        "Tax Provision": NaN,
        "Pretax Income": NaN,
        "Other Income Expense": NaN,
        "Special Income Charges": NaN,
        "Gain On Sale Of Ppe": NaN,
        "Gain On Sale Of Business": 0.0,
        "Earnings From Equity Interest": NaN,
        "Gain On Sale Of Security": NaN,
        "Net Non Operating Interest Income Expense": NaN,
        "Interest Expense Non Operating": NaN,
        "Interest Income Non Operating": NaN,
        "Operating Income": NaN,
        "Operating Expense": NaN,
        "Other Operating Expenses": NaN,
        "Depreciation Amortization Depletion Income Statement": NaN,
        "Depreciation And Amortization In Income Statement": NaN,
        "Amortization": NaN,
        "Amortization Of Intangibles Income Statement": NaN,
        "Depreciation Income Statement": NaN,
        "Selling General And Administration": NaN,
        "General And Administrative Expense": NaN,
        "Other Gand A": NaN,
        "Salaries And Wages": NaN,
        "Gross Profit": NaN,
        "Cost Of Revenue": NaN,
        "Total Revenue": NaN,
        "Operating Revenue": NaN
    },
    "2022-09-30": {
        "Tax Effect Of Unusual Items": NaN,
        "Tax Rate For Calcs": NaN,
        "Normalized EBITDA": NaN,
        "Total Unusual Items": NaN,
        "Total Unusual Items Excluding Goodwill": NaN,
        "Net Income From Continuing Operation Net Minority Interest": NaN,
        "Reconciled Depreciation": NaN,
        "Reconciled Cost Of Revenue": NaN,
        "EBITDA": NaN,
        "EBIT": NaN,
        "Net Interest Income": NaN,
        "Interest Expense": NaN,
        "Interest Income": 149324.0,
        "Normalized Income": NaN,
        "Net Income From Continuing And Discontinued Operation": NaN,
        "Total Expenses": NaN,
        "Total Operating Income As Reported": NaN,
        "Diluted Average Shares": 29698361.0,
        "Basic Average Shares": 29698361.0,
        "Diluted EPS": -0.05,
        "Basic EPS": -0.05,
        "Diluted NI Availto Com Stockholders": NaN,
        "Net Income Common Stockholders": NaN,
        "Net Income": NaN,
        "Minority Interests": NaN,
        "Net Income Including Noncontrolling Interests": NaN,
        "Net Income Continuous Operations": NaN,
        "Tax Provision": NaN,
        "Pretax Income": NaN,
        "Other Income Expense": NaN,
        "Special Income Charges": NaN,
        "Gain On Sale Of Ppe": NaN,
        "Gain On Sale Of Business": NaN,
        "Earnings From Equity Interest": NaN,
        "Gain On Sale Of Security": NaN,
        "Net Non Operating Interest Income Expense": NaN,
        "Interest Expense Non Operating": NaN,
        "Interest Income Non Operating": 149324.0,
        "Operating Income": NaN,
        "Operating Expense": NaN,
        "Other Operating Expenses": NaN,
        "Depreciation Amortization Depletion Income Statement": NaN,
        "Depreciation And Amortization In Income Statement": NaN,
        "Amortization": NaN,
        "Amortization Of Intangibles Income Statement": NaN,
        "Depreciation Income Statement": NaN,
        "Selling General And Administration": NaN,
        "General And Administrative Expense": NaN,
        "Other Gand A": NaN,
        "Salaries And Wages": NaN,
        "Gross Profit": NaN,
        "Cost Of Revenue": NaN,
        "Total Revenue": NaN,
        "Operating Revenue": NaN
    },
    "2022-06-30": {
        "Tax Effect Of Unusual Items": -4641146.530548,
        "Tax Rate For Calcs": 0.273561,
        "Normalized EBITDA": 6896520.0,
        "Total Unusual Items": -16965657.0,
        "Total Unusual Items Excluding Goodwill": -16965657.0,
        "Net Income From Continuing Operation Net Minority Interest": -11496339.0,
        "Reconciled Depreciation": 5121982.0,
        "Reconciled Cost Of Revenue": 5342095.0,
        "EBITDA": -10069137.0,
        "EBIT": -15191119.0,
        "Net Interest Income": -230444.0,
        "Interest Expense": 303531.0,
        "Interest Income": 73087.0,
        "Normalized Income": 828171.469452,
        "Net Income From Continuing And Discontinued Operation": -11496339.0,
        "Total Expenses": 21579904.0,
        "Total Operating Income As Reported": -716982.0,
        "Diluted Average Shares": 29698361.0,
        "Basic Average Shares": 29698361.0,
        "Diluted EPS": -0.39,
        "Basic EPS": -0.39,
        "Diluted NI Availto Com Stockholders": -11496339.0,
        "Net Income Common Stockholders": -11496339.0,
        "Net Income": -11496339.0,
        "Minority Interests": -240425.0,
        "Net Income Including Noncontrolling Interests": -11255914.0,
        "Net Income Continuous Operations": -11255914.0,
        "Tax Provision": -4238736.0,
        "Pretax Income": -15494650.0,
        "Other Income Expense": -14579318.0,
        "Special Income Charges": -32094.0,
        "Gain On Sale Of Ppe": -32094.0,
        "Gain On Sale Of Business": 0.0,
        "Earnings From Equity Interest": 2386339.0,
        "Gain On Sale Of Security": -16933563.0,
        "Net Non Operating Interest Income Expense": -230444.0,
        "Interest Expense Non Operating": 303531.0,
        "Interest Income Non Operating": 73087.0,
        "Operating Income": -684888.0,
        "Operating Expense": 14852516.0,
        "Other Operating Expenses": 50924.0,
        "Depreciation Amortization Depletion Income Statement": 3736689.0,
        "Depreciation And Amortization In Income Statement": 3736689.0,
        "Amortization": 1723773.0,
        "Amortization Of Intangibles Income Statement": 1723773.0,
        "Depreciation Income Statement": 2012916.0,
        "Selling General And Administration": 11064903.0,
        "General And Administrative Expense": 11064903.0,
        "Other Gand A": 4492617.0,
        "Salaries And Wages": 6572286.0,
        "Gross Profit": 14167628.0,
        "Cost Of Revenue": 6727388.0,
        "Total Revenue": 20895016.0,
        "Operating Revenue": 20895016.0
    },
    "2022-03-31": {
        "Diluted EPS": 0.55,
        "Total Revenue": 16,
        "Gross Profit": 5,
        "Operating Income": -2,
        "EBIT": 2,
        "Net Income": 16
    },
    "2021-12-31": {
        "Diluted EPS": -0.67,
        "Total Revenue": 15,
        "Gross Profit": -10,
        "Operating Income": -18,
        "EBIT": -15,
        "Net Income": -14
    },
    "2021-09-30": {
        "Diluted EPS": -0.89,
        "Total Revenue": 14,
        "Gross Profit": 5,
        "Operating Income": -3,
        "EBIT": 1,
        "Net Income": -26
    },
    "2021-06-30": {
        "Diluted EPS": 0.29,
        "Total Revenue": 14,
        "Gross Profit": 5,
        "Operating Income": -1,
        "EBIT": 3,
        "Net Income": 9
    },
    "2021-03-31": {
        "Diluted EPS": 3.09,
        "Total Revenue": 13,
        "Gross Profit": 4,
        "Operating Income": -1,
        "EBIT": 2,
        "Net Income": 84
    },
    "2020-12-31": {
        "Diluted EPS": 0.78,
        "Total Revenue": 11,
        "Gross Profit": 3,
        "Operating Income": -2,
        "EBIT": 1,
        "Net Income": 18
    },
    "2020-09-30": {
        "Diluted EPS": 0.13,
        "Total Revenue": 12,
        "Gross Profit": 4,
        "Operating Income": -1,
        "EBIT": 2,
        "Net Income": 3
    },
    "2020-06-30": {
        "Diluted EPS": 0.14,
        "Total Revenue": 11,
        "Gross Profit": 3,
        "Operating Income": -1,
        "EBIT": 2,
        "Net Income": 3
    },
    "2020-03-31": {
        "Diluted EPS": -1.05,
        "Total Revenue": 11,
        "Gross Profit": 4,
        "Operating Income": -1,
        "EBIT": 2,
        "Net Income": -25
    },
    "2019-12-31": {
        "Diluted EPS": 0.17,
        "Total Revenue": 11,
        "Gross Profit": 4,
        "Operating Income": -1,
        "EBIT": 2,
        "Net Income": 4
    },
    "2019-09-30": {
        "Diluted EPS": 0.03,
        "Total Revenue": 11,
        "Gross Profit": 3,
        "Operating Income": -4,
        "EBIT": 1,
        "Net Income": 1
    },
    "2019-06-30": {
        "Diluted EPS": -0.09,
        "Total Revenue": 10,
        "Gross Profit": 3,
        "Operating Income": -3,
        "EBIT": 1,
        "Net Income": -2
    },
    "2019-03-31": {
        "Diluted EPS": -0.18,
        "Total Revenue": 9,
        "Gross Profit": 2,
        "Operating Income": -5,
        "EBIT": 0,
        "Net Income": -4
    },
    "2018-12-31": {
        "Diluted EPS": -0.16,
        "Total Revenue": 9,
        "Gross Profit": 2,
        "Operating Income": -4,
        "EBIT": 0,
        "Net Income": -4
    },
    "2018-09-30": {
        "Diluted EPS": -0.09,
        "Total Revenue": 5,
        "Gross Profit": 1,
        "Operating Income": -3,
        "EBIT": -1,
        "Net Income": -2
    },
    "2018-06-30": {
        "Diluted EPS": -0.08,
        "Total Revenue": 3,
        "Gross Profit": 0,
        "Operating Income": -3,
        "EBIT": -2,
        "Net Income": -2
    },
    "2018-03-31": {
        "Diluted EPS": -0.13,
        "Total Revenue": 3,
        "Gross Profit": 0,
        "Operating Income": -3,
        "EBIT": -2,
        "Net Income": -2
    },
    "2017-12-31": {
        "Diluted EPS": -0.15,
        "Total Revenue": 3,
        "Gross Profit": 0,
        "Operating Income": -3,
        "EBIT": -1,
        "Net Income": -2
    },
    "2017-09-30": {
        "Diluted EPS": -0.11,
        "Total Revenue": 2,
        "Gross Profit": 0,
        "Operating Income": -2,
        "EBIT": -1,
        "Net Income": -2
    },
    "2017-06-30": {
        "Diluted EPS": -0.18,
        "Total Revenue": 2,
        "Gross Profit": 0,
        "Operating Income": -1,
        "EBIT": -1,
        "Net Income": -1
    },
    "2017-03-31": {
        "Diluted EPS": -0.16,
        "Total Revenue": 2,
        "Gross Profit": 0,
        "Operating Income": -1,
        "EBIT": -1,
        "Net Income": -1
    },
    "2016-12-31": {
        "Diluted EPS": -0.12,
        "Total Revenue": 1,
        "Gross Profit": 0,
        "Operating Income": -1,
        "EBIT": -1,
        "Net Income": -1
    },
    "2016-09-30": {
        "Diluted EPS": -0.11,
        "Total Revenue": 1,
        "Gross Profit": 0,
        "Operating Income": -1,
        "EBIT": 0,
        "Net Income": -1
    },
    "2016-06-30": {
        "Diluted EPS": -0.11,
        "Total Revenue": 1,
        "Gross Profit": 0,
        "Operating Income": -1,
        "EBIT": 0,
        "Net Income": -1
    },
    "2016-03-31": {
        "Diluted EPS": -0.19,
        "Total Revenue": 1,
        "Gross Profit": 0,
        "Operating Income": -1,
        "EBIT": 0,
        "Net Income": -1
    },
    "2015-12-31": {
        "Diluted EPS": 0.16,
        "Total Revenue": 0,
        "Gross Profit": 0,
        "Operating Income": 0,
        "EBIT": 0,
        "Net Income": 0
    },
    "2015-09-30": {
        "Diluted EPS": -0.18,
        "Total Revenue": 0,
        "Gross Profit": 0,
        "Operating Income": 0,
        "EBIT": 0,
        "Net Income": 0
    },
    "2015-06-30": {
        "Diluted EPS": -0.44,
        "Total Revenue": NaN,
        "Gross Profit": NaN,
        "Operating Income": 0,
        "EBIT": 0,
        "Net Income": 0
    },
    "2015-03-31": {
        "Diluted EPS": -0.25,
        "Total Revenue": 0,
        "Gross Profit": 0,
        "Operating Income": 0,
        "EBIT": 0,
        "Net Income": 0
    },
    "2014-12-31": {
        "Diluted EPS": -0.1,
        "Total Revenue": 0,
        "Gross Profit": 0,
        "Operating Income": 0,
        "EBIT": 0,
        "Net Income": 0
    },
    "2014-09-30": {
        "Diluted EPS": -0.06,
        "Total Revenue": 0,
        "Gross Profit": 0,
        "Operating Income": 0,
        "EBIT": 0,
        "Net Income": 0
    },
    "2014-06-30": {
        "Diluted EPS": -0.07,
        "Total Revenue": 0,
        "Gross Profit": 0,
        "Operating Income": 0,
        "EBIT": 0,
        "Net Income": 0
    },
    "2014-03-31": {
        "Diluted EPS": -0.02,
        "Total Revenue": 0,
        "Gross Profit": 0,
        "Operating Income": 0,
        "EBIT": 0,
        "Net Income": 0
    },
    "2013-12-31": {
        "Diluted EPS": 0.0,
        "Total Revenue": 0,
        "Gross Profit": 0,
        "Operating Income": 0,
        "EBIT": 0,
        "Net Income": 0
    },
    "2013-09-30": {
        "Diluted EPS": -0.01,
        "Total Revenue": 0,
        "Gross Profit": 0,
        "Operating Income": 0,
        "EBIT": 0,
        "Net Income": 0
    },
    "2013-06-30": {
        "Diluted EPS": -0.01,
        "Total Revenue": NaN,
        "Gross Profit": NaN,
        "Operating Income": 0,
        "EBIT": 0,
        "Net Income": 0
    },
    "2013-03-31": {
        "Diluted EPS": -0.02,
        "Total Revenue": NaN,
        "Gross Profit": NaN,
        "Operating Income": 0,
        "EBIT": 0,
        "Net Income": 0
    },
    "2012-12-31": {
        "Diluted EPS": -0.01,
        "Total Revenue": NaN,
        "Gross Profit": NaN,
        "Operating Income": 0,
        "EBIT": 0,
        "Net Income": 0
    },
    "2012-09-30": {
        "Diluted EPS": -0.01,
        "Total Revenue": NaN,
        "Gross Profit": NaN,
        "Operating Income": 0,
        "EBIT": 0,
        "Net Income": 0
    },
    "2012-06-30": {
        "Diluted EPS": -0.02,
        "Total Revenue": NaN,
        "Gross Profit": NaN,
        "Operating Income": 0,
        "EBIT": 0,
        "Net Income": 0
    },
    "2012-03-31": {
        "Diluted EPS": -0.01,
        "Total Revenue": NaN,
        "Gross Profit": NaN,
        "Operating Income": 0,
        "EBIT": 0,
        "Net Income": 0
    },
    "2011-12-31": {
        "Diluted EPS": 0.0,
        "Total Revenue": NaN,
        "Gross Profit": NaN,
        "Operating Income": NaN,
        "EBIT": NaN,
        "Net Income": NaN
    },
    "2011-09-30": {
        "Diluted EPS": -0.01,
        "Total Revenue": NaN,
        "Gross Profit": NaN,
        "Operating Income": 0,
        "EBIT": 0,
        "Net Income": 0
    },
    "2023-06-30": {
        "Tax Effect Of Unusual Items": -477172.5,
        "Tax Rate For Calcs": 0.21,
        "Normalized EBITDA": 10587534.0,
        "Total Unusual Items": -2272250.0,
        "Total Unusual Items Excluding Goodwill": -2272250.0,
        "Net Income From Continuing Operation Net Minority Interest": 1541612.0,
        "Reconciled Depreciation": 6313578.0,
        "Reconciled Cost Of Revenue": 6367658.0,
        "EBITDA": 8315284.0,
        "EBIT": 2001706.0,
        "Net Interest Income": 274055.0,
        "Interest Expense": 287035.0,
        "Interest Income": 561090.0,
        "Normalized Income": 3336689.5,
        "Net Income From Continuing And Discontinued Operation": 1541612.0,
        "Total Expenses": 25854052.0,
        "Total Operating Income As Reported": -1642904.0,
        "Diluted Average Shares": 31281828.0,
        "Basic Average Shares": 31225719.0,
        "Diluted EPS": 0.05,
        "Basic EPS": 0.05,
        "Diluted NI Availto Com Stockholders": 1541612.0,
        "Net Income Common Stockholders": 1541612.0,
        "Net Income": 1541612.0,
        "Minority Interests": 897807.0,
        "Net Income Including Noncontrolling Interests": 643805.0,
        "Net Income Continuous Operations": 643805.0,
        "Tax Provision": 1070866.0,
        "Pretax Income": 1714671.0,
        "Other Income Expense": 3078274.0,
        "Special Income Charges": -5246.0,
        "Gain On Sale Of Ppe": -5246.0,
        "Gain On Sale Of Business": 0.0,
        "Earnings From Equity Interest": 5350524.0,
        "Gain On Sale Of Security": -2267004.0,
        "Net Non Operating Interest Income Expense": 274055.0,
        "Interest Expense Non Operating": 287035.0,
        "Interest Income Non Operating": 561090.0,
        "Operating Income": -1637658.0,
        "Operating Expense": 18016875.0,
        "Other Operating Expenses": 53823.0,
        "Depreciation Amortization Depletion Income Statement": 4844059.0,
        "Depreciation And Amortization In Income Statement": 4844059.0,
        "Amortization": 1830883.0,
        "Amortization Of Intangibles Income Statement": 1830883.0,
        "Depreciation Income Statement": 3013176.0,
        "Selling General And Administration": 13118993.0,
        "General And Administrative Expense": 13118993.0,
        "Other Gand A": 5365713.0,
        "Salaries And Wages": 7753280.0,
        "Gross Profit": 16379217.0,
        "Cost Of Revenue": 7837177.0,
        "Total Revenue": 24216394.0,
        "Operating Revenue": 24216394.0
    },
    "2023-09-30": {
        "Tax Effect Of Unusual Items": -413129.559355,
        "Tax Rate For Calcs": 0.226174,
        "Normalized EBITDA": 5269819.0,
        "Total Unusual Items": -1826603.0,
        "Total Unusual Items Excluding Goodwill": -1826603.0,
        "Net Income From Continuing Operation Net Minority Interest": -1642506.0,
        "Reconciled Depreciation": 6328897.0,
        "Reconciled Cost Of Revenue": 6648130.0,
        "EBITDA": 3443216.0,
        "EBIT": -2885681.0,
        "Net Interest Income": 790903.0,
        "Interest Expense": 287084.0,
        "Interest Income": 1077987.0,
        "Normalized Income": -229032.559355,
        "Net Income From Continuing And Discontinued Operation": -1642506.0,
        "Total Expenses": 26559196.0,
        "Total Operating Income As Reported": -1942729.0,
        "Diluted Average Shares": 31370760.0,
        "Basic Average Shares": 31370760.0,
        "Diluted EPS": -0.05,
        "Basic EPS": -0.05,
        "Diluted NI Availto Com Stockholders": -1642506.0,
        "Net Income Common Stockholders": -1642506.0,
        "Net Income": -1642506.0,
        "Minority Interests": 812663.0,
        "Net Income Including Noncontrolling Interests": -2455169.0,
        "Net Income Continuous Operations": -2455169.0,
        "Tax Provision": -717596.0,
        "Pretax Income": -3172765.0,
        "Other Income Expense": -1952573.0,
        "Special Income Charges": 68366.0,
        "Gain On Sale Of Ppe": 68366.0,
        "Gain On Sale Of Business": 0.0,
        "Earnings From Equity Interest": -125970.0,
        "Gain On Sale Of Security": -1894969.0,
        "Net Non Operating Interest Income Expense": 790903.0,
        "Interest Expense Non Operating": 287084.0,
        "Interest Income Non Operating": 1077987.0,
        "Operating Income": -2011095.0,
        "Operating Expense": 18565179.0,
        "Other Operating Expenses": 53855.0,
        "Depreciation Amortization Depletion Income Statement": 4983010.0,
        "Depreciation And Amortization In Income Statement": 4983010.0,
        "Amortization": 1877884.0,
        "Amortization Of Intangibles Income Statement": 1877884.0,
        "Depreciation Income Statement": 3105126.0,
        "Selling General And Administration": 13528314.0,
        "General And Administrative Expense": 13528314.0,
        "Other Gand A": 5447718.0,
        "Salaries And Wages": 8080596.0,
        "Gross Profit": 16554084.0,
        "Cost Of Revenue": 7994017.0,
        "Total Revenue": 24548101.0,
        "Operating Revenue": 24548101.0
    },
    "2023-12-31": {
        "Tax Effect Of Unusual Items": 1518219.36,
        "Tax Rate For Calcs": 0.21,
        "Normalized EBITDA": -2901466.0,
        "Total Unusual Items": 7229616.0,
        "Total Unusual Items Excluding Goodwill": 7229616.0,
        "Net Income From Continuing Operation Net Minority Interest": -3581961.0,
        "Reconciled Depreciation": 6640619.0,
        "Reconciled Cost Of Revenue": 6712264.0,
        "EBITDA": 4328150.0,
        "EBIT": -2312469.0,
        "Net Interest Income": 403772.0,
        "Interest Expense": 284433.0,
        "Interest Income": 688205.0,
        "Normalized Income": -9293357.64,
        "Net Income From Continuing And Discontinued Operation": -3581961.0,
        "Total Expenses": 26770505.0,
        "Total Operating Income As Reported": -2289978.0,
        "Diluted Average Shares": NaN,
        "Basic Average Shares": NaN,
        "Diluted EPS": NaN,
        "Basic EPS": NaN,
        "Diluted NI Availto Com Stockholders": -3581961.0,
        "Net Income Common Stockholders": -3581961.0,
        "Net Income": -3581961.0,
        "Minority Interests": -2665452.0,
        "Net Income Including Noncontrolling Interests": -916509.0,
        "Net Income Continuous Operations": -916509.0,
        "Tax Provision": -1680393.0,
        "Pretax Income": -2596902.0,
        "Other Income Expense": -903625.0,
        "Special Income Charges": -192929.0,
        "Gain On Sale Of Ppe": -192929.0,
        "Gain On Sale Of Business": 0.0,
        "Earnings From Equity Interest": -8133241.0,
        "Gain On Sale Of Security": 7422545.0,
        "Net Non Operating Interest Income Expense": 403772.0,
        "Interest Expense Non Operating": 284433.0,
        "Interest Income Non Operating": 688205.0,
        "Operating Income": -2097049.0,
        "Operating Expense": 18646244.0,
        "Other Operating Expenses": 55000.0,
        "Depreciation Amortization Depletion Income Statement": 5228622.0,
        "Depreciation And Amortization In Income Statement": 5228622.0,
        "Amortization": 1899145.0,
        "Amortization Of Intangibles Income Statement": 1899145.0,
        "Depreciation Income Statement": 3329477.0,
        "Selling General And Administration": 13362622.0,
        "General And Administrative Expense": 13362622.0,
        "Other Gand A": 4832106.0,
        "Salaries And Wages": 8530516.0,
        "Gross Profit": 16549195.0,
        "Cost Of Revenue": 8124261.0,
        "Total Revenue": 24673456.0,
        "Operating Revenue": 24673456.0
    },
    "2024-03-31": {
        "Tax Effect Of Unusual Items": 1700324.198796,
        "Tax Rate For Calcs": 0.223981,
        "Normalized EBITDA": -4731588.0,
        "Total Unusual Items": 7591362.0,
        "Total Unusual Items Excluding Goodwill": 7591362.0,
        "Net Income From Continuing Operation Net Minority Interest": -2808081.0,
        "Reconciled Depreciation": 6761985.0,
        "Reconciled Cost Of Revenue": 6771809.0,
        "EBITDA": 2859774.0,
        "EBIT": -3902211.0,
        "Net Interest Income": 257207.0,
        "Interest Expense": 282033.0,
        "Interest Income": 539240.0,
        "Normalized Income": -8699118.801204,
        "Net Income From Continuing And Discontinued Operation": -2808081.0,
        "Total Expenses": 27413929.0,
        "Total Operating Income As Reported": -2058281.0,
        "Diluted Average Shares": 31331597.0,
        "Basic Average Shares": 31331597.0,
        "Diluted EPS": -0.09,
        "Basic EPS": -0.09,
        "Diluted NI Availto Com Stockholders": -2808081.0,
        "Net Income Common Stockholders": -2808081.0,
        "Net Income": -2808081.0,
        "Minority Interests": 438970.0,
        "Net Income Including Noncontrolling Interests": -3247051.0,
        "Net Income Continuous Operations": -3247051.0,
        "Tax Provision": -937193.0,
        "Pretax Income": -4184244.0,
        "Other Income Expense": -2580253.0,
        "Special Income Charges": -197083.0,
        "Gain On Sale Of Ppe": -197083.0,
        "Gain On Sale Of Business": NaN,
        "Earnings From Equity Interest": -10171615.0,
        "Gain On Sale Of Security": 7788445.0,
        "Net Non Operating Interest Income Expense": 257207.0,
        "Interest Expense Non Operating": 282033.0,
        "Interest Income Non Operating": 539240.0,
        "Operating Income": -1861198.0,
        "Operating Expense": 19218262.0,
        "Other Operating Expenses": 52671.0,
        "Depreciation Amortization Depletion Income Statement": 5338127.0,
        "Depreciation And Amortization In Income Statement": 5338127.0,
        "Amortization": 1886754.0,
        "Amortization Of Intangibles Income Statement": 1886754.0,
        "Depreciation Income Statement": 3451373.0,
        "Selling General And Administration": 13827464.0,
        "General And Administrative Expense": 13827464.0,
        "Other Gand A": 5195553.0,
        "Salaries And Wages": 8631911.0,
        "Gross Profit": 17357064.0,
        "Cost Of Revenue": 8195667.0,
        "Total Revenue": 25552731.0,
        "Operating Revenue": 25552731.0
    },
    "2024-06-30": {
        "Tax Effect Of Unusual Items": -3909.787409,
        "Tax Rate For Calcs": 0.010811,
        "Normalized EBITDA": 5593735.0,
        "Total Unusual Items": -361647.0,
        "Total Unusual Items Excluding Goodwill": -361647.0,
        "Net Income From Continuing Operation Net Minority Interest": -2235219.0,
        "Reconciled Depreciation": 6902926.0,
        "Reconciled Cost Of Revenue": 7165136.0,
        "EBITDA": 5232088.0,
        "EBIT": -1670838.0,
        "Net Interest Income": -54595.0,
        "Interest Expense": 368370.0,
        "Interest Income": 313775.0,
        "Normalized Income": -1877481.787409,
        "Net Income From Continuing And Discontinued Operation": -2235219.0,
        "Total Expenses": 31668136.0,
        "Total Operating Income As Reported": -4396615.0,
        "Diluted Average Shares": 31853692.0,
        "Basic Average Shares": 31853692.0,
        "Diluted EPS": -0.07,
        "Basic EPS": -0.07,
        "Diluted NI Availto Com Stockholders": -2235219.0,
        "Net Income Common Stockholders": -2235219.0,
        "Net Income": -2235219.0,
        "Minority Interests": -218057.0,
        "Net Income Including Noncontrolling Interests": -2017162.0,
        "Net Income Continuous Operations": -2017162.0,
        "Tax Provision": -22046.0,
        "Pretax Income": -2039208.0,
        "Other Income Expense": 2595740.0,
        "Special Income Charges": 183738.0,
        "Gain On Sale Of Ppe": 183738.0,
        "Gain On Sale Of Business": NaN,
        "Earnings From Equity Interest": 2957387.0,
        "Gain On Sale Of Security": -545385.0,
        "Net Non Operating Interest Income Expense": -54595.0,
        "Interest Expense Non Operating": 368370.0,
        "Interest Income Non Operating": 313775.0,
        "Operating Income": -4580353.0,
        "Operating Expense": 23056214.0,
        "Other Operating Expenses": 56134.0,
        "Depreciation Amortization Depletion Income Statement": 5456140.0,
        "Depreciation And Amortization In Income Statement": 5456140.0,
        "Amortization": 1884074.0,
        "Amortization Of Intangibles Income Statement": 1884074.0,
        "Depreciation Income Statement": 3572066.0,
        "Selling General And Administration": 17543940.0,
        "General And Administrative Expense": 17543940.0,
        "Other Gand A": 5723003.0,
        "Salaries And Wages": 11820937.0,
        "Gross Profit": 18475861.0,
        "Cost Of Revenue": 8611922.0,
        "Total Revenue": 27087783.0,
        "Operating Revenue": 27087783.0
    }
}