{
    "2023-09-30": {
        "Tax Effect Of Unusual Items": -706860.0,
        "Tax Rate For Calcs": 0.21,
        "Normalized EBITDA": -11933000.0,
        "Total Unusual Items": -3366000.0,
        "Total Unusual Items Excluding Goodwill": -3366000.0,
        "Net Income From Continuing Operation Net Minority Interest": -32666000.0,
        "Reconciled Depreciation": 15230000.0,
        "Reconciled Cost Of Revenue": 53219000.0,
        "EBITDA": -15299000.0,
        "EBIT": -30529000.0,
        "Net Interest Income": -2074000.0,
        "Interest Expense": 2074000.0,
        "Normalized Income": -30006860.0,
        "Net Income From Continuing And Discontinued Operation": -32666000.0,
        "Total Expenses": 155984000.0,
        "Total Operating Income As Reported": -29004000.0,
        "Diluted Average Shares": 6179000.0,
        "Basic Average Shares": 6179000.0,
        "Diluted EPS": -5.29,
        "Basic EPS": -5.29,
        "Diluted NI Availto Com Stockholders": -32666000.0,
        "Net Income Common Stockholders": -32666000.0,
        "Net Income": -32666000.0,
        "Net Income Including Noncontrolling Interests": -32666000.0,
        "Net Income Continuous Operations": -32666000.0,
        "Tax Provision": 63000.0,
        "Pretax Income": -32603000.0,
        "Other Income Expense": -2795000.0,
        "Other Non Operating Income Expenses": 571000.0,
        "Special Income Charges": -4438000.0,
        "Other Special Charges": 3168000.0,
        "Impairment Of Capital Assets": 0.0,
        "Restructuring And Mergern Acquisition": 1270000.0,
        "Gain On Sale Of Security": 1072000.0,
        "Net Non Operating Interest Income Expense": -2074000.0,
        "Interest Expense Non Operating": 2074000.0,
        "Operating Income": -27734000.0,
        "Operating Expense": 102765000.0,
        "Research And Development": 18879000.0,
        "Selling General And Administration": 83886000.0,
        "Selling And Marketing Expense": 69127000.0,
        "General And Administrative Expense": 14759000.0,
        "Other Gand A": 14759000.0,
        "Gross Profit": 75031000.0,
        "Cost Of Revenue": 53219000.0,
        "Total Revenue": 128250000.0,
        "Operating Revenue": 128250000.0
    },
    "2023-06-30": {
        "Tax Effect Of Unusual Items": NaN,
        "Tax Rate For Calcs": NaN,
        "Normalized EBITDA": NaN,
        "Total Unusual Items": NaN,
        "Total Unusual Items Excluding Goodwill": NaN,
        "Net Income From Continuing Operation Net Minority Interest": NaN,
        "Reconciled Depreciation": NaN,
        "Reconciled Cost Of Revenue": NaN,
        "EBITDA": NaN,
        "EBIT": NaN,
        "Net Interest Income": NaN,
        "Interest Expense": NaN,
        "Normalized Income": NaN,
        "Net Income From Continuing And Discontinued Operation": NaN,
        "Total Expenses": NaN,
        "Total Operating Income As Reported": NaN,
        "Diluted Average Shares": 6286000.0,
        "Basic Average Shares": 6286000.0,
        "Diluted EPS": -4.1,
        "Basic EPS": -4.1,
        "Diluted NI Availto Com Stockholders": NaN,
        "Net Income Common Stockholders": NaN,
        "Net Income": NaN,
        "Net Income Including Noncontrolling Interests": NaN,
        "Net Income Continuous Operations": NaN,
        "Tax Provision": NaN,
        "Pretax Income": NaN,
        "Other Income Expense": NaN,
        "Other Non Operating Income Expenses": NaN,
        "Special Income Charges": NaN,
        "Other Special Charges": NaN,
        "Impairment Of Capital Assets": NaN,
        "Restructuring And Mergern Acquisition": NaN,
        "Gain On Sale Of Security": NaN,
        "Net Non Operating Interest Income Expense": NaN,
        "Interest Expense Non Operating": NaN,
        "Operating Income": NaN,
        "Operating Expense": NaN,
        "Research And Development": NaN,
        "Selling General And Administration": NaN,
        "Selling And Marketing Expense": NaN,
        "General And Administrative Expense": NaN,
        "Other Gand A": NaN,
        "Gross Profit": NaN,
        "Cost Of Revenue": NaN,
        "Total Revenue": NaN,
        "Operating Revenue": NaN
    },
    "2023-03-31": {
        "Tax Effect Of Unusual Items": NaN,
        "Tax Rate For Calcs": NaN,
        "Normalized EBITDA": NaN,
        "Total Unusual Items": NaN,
        "Total Unusual Items Excluding Goodwill": NaN,
        "Net Income From Continuing Operation Net Minority Interest": NaN,
        "Reconciled Depreciation": NaN,
        "Reconciled Cost Of Revenue": NaN,
        "EBITDA": NaN,
        "EBIT": NaN,
        "Net Interest Income": NaN,
        "Interest Expense": NaN,
        "Normalized Income": NaN,
        "Net Income From Continuing And Discontinued Operation": NaN,
        "Total Expenses": NaN,
        "Total Operating Income As Reported": NaN,
        "Diluted Average Shares": 6183000.0,
        "Basic Average Shares": 6183000.0,
        "Diluted EPS": -4.72,
        "Basic EPS": -4.72,
        "Diluted NI Availto Com Stockholders": NaN,
        "Net Income Common Stockholders": NaN,
        "Net Income": NaN,
        "Net Income Including Noncontrolling Interests": NaN,
        "Net Income Continuous Operations": NaN,
        "Tax Provision": NaN,
        "Pretax Income": NaN,
        "Other Income Expense": NaN,
        "Other Non Operating Income Expenses": NaN,
        "Special Income Charges": NaN,
        "Other Special Charges": NaN,
        "Impairment Of Capital Assets": NaN,
        "Restructuring And Mergern Acquisition": NaN,
        "Gain On Sale Of Security": NaN,
        "Net Non Operating Interest Income Expense": NaN,
        "Interest Expense Non Operating": NaN,
        "Operating Income": NaN,
        "Operating Expense": NaN,
        "Research And Development": NaN,
        "Selling General And Administration": NaN,
        "Selling And Marketing Expense": NaN,
        "General And Administrative Expense": NaN,
        "Other Gand A": NaN,
        "Gross Profit": NaN,
        "Cost Of Revenue": NaN,
        "Total Revenue": NaN,
        "Operating Revenue": NaN
    },
    "2022-12-31": {
        "Tax Effect Of Unusual Items": NaN,
        "Tax Rate For Calcs": NaN,
        "Normalized EBITDA": NaN,
        "Total Unusual Items": NaN,
        "Total Unusual Items Excluding Goodwill": NaN,
        "Net Income From Continuing Operation Net Minority Interest": NaN,
        "Reconciled Depreciation": NaN,
        "Reconciled Cost Of Revenue": NaN,
        "EBITDA": NaN,
        "EBIT": NaN,
        "Net Interest Income": NaN,
        "Interest Expense": NaN,
        "Normalized Income": NaN,
        "Net Income From Continuing And Discontinued Operation": NaN,
        "Total Expenses": NaN,
        "Total Operating Income As Reported": NaN,
        "Diluted Average Shares": NaN,
        "Basic Average Shares": NaN,
        "Diluted EPS": NaN,
        "Basic EPS": NaN,
        "Diluted NI Availto Com Stockholders": NaN,
        "Net Income Common Stockholders": NaN,
        "Net Income": NaN,
        "Net Income Including Noncontrolling Interests": NaN,
        "Net Income Continuous Operations": NaN,
        "Tax Provision": NaN,
        "Pretax Income": NaN,
        "Other Income Expense": NaN,
        "Other Non Operating Income Expenses": NaN,
        "Special Income Charges": NaN,
        "Other Special Charges": NaN,
        "Impairment Of Capital Assets": 18907000.0,
        "Restructuring And Mergern Acquisition": NaN,
        "Gain On Sale Of Security": NaN,
        "Net Non Operating Interest Income Expense": NaN,
        "Interest Expense Non Operating": NaN,
        "Operating Income": NaN,
        "Operating Expense": NaN,
        "Research And Development": NaN,
        "Selling General And Administration": NaN,
        "Selling And Marketing Expense": NaN,
        "General And Administrative Expense": NaN,
        "Other Gand A": NaN,
        "Gross Profit": NaN,
        "Cost Of Revenue": NaN,
        "Total Revenue": NaN,
        "Operating Revenue": NaN
    },
    "2023-12-31": {
        "Tax Effect Of Unusual Items": -43679.329043,
        "Tax Rate For Calcs": 0.000952,
        "Normalized EBITDA": 14797000.0,
        "Total Unusual Items": -45864000.0,
        "Total Unusual Items Excluding Goodwill": -45864000.0,
        "Net Income From Continuing Operation Net Minority Interest": -65039000.0,
        "Reconciled Depreciation": 31933000.0,
        "Reconciled Cost Of Revenue": 45038000.0,
        "EBITDA": -31067000.0,
        "EBIT": -63000000.0,
        "Net Interest Income": -2101000.0,
        "Interest Expense": 2101000.0,
        "Normalized Income": -19218679.329043,
        "Net Income From Continuing And Discontinued Operation": -65039000.0,
        "Total Expenses": 136342000.0,
        "Total Operating Income As Reported": -60371000.0,
        "Diluted Average Shares": NaN,
        "Basic Average Shares": NaN,
        "Diluted EPS": NaN,
        "Basic EPS": NaN,
        "Diluted NI Availto Com Stockholders": -65039000.0,
        "Net Income Common Stockholders": -65039000.0,
        "Net Income": -65039000.0,
        "Net Income Including Noncontrolling Interests": -65039000.0,
        "Net Income Continuous Operations": -65039000.0,
        "Tax Provision": -62000.0,
        "Pretax Income": -65101000.0,
        "Other Income Expense": -45668000.0,
        "Other Non Operating Income Expenses": 196000.0,
        "Special Income Charges": -47039000.0,
        "Other Special Charges": 0.0,
        "Impairment Of Capital Assets": 43092000.0,
        "Restructuring And Mergern Acquisition": -53000.0,
        "Gain On Sale Of Security": 1175000.0,
        "Net Non Operating Interest Income Expense": -2101000.0,
        "Interest Expense Non Operating": 2101000.0,
        "Operating Income": -17332000.0,
        "Operating Expense": 91304000.0,
        "Research And Development": 17782000.0,
        "Selling General And Administration": 73522000.0,
        "Selling And Marketing Expense": 59952000.0,
        "General And Administrative Expense": 13570000.0,
        "Other Gand A": 13570000.0,
        "Gross Profit": 73972000.0,
        "Cost Of Revenue": 45038000.0,
        "Total Revenue": 119010000.0,
        "Operating Revenue": 119010000.0
    },
    "2024-03-31": {
        "Tax Effect Of Unusual Items": -751170.0,
        "Tax Rate For Calcs": 0.21,
        "Normalized EBITDA": 1216000.0,
        "Total Unusual Items": -3577000.0,
        "Total Unusual Items Excluding Goodwill": -3577000.0,
        "Net Income From Continuing Operation Net Minority Interest": -14216000.0,
        "Reconciled Depreciation": 9918000.0,
        "Reconciled Cost Of Revenue": 38764000.0,
        "EBITDA": -2361000.0,
        "EBIT": -12279000.0,
        "Net Interest Income": -1875000.0,
        "Interest Expense": 1875000.0,
        "Normalized Income": -11390170.0,
        "Net Income From Continuing And Discontinued Operation": -14216000.0,
        "Total Expenses": 129225000.0,
        "Total Operating Income As Reported": -10823000.0,
        "Diluted Average Shares": 6761000.0,
        "Basic Average Shares": 6761000.0,
        "Diluted EPS": -2.1,
        "Basic EPS": -2.1,
        "Diluted NI Availto Com Stockholders": -14216000.0,
        "Net Income Common Stockholders": -14216000.0,
        "Net Income": -14216000.0,
        "Net Income Including Noncontrolling Interests": -14216000.0,
        "Net Income Continuous Operations": -14216000.0,
        "Tax Provision": 62000.0,
        "Pretax Income": -14154000.0,
        "Other Income Expense": -3100000.0,
        "Other Non Operating Income Expenses": 477000.0,
        "Special Income Charges": -2853000.0,
        "Other Special Charges": 1209000.0,
        "Impairment Of Capital Assets": NaN,
        "Restructuring And Mergern Acquisition": 1644000.0,
        "Gain On Sale Of Security": -724000.0,
        "Net Non Operating Interest Income Expense": -1875000.0,
        "Interest Expense Non Operating": 1875000.0,
        "Operating Income": -9179000.0,
        "Operating Expense": 90461000.0,
        "Research And Development": 17717000.0,
        "Selling General And Administration": 72744000.0,
        "Selling And Marketing Expense": 59261000.0,
        "General And Administrative Expense": 13483000.0,
        "Other Gand A": 13483000.0,
        "Gross Profit": 81282000.0,
        "Cost Of Revenue": 38764000.0,
        "Total Revenue": 120046000.0,
        "Operating Revenue": 120046000.0
    },
    "2022-09-30": {
        "Tax Effect Of Unusual Items": NaN,
        "Tax Rate For Calcs": NaN,
        "Normalized EBITDA": NaN,
        "Total Unusual Items": NaN,
        "Total Unusual Items Excluding Goodwill": NaN,
        "Net Income From Continuing Operation Net Minority Interest": NaN,
        "Reconciled Depreciation": NaN,
        "Reconciled Cost Of Revenue": NaN,
        "EBITDA": NaN,
        "EBIT": NaN,
        "Net Interest Income": NaN,
        "Interest Expense": NaN,
        "Normalized Income": NaN,
        "Net Income From Continuing And Discontinued Operation": NaN,
        "Total Expenses": NaN,
        "Total Operating Income As Reported": NaN,
        "Diluted Average Shares": NaN,
        "Basic Average Shares": NaN,
        "Diluted EPS": NaN,
        "Basic EPS": NaN,
        "Diluted NI Availto Com Stockholders": NaN,
        "Net Income Common Stockholders": NaN,
        "Net Income": NaN,
        "Net Income Including Noncontrolling Interests": NaN,
        "Net Income Continuous Operations": NaN,
        "Tax Provision": NaN,
        "Pretax Income": NaN,
        "Other Income Expense": NaN,
        "Other Non Operating Income Expenses": NaN,
        "Special Income Charges": NaN,
        "Other Special Charges": NaN,
        "Impairment Of Capital Assets": 1000000.0,
        "Restructuring And Mergern Acquisition": NaN,
        "Gain On Sale Of Security": NaN,
        "Net Non Operating Interest Income Expense": NaN,
        "Interest Expense Non Operating": NaN,
        "Operating Income": NaN,
        "Operating Expense": NaN,
        "Research And Development": NaN,
        "Selling General And Administration": NaN,
        "Selling And Marketing Expense": NaN,
        "General And Administrative Expense": NaN,
        "Other Gand A": NaN,
        "Gross Profit": NaN,
        "Cost Of Revenue": NaN,
        "Total Revenue": NaN,
        "Operating Revenue": NaN
    },
    "2024-06-30": {
        "Tax Effect Of Unusual Items": -15120.0,
        "Tax Rate For Calcs": 0.21,
        "Normalized EBITDA": 449000.0,
        "Total Unusual Items": -72000.0,
        "Total Unusual Items Excluding Goodwill": -72000.0,
        "Net Income From Continuing Operation Net Minority Interest": -10865000.0,
        "Reconciled Depreciation": 9523000.0,
        "Reconciled Cost Of Revenue": 33807000.0,
        "EBITDA": 377000.0,
        "EBIT": -9146000.0,
        "Net Interest Income": -1652000.0,
        "Interest Expense": 1652000.0,
        "Normalized Income": -10808120.0,
        "Net Income From Continuing And Discontinued Operation": -10865000.0,
        "Total Expenses": 119665000.0,
        "Total Operating Income As Reported": -9482000.0,
        "Diluted Average Shares": 6813000.0,
        "Basic Average Shares": 6813000.0,
        "Diluted EPS": -1.59,
        "Basic EPS": -1.59,
        "Diluted NI Availto Com Stockholders": -10865000.0,
        "Net Income Common Stockholders": -10865000.0,
        "Net Income": -10865000.0,
        "Net Income Including Noncontrolling Interests": -10865000.0,
        "Net Income Continuous Operations": -10865000.0,
        "Tax Provision": 67000.0,
        "Pretax Income": -10798000.0,
        "Other Income Expense": 336000.0,
        "Other Non Operating Income Expenses": 408000.0,
        "Special Income Charges": -719000.0,
        "Other Special Charges": 719000.0,
        "Impairment Of Capital Assets": NaN,
        "Restructuring And Mergern Acquisition": 0.0,
        "Gain On Sale Of Security": 647000.0,
        "Net Non Operating Interest Income Expense": -1652000.0,
        "Interest Expense Non Operating": 1652000.0,
        "Operating Income": -9482000.0,
        "Operating Expense": 85858000.0,
        "Research And Development": 17162000.0,
        "Selling General And Administration": 68696000.0,
        "Selling And Marketing Expense": 56308000.0,
        "General And Administrative Expense": 12388000.0,
        "Other Gand A": 12388000.0,
        "Gross Profit": 76376000.0,
        "Cost Of Revenue": 33807000.0,
        "Total Revenue": 110183000.0,
        "Operating Revenue": 110183000.0
    },
    "2024-09-30": {
        "Tax Effect Of Unusual Items": -772170.0,
        "Tax Rate For Calcs": 0.21,
        "Normalized EBITDA": 5275000.0,
        "Total Unusual Items": -3677000.0,
        "Total Unusual Items Excluding Goodwill": -3677000.0,
        "Net Income From Continuing Operation Net Minority Interest": -12003000.0,
        "Reconciled Depreciation": 11840000.0,
        "Reconciled Cost Of Revenue": 33382000.0,
        "EBITDA": 1598000.0,
        "EBIT": -10242000.0,
        "Net Interest Income": -1646000.0,
        "Interest Expense": 1646000.0,
        "Normalized Income": -9098170.0,
        "Net Income From Continuing And Discontinued Operation": -12003000.0,
        "Total Expenses": 110116000.0,
        "Total Operating Income As Reported": -13010000.0,
        "Diluted Average Shares": 6841000.0,
        "Basic Average Shares": 6841000.0,
        "Diluted EPS": -1.75,
        "Basic EPS": -1.75,
        "Diluted NI Availto Com Stockholders": -12003000.0,
        "Net Income Common Stockholders": -12003000.0,
        "Net Income": -12003000.0,
        "Net Income Including Noncontrolling Interests": -12003000.0,
        "Net Income Continuous Operations": -12003000.0,
        "Tax Provision": 115000.0,
        "Pretax Income": -11888000.0,
        "Other Income Expense": -2319000.0,
        "Other Non Operating Income Expenses": 1358000.0,
        "Special Income Charges": -5087000.0,
        "Other Special Charges": NaN,
        "Impairment Of Capital Assets": NaN,
        "Restructuring And Mergern Acquisition": 5087000.0,
        "Gain On Sale Of Security": 1410000.0,
        "Net Non Operating Interest Income Expense": -1646000.0,
        "Interest Expense Non Operating": 1646000.0,
        "Operating Income": -7923000.0,
        "Operating Expense": 76734000.0,
        "Research And Development": 19382000.0,
        "Selling General And Administration": 57352000.0,
        "Selling And Marketing Expense": 45592000.0,
        "General And Administrative Expense": 11760000.0,
        "Other Gand A": 11760000.0,
        "Gross Profit": 68811000.0,
        "Cost Of Revenue": 33382000.0,
        "Total Revenue": 102193000.0,
        "Operating Revenue": 102193000.0
    }
}