{
    "2023-03-31": {
        "Tax Effect Of Unusual Items": 0.0,
        "Tax Rate For Calcs": 0.0,
        "Normalized EBITDA": 902000.0,
        "Total Unusual Items": NaN,
        "Total Unusual Items Excluding Goodwill": NaN,
        "Net Income From Continuing Operation Net Minority Interest": 656000.0,
        "Reconciled Cost Of Revenue": 9477000.0,
        "EBITDA": 902000.0,
        "EBIT": 902000.0,
        "Net Interest Income": -246000.0,
        "Interest Expense": 246000.0,
        "Normalized Income": 656000.0,
        "Net Income From Continuing And Discontinued Operation": 656000.0,
        "Total Expenses": 11239000.0,
        "Total Operating Income As Reported": 902000.0,
        "Diluted Average Shares": 5712000.0,
        "Basic Average Shares": 5702000.0,
        "Diluted EPS": 0.11,
        "Basic EPS": 0.12,
        "Diluted NI Availto Com Stockholders": 656000.0,
        "Net Income Common Stockholders": 656000.0,
        "Net Income": 656000.0,
        "Net Income Including Noncontrolling Interests": 656000.0,
        "Net Income Continuous Operations": 656000.0,
        "Tax Provision": 0.0,
        "Pretax Income": 656000.0,
        "Special Income Charges": NaN,
        "Restructuring And Mergern Acquisition": NaN,
        "Net Non Operating Interest Income Expense": -246000.0,
        "Interest Expense Non Operating": 246000.0,
        "Operating Income": 902000.0,
        "Operating Expense": 1762000.0,
        "Research And Development": 41000.0,
        "Selling General And Administration": 1721000.0,
        "Selling And Marketing Expense": 1246000.0,
        "General And Administrative Expense": 475000.0,
        "Other Gand A": 475000.0,
        "Gross Profit": 2664000.0,
        "Cost Of Revenue": 9477000.0,
        "Total Revenue": 12141000.0,
        "Operating Revenue": 12141000.0
    },
    "2022-12-31": {
        "Tax Effect Of Unusual Items": 0.0,
        "Tax Rate For Calcs": 0.011173,
        "Normalized EBITDA": 311000.0,
        "Total Unusual Items": NaN,
        "Total Unusual Items Excluding Goodwill": NaN,
        "Net Income From Continuing Operation Net Minority Interest": 531000.0,
        "Reconciled Cost Of Revenue": 8738000.0,
        "EBITDA": 311000.0,
        "EBIT": 311000.0,
        "Net Interest Income": 226000.0,
        "Interest Expense": -226000.0,
        "Normalized Income": 531000.0,
        "Net Income From Continuing And Discontinued Operation": 531000.0,
        "Total Expenses": 10634000.0,
        "Total Operating Income As Reported": 694000.0,
        "Diluted Average Shares": 5703000.0,
        "Basic Average Shares": 5702000.0,
        "Diluted EPS": 0.09,
        "Basic EPS": 0.09,
        "Diluted NI Availto Com Stockholders": 531000.0,
        "Net Income Common Stockholders": 531000.0,
        "Net Income": 531000.0,
        "Net Income Including Noncontrolling Interests": 531000.0,
        "Net Income Continuous Operations": 531000.0,
        "Tax Provision": 6000.0,
        "Pretax Income": 537000.0,
        "Other Income Expense": -383000.0,
        "Special Income Charges": NaN,
        "Restructuring And Mergern Acquisition": NaN,
        "Net Non Operating Interest Income Expense": 226000.0,
        "Interest Expense Non Operating": -226000.0,
        "Operating Income": 694000.0,
        "Operating Expense": 1896000.0,
        "Research And Development": 38000.0,
        "Selling General And Administration": 1939000.0,
        "Selling And Marketing Expense": 1325000.0,
        "General And Administrative Expense": 614000.0,
        "Other Gand A": 614000.0,
        "Gross Profit": 2590000.0,
        "Cost Of Revenue": 8738000.0,
        "Total Revenue": 11328000.0,
        "Operating Revenue": 11328000.0
    },
    "2022-09-30": {
        "Tax Effect Of Unusual Items": 0.0,
        "Tax Rate For Calcs": 0.0,
        "Normalized EBITDA": 277000.0,
        "Total Unusual Items": NaN,
        "Total Unusual Items Excluding Goodwill": NaN,
        "Net Income From Continuing Operation Net Minority Interest": 274000.0,
        "Reconciled Cost Of Revenue": 7046000.0,
        "EBITDA": 277000.0,
        "EBIT": 277000.0,
        "Net Interest Income": -3000.0,
        "Interest Expense": 3000.0,
        "Normalized Income": 274000.0,
        "Net Income From Continuing And Discontinued Operation": 274000.0,
        "Total Expenses": 8810000.0,
        "Total Operating Income As Reported": 235000.0,
        "Diluted Average Shares": 5729000.0,
        "Basic Average Shares": 5702000.0,
        "Diluted EPS": 0.05,
        "Basic EPS": 0.05,
        "Diluted NI Availto Com Stockholders": 274000.0,
        "Net Income Common Stockholders": 274000.0,
        "Net Income": 274000.0,
        "Net Income Including Noncontrolling Interests": 274000.0,
        "Net Income Continuous Operations": 274000.0,
        "Tax Provision": 0.0,
        "Pretax Income": 274000.0,
        "Other Income Expense": 42000.0,
        "Other Non Operating Income Expenses": 42000.0,
        "Special Income Charges": NaN,
        "Restructuring And Mergern Acquisition": NaN,
        "Net Non Operating Interest Income Expense": -3000.0,
        "Total Other Finance Cost": NaN,
        "Interest Expense Non Operating": 3000.0,
        "Operating Income": 235000.0,
        "Operating Expense": 1764000.0,
        "Other Operating Expenses": NaN,
        "Research And Development": 40000.0,
        "Selling General And Administration": 1724000.0,
        "Selling And Marketing Expense": 1215000.0,
        "General And Administrative Expense": 509000.0,
        "Other Gand A": 509000.0,
        "Gross Profit": 1999000.0,
        "Cost Of Revenue": 7046000.0,
        "Total Revenue": 9045000.0,
        "Operating Revenue": 9045000.0
    },
    "2022-06-30": {
        "Tax Effect Of Unusual Items": 0.0,
        "Tax Rate For Calcs": 0.0,
        "Normalized EBITDA": 536000.0,
        "Total Unusual Items": 0.0,
        "Total Unusual Items Excluding Goodwill": 0.0,
        "Net Income From Continuing Operation Net Minority Interest": 158000.0,
        "Reconciled Cost Of Revenue": 8130000.0,
        "EBITDA": 536000.0,
        "EBIT": 536000.0,
        "Net Interest Income": -378000.0,
        "Interest Expense": 378000.0,
        "Normalized Income": 158000.0,
        "Net Income From Continuing And Discontinued Operation": 158000.0,
        "Total Expenses": 9872000.0,
        "Total Operating Income As Reported": 536000.0,
        "Diluted Average Shares": 5570000.0,
        "Basic Average Shares": 5538000.0,
        "Diluted EPS": 0.03,
        "Basic EPS": 0.03,
        "Diluted NI Availto Com Stockholders": 158000.0,
        "Net Income Common Stockholders": 158000.0,
        "Net Income": 158000.0,
        "Net Income Including Noncontrolling Interests": 158000.0,
        "Net Income Continuous Operations": 158000.0,
        "Tax Provision": 0.0,
        "Pretax Income": 158000.0,
        "Other Income Expense": NaN,
        "Other Non Operating Income Expenses": NaN,
        "Special Income Charges": 0.0,
        "Restructuring And Mergern Acquisition": 0.0,
        "Net Non Operating Interest Income Expense": -378000.0,
        "Total Other Finance Cost": 378000.0,
        "Interest Expense Non Operating": 378000.0,
        "Operating Income": 477000.0,
        "Operating Expense": 1742000.0,
        "Other Operating Expenses": NaN,
        "Research And Development": 36000.0,
        "Selling General And Administration": 1706000.0,
        "Selling And Marketing Expense": 1234000.0,
        "General And Administrative Expense": 472000.0,
        "Other Gand A": 472000.0,
        "Gross Profit": 2219000.0,
        "Cost Of Revenue": 8130000.0,
        "Total Revenue": 10349000.0,
        "Operating Revenue": 10349000.0
    },
    "2022-03-31": {
        "Diluted EPS": 0.06,
        "Total Revenue": 11,
        "Gross Profit": 2,
        "Operating Income": 0,
        "EBIT": 0,
        "Net Income": 0
    },
    "2021-12-31": {
        "Diluted EPS": 0.01,
        "Total Revenue": 9,
        "Gross Profit": 2,
        "Operating Income": 0,
        "EBIT": 0,
        "Net Income": 0
    },
    "2021-09-30": {
        "Diluted EPS": 0.02,
        "Total Revenue": 8,
        "Gross Profit": 2,
        "Operating Income": 0,
        "EBIT": 0,
        "Net Income": 0
    },
    "2021-06-30": {
        "Diluted EPS": 0.03,
        "Total Revenue": 9,
        "Gross Profit": 2,
        "Operating Income": 0,
        "EBIT": 0,
        "Net Income": 0
    },
    "2021-03-31": {
        "Diluted EPS": 0.02,
        "Total Revenue": 7,
        "Gross Profit": 2,
        "Operating Income": 0,
        "EBIT": 0,
        "Net Income": 0
    },
    "2020-12-31": {
        "Diluted EPS": 0.07,
        "Total Revenue": 10,
        "Gross Profit": 2,
        "Operating Income": 0,
        "EBIT": 0,
        "Net Income": 0
    },
    "2020-09-30": {
        "Diluted EPS": 0.04,
        "Total Revenue": 8,
        "Gross Profit": 2,
        "Operating Income": 0,
        "EBIT": 0,
        "Net Income": 0
    },
    "2020-06-30": {
        "Diluted EPS": -0.34,
        "Total Revenue": 7,
        "Gross Profit": 1,
        "Operating Income": -1,
        "EBIT": -1,
        "Net Income": -1
    },
    "2020-03-31": {
        "Diluted EPS": 0.01,
        "Total Revenue": 7,
        "Gross Profit": 2,
        "Operating Income": 0,
        "EBIT": 0,
        "Net Income": 0
    },
    "2019-12-31": {
        "Diluted EPS": -0.1,
        "Total Revenue": 9,
        "Gross Profit": 2,
        "Operating Income": 0,
        "EBIT": 0,
        "Net Income": 0
    },
    "2019-09-30": {
        "Diluted EPS": -0.18,
        "Total Revenue": 8,
        "Gross Profit": 1,
        "Operating Income": -1,
        "EBIT": -1,
        "Net Income": -1
    },
    "2019-06-30": {
        "Diluted EPS": 0.01,
        "Total Revenue": 9,
        "Gross Profit": 2,
        "Operating Income": 0,
        "EBIT": 0,
        "Net Income": 0
    },
    "2019-03-31": {
        "Diluted EPS": 0.04,
        "Total Revenue": 8,
        "Gross Profit": 2,
        "Operating Income": 0,
        "EBIT": 0,
        "Net Income": 0
    },
    "2018-12-31": {
        "Diluted EPS": 0.11,
        "Total Revenue": 9,
        "Gross Profit": 2,
        "Operating Income": 0,
        "EBIT": 0,
        "Net Income": 0
    },
    "2018-09-30": {
        "Diluted EPS": 0.06,
        "Total Revenue": 8,
        "Gross Profit": 2,
        "Operating Income": 0,
        "EBIT": 0,
        "Net Income": 0
    },
    "2018-06-30": {
        "Diluted EPS": 0.05,
        "Total Revenue": 8,
        "Gross Profit": 2,
        "Operating Income": 0,
        "EBIT": 0,
        "Net Income": 0
    },
    "2018-03-31": {
        "Diluted EPS": 0.06,
        "Total Revenue": 8,
        "Gross Profit": 2,
        "Operating Income": 0,
        "EBIT": 0,
        "Net Income": 0
    },
    "2017-12-31": {
        "Diluted EPS": 0.1,
        "Total Revenue": 8,
        "Gross Profit": 2,
        "Operating Income": 0,
        "EBIT": 0,
        "Net Income": 0
    },
    "2017-09-30": {
        "Diluted EPS": 0.04,
        "Total Revenue": 7,
        "Gross Profit": 1,
        "Operating Income": 0,
        "EBIT": 0,
        "Net Income": 0
    },
    "2017-06-30": {
        "Diluted EPS": 0.05,
        "Total Revenue": 7,
        "Gross Profit": 1,
        "Operating Income": 0,
        "EBIT": 0,
        "Net Income": 0
    },
    "2017-03-31": {
        "Diluted EPS": 0.05,
        "Total Revenue": 7,
        "Gross Profit": 1,
        "Operating Income": 0,
        "EBIT": 0,
        "Net Income": 0
    },
    "2016-12-31": {
        "Diluted EPS": 0.08,
        "Total Revenue": 7,
        "Gross Profit": 1,
        "Operating Income": 0,
        "EBIT": 0,
        "Net Income": 0
    },
    "2016-09-30": {
        "Diluted EPS": -0.08,
        "Total Revenue": 6,
        "Gross Profit": 1,
        "Operating Income": 0,
        "EBIT": 0,
        "Net Income": 0
    },
    "2016-06-30": {
        "Diluted EPS": 0.05,
        "Total Revenue": 6,
        "Gross Profit": 1,
        "Operating Income": 0,
        "EBIT": 0,
        "Net Income": 0
    },
    "2016-03-31": {
        "Diluted EPS": 0.09,
        "Total Revenue": 8,
        "Gross Profit": 2,
        "Operating Income": 0,
        "EBIT": 0,
        "Net Income": 0
    },
    "2015-12-31": {
        "Diluted EPS": 0.1,
        "Total Revenue": 7,
        "Gross Profit": 2,
        "Operating Income": 0,
        "EBIT": 0,
        "Net Income": 0
    },
    "2015-09-30": {
        "Diluted EPS": 0.06,
        "Total Revenue": 6,
        "Gross Profit": 1,
        "Operating Income": 0,
        "EBIT": 0,
        "Net Income": 0
    },
    "2015-06-30": {
        "Diluted EPS": 0.02,
        "Total Revenue": 6,
        "Gross Profit": 1,
        "Operating Income": 0,
        "EBIT": 0,
        "Net Income": 0
    },
    "2015-03-31": {
        "Diluted EPS": -0.01,
        "Total Revenue": 6,
        "Gross Profit": 1,
        "Operating Income": 0,
        "EBIT": 0,
        "Net Income": 0
    },
    "2014-12-31": {
        "Diluted EPS": -0.26,
        "Total Revenue": 7,
        "Gross Profit": 1,
        "Operating Income": 0,
        "EBIT": 0,
        "Net Income": 0
    },
    "2014-09-30": {
        "Diluted EPS": 0.01,
        "Total Revenue": 7,
        "Gross Profit": 1,
        "Operating Income": 0,
        "EBIT": 0,
        "Net Income": 0
    },
    "2014-06-30": {
        "Diluted EPS": -0.06,
        "Total Revenue": 7,
        "Gross Profit": 1,
        "Operating Income": 0,
        "EBIT": 0,
        "Net Income": 0
    },
    "2014-03-31": {
        "Diluted EPS": 0.01,
        "Total Revenue": 7,
        "Gross Profit": 1,
        "Operating Income": 0,
        "EBIT": 0,
        "Net Income": 0
    },
    "2013-12-31": {
        "Diluted EPS": 0.0,
        "Total Revenue": 7,
        "Gross Profit": 1,
        "Operating Income": 0,
        "EBIT": 0,
        "Net Income": NaN
    },
    "2013-09-30": {
        "Diluted EPS": 0.19,
        "Total Revenue": 6,
        "Gross Profit": 1,
        "Operating Income": 0,
        "EBIT": 0,
        "Net Income": 0
    },
    "2013-06-30": {
        "Diluted EPS": -0.05,
        "Total Revenue": 7,
        "Gross Profit": 1,
        "Operating Income": 0,
        "EBIT": 0,
        "Net Income": 0
    },
    "2013-03-31": {
        "Diluted EPS": -0.18,
        "Total Revenue": 6,
        "Gross Profit": 1,
        "Operating Income": 0,
        "EBIT": 0,
        "Net Income": 0
    },
    "2012-12-31": {
        "Diluted EPS": 0.03,
        "Total Revenue": 6,
        "Gross Profit": 1,
        "Operating Income": 0,
        "EBIT": 0,
        "Net Income": 0
    },
    "2012-09-30": {
        "Diluted EPS": -0.04,
        "Total Revenue": 5,
        "Gross Profit": 1,
        "Operating Income": 0,
        "EBIT": 0,
        "Net Income": 0
    },
    "2012-06-30": {
        "Diluted EPS": -0.2,
        "Total Revenue": 6,
        "Gross Profit": 1,
        "Operating Income": 0,
        "EBIT": 0,
        "Net Income": 0
    },
    "2012-03-31": {
        "Diluted EPS": -0.28,
        "Total Revenue": 7,
        "Gross Profit": 1,
        "Operating Income": 0,
        "EBIT": 0,
        "Net Income": 0
    },
    "2011-12-31": {
        "Diluted EPS": -2.92,
        "Total Revenue": 8,
        "Gross Profit": 1,
        "Operating Income": -1,
        "EBIT": -1,
        "Net Income": -2
    },
    "2011-09-30": {
        "Diluted EPS": -1.2,
        "Total Revenue": 8,
        "Gross Profit": 1,
        "Operating Income": 0,
        "EBIT": 0,
        "Net Income": -1
    },
    "2011-06-30": {
        "Diluted EPS": -0.48,
        "Total Revenue": 8,
        "Gross Profit": 2,
        "Operating Income": 0,
        "EBIT": 0,
        "Net Income": 0
    },
    "2011-03-31": {
        "Diluted EPS": 0.04,
        "Total Revenue": 9,
        "Gross Profit": 2,
        "Operating Income": 0,
        "EBIT": 0,
        "Net Income": 0
    },
    "2010-12-31": {
        "Diluted EPS": -0.98,
        "Total Revenue": 8,
        "Gross Profit": 2,
        "Operating Income": 0,
        "EBIT": 0,
        "Net Income": -1
    },
    "2010-09-30": {
        "Diluted EPS": 0.02,
        "Total Revenue": 7,
        "Gross Profit": 2,
        "Operating Income": 0,
        "EBIT": 0,
        "Net Income": 0
    },
    "2010-06-30": {
        "Diluted EPS": 0.16,
        "Total Revenue": 8,
        "Gross Profit": 2,
        "Operating Income": 0,
        "EBIT": 0,
        "Net Income": 0
    },
    "2010-03-31": {
        "Diluted EPS": -0.16,
        "Total Revenue": 7,
        "Gross Profit": 2,
        "Operating Income": 0,
        "EBIT": 0,
        "Net Income": 0
    },
    "2009-12-31": {
        "Diluted EPS": -4.8,
        "Total Revenue": 0,
        "Gross Profit": -1,
        "Operating Income": 0,
        "EBIT": 0,
        "Net Income": -3
    },
    "2009-09-30": {
        "Diluted EPS": -4.2,
        "Total Revenue": 8,
        "Gross Profit": 0,
        "Operating Income": -3,
        "EBIT": -3,
        "Net Income": -3
    },
    "2009-06-30": {
        "Diluted EPS": -3.8,
        "Total Revenue": 8,
        "Gross Profit": 2,
        "Operating Income": -2,
        "EBIT": -2,
        "Net Income": -2
    },
    "2009-03-31": {
        "Diluted EPS": -1.2,
        "Total Revenue": 9,
        "Gross Profit": 2,
        "Operating Income": 0,
        "EBIT": 0,
        "Net Income": -1
    },
    "2023-06-30": {
        "Tax Effect Of Unusual Items": 0.0,
        "Tax Rate For Calcs": 0.0,
        "Normalized EBITDA": 707000.0,
        "Total Unusual Items": 0.0,
        "Total Unusual Items Excluding Goodwill": 0.0,
        "Net Income From Continuing Operation Net Minority Interest": 610000.0,
        "Reconciled Cost Of Revenue": 8932000.0,
        "EBITDA": 707000.0,
        "EBIT": 707000.0,
        "Net Interest Income": -97000.0,
        "Interest Expense": 97000.0,
        "Normalized Income": 610000.0,
        "Net Income From Continuing And Discontinued Operation": 610000.0,
        "Total Expenses": 10630000.0,
        "Total Operating Income As Reported": 707000.0,
        "Diluted Average Shares": NaN,
        "Basic Average Shares": NaN,
        "Diluted EPS": NaN,
        "Basic EPS": NaN,
        "Diluted NI Availto Com Stockholders": 610000.0,
        "Net Income Common Stockholders": 610000.0,
        "Net Income": 610000.0,
        "Net Income Including Noncontrolling Interests": 610000.0,
        "Net Income Continuous Operations": 610000.0,
        "Tax Provision": 0.0,
        "Pretax Income": 610000.0,
        "Special Income Charges": 0.0,
        "Restructuring And Mergern Acquisition": 0.0,
        "Net Non Operating Interest Income Expense": -97000.0,
        "Interest Expense Non Operating": 97000.0,
        "Operating Income": 707000.0,
        "Operating Expense": 1698000.0,
        "Research And Development": 37000.0,
        "Selling General And Administration": 1661000.0,
        "Selling And Marketing Expense": 1224000.0,
        "General And Administrative Expense": 437000.0,
        "Other Gand A": 437000.0,
        "Gross Profit": 2405000.0,
        "Cost Of Revenue": 8932000.0,
        "Total Revenue": 11337000.0,
        "Operating Revenue": 11337000.0
    },
    "2023-09-30": {
        "Tax Effect Of Unusual Items": 0.0,
        "Tax Rate For Calcs": 0.0,
        "Normalized EBITDA": 441000.0,
        "Total Unusual Items": NaN,
        "Total Unusual Items Excluding Goodwill": NaN,
        "Net Income From Continuing Operation Net Minority Interest": 313000.0,
        "Reconciled Cost Of Revenue": 7765000.0,
        "EBITDA": 441000.0,
        "EBIT": 441000.0,
        "Net Interest Income": -128000.0,
        "Interest Expense": 128000.0,
        "Normalized Income": 313000.0,
        "Net Income From Continuing And Discontinued Operation": 313000.0,
        "Total Expenses": 9374000.0,
        "Total Operating Income As Reported": 441000.0,
        "Diluted Average Shares": 6086000.0,
        "Basic Average Shares": 5747000.0,
        "Diluted EPS": 0.05,
        "Basic EPS": 0.05,
        "Diluted NI Availto Com Stockholders": 313000.0,
        "Net Income Common Stockholders": 313000.0,
        "Net Income": 313000.0,
        "Net Income Including Noncontrolling Interests": 313000.0,
        "Net Income Continuous Operations": 313000.0,
        "Tax Provision": 0.0,
        "Pretax Income": 313000.0,
        "Special Income Charges": NaN,
        "Restructuring And Mergern Acquisition": NaN,
        "Net Non Operating Interest Income Expense": -128000.0,
        "Interest Expense Non Operating": 128000.0,
        "Operating Income": 441000.0,
        "Operating Expense": 1609000.0,
        "Research And Development": 36000.0,
        "Selling General And Administration": 1573000.0,
        "Selling And Marketing Expense": 1143000.0,
        "General And Administrative Expense": 430000.0,
        "Other Gand A": 430000.0,
        "Gross Profit": 2050000.0,
        "Cost Of Revenue": 7765000.0,
        "Total Revenue": 9815000.0,
        "Operating Revenue": 9815000.0
    }
}