{
    "2023-03-31": {
        "Tax Effect Of Unusual Items": NaN,
        "Tax Rate For Calcs": NaN,
        "Normalized EBITDA": NaN,
        "Total Unusual Items": NaN,
        "Total Unusual Items Excluding Goodwill": NaN,
        "Net Income From Continuing Operation Net Minority Interest": NaN,
        "Reconciled Depreciation": NaN,
        "Reconciled Cost Of Revenue": NaN,
        "EBITDA": NaN,
        "EBIT": NaN,
        "Net Interest Income": NaN,
        "Interest Expense": NaN,
        "Normalized Income": NaN,
        "Net Income From Continuing And Discontinued Operation": NaN,
        "Total Expenses": NaN,
        "Total Operating Income As Reported": NaN,
        "Diluted Average Shares": 165698500.0,
        "Basic Average Shares": 165698500.0,
        "Diluted EPS": -0.22,
        "Basic EPS": -0.22,
        "Diluted NI Availto Com Stockholders": NaN,
        "Net Income Common Stockholders": NaN,
        "Otherunder Preferred Stock Dividend": 0.0,
        "Preferred Stock Dividends": NaN,
        "Net Income": NaN,
        "Net Income Including Noncontrolling Interests": NaN,
        "Net Income Continuous Operations": NaN,
        "Tax Provision": NaN,
        "Pretax Income": NaN,
        "Other Income Expense": NaN,
        "Other Non Operating Income Expenses": NaN,
        "Special Income Charges": NaN,
        "Gain On Sale Of Ppe": NaN,
        "Other Special Charges": 87222000.0,
        "Impairment Of Capital Assets": NaN,
        "Restructuring And Mergern Acquisition": NaN,
        "Gain On Sale Of Security": -87222000.0,
        "Net Non Operating Interest Income Expense": NaN,
        "Interest Expense Non Operating": NaN,
        "Operating Income": NaN,
        "Operating Expense": NaN,
        "Other Operating Expenses": NaN,
        "Selling General And Administration": NaN,
        "Gross Profit": NaN,
        "Cost Of Revenue": NaN,
        "Total Revenue": NaN,
        "Operating Revenue": NaN
    },
    "2022-12-31": {
        "Tax Effect Of Unusual Items": NaN,
        "Tax Rate For Calcs": NaN,
        "Normalized EBITDA": NaN,
        "Total Unusual Items": NaN,
        "Total Unusual Items Excluding Goodwill": NaN,
        "Net Income From Continuing Operation Net Minority Interest": NaN,
        "Reconciled Depreciation": NaN,
        "Reconciled Cost Of Revenue": NaN,
        "EBITDA": NaN,
        "EBIT": NaN,
        "Net Interest Income": NaN,
        "Interest Expense": NaN,
        "Normalized Income": NaN,
        "Net Income From Continuing And Discontinued Operation": NaN,
        "Total Expenses": NaN,
        "Total Operating Income As Reported": NaN,
        "Diluted Average Shares": NaN,
        "Basic Average Shares": NaN,
        "Diluted EPS": NaN,
        "Basic EPS": NaN,
        "Diluted NI Availto Com Stockholders": NaN,
        "Net Income Common Stockholders": NaN,
        "Otherunder Preferred Stock Dividend": NaN,
        "Preferred Stock Dividends": NaN,
        "Net Income": NaN,
        "Net Income Including Noncontrolling Interests": NaN,
        "Net Income Continuous Operations": NaN,
        "Tax Provision": NaN,
        "Pretax Income": NaN,
        "Other Income Expense": NaN,
        "Other Non Operating Income Expenses": NaN,
        "Special Income Charges": NaN,
        "Gain On Sale Of Ppe": NaN,
        "Other Special Charges": NaN,
        "Impairment Of Capital Assets": NaN,
        "Restructuring And Mergern Acquisition": NaN,
        "Gain On Sale Of Security": -30776000.0,
        "Net Non Operating Interest Income Expense": NaN,
        "Interest Expense Non Operating": NaN,
        "Operating Income": NaN,
        "Operating Expense": NaN,
        "Other Operating Expenses": NaN,
        "Selling General And Administration": NaN,
        "Gross Profit": NaN,
        "Cost Of Revenue": NaN,
        "Total Revenue": NaN,
        "Operating Revenue": NaN
    },
    "2022-09-30": {
        "Tax Effect Of Unusual Items": NaN,
        "Tax Rate For Calcs": NaN,
        "Normalized EBITDA": NaN,
        "Total Unusual Items": NaN,
        "Total Unusual Items Excluding Goodwill": NaN,
        "Net Income From Continuing Operation Net Minority Interest": NaN,
        "Reconciled Depreciation": NaN,
        "Reconciled Cost Of Revenue": NaN,
        "EBITDA": NaN,
        "EBIT": NaN,
        "Net Interest Income": NaN,
        "Interest Expense": NaN,
        "Normalized Income": NaN,
        "Net Income From Continuing And Discontinued Operation": NaN,
        "Total Expenses": NaN,
        "Total Operating Income As Reported": NaN,
        "Diluted Average Shares": NaN,
        "Basic Average Shares": NaN,
        "Diluted EPS": NaN,
        "Basic EPS": NaN,
        "Diluted NI Availto Com Stockholders": NaN,
        "Net Income Common Stockholders": NaN,
        "Otherunder Preferred Stock Dividend": 0.0,
        "Preferred Stock Dividends": NaN,
        "Net Income": NaN,
        "Net Income Including Noncontrolling Interests": NaN,
        "Net Income Continuous Operations": NaN,
        "Tax Provision": NaN,
        "Pretax Income": NaN,
        "Other Income Expense": NaN,
        "Other Non Operating Income Expenses": NaN,
        "Special Income Charges": NaN,
        "Gain On Sale Of Ppe": NaN,
        "Other Special Charges": NaN,
        "Impairment Of Capital Assets": NaN,
        "Gain On Sale Of Security": -40760000.0,
        "Net Non Operating Interest Income Expense": NaN,
        "Interest Expense Non Operating": NaN,
        "Operating Income": NaN,
        "Operating Expense": NaN,
        "Other Operating Expenses": NaN,
        "Selling General And Administration": NaN,
        "Gross Profit": NaN,
        "Cost Of Revenue": NaN,
        "Total Revenue": NaN,
        "Operating Revenue": NaN
    },
    "2022-06-30": {
        "Tax Effect Of Unusual Items": -3140000.0,
        "Tax Rate For Calcs": 0.4,
        "Normalized EBITDA": 74021000.0,
        "Total Unusual Items": -7850000.0,
        "Total Unusual Items Excluding Goodwill": -7850000.0,
        "Net Income From Continuing Operation Net Minority Interest": 6943000.0,
        "Reconciled Depreciation": 28470000.0,
        "Reconciled Cost Of Revenue": 185229000.0,
        "EBITDA": 66171000.0,
        "EBIT": 37701000.0,
        "Net Interest Income": -25359000.0,
        "Interest Expense": 25359000.0,
        "Normalized Income": 11653000.0,
        "Net Income From Continuing And Discontinued Operation": 6943000.0,
        "Total Expenses": 221893000.0,
        "Total Operating Income As Reported": 46345000.0,
        "Diluted Average Shares": 165154461.0,
        "Basic Average Shares": 165154461.0,
        "Diluted EPS": 0.03,
        "Basic EPS": 0.03,
        "Diluted NI Availto Com Stockholders": 4000000.0,
        "Net Income Common Stockholders": 4000000.0,
        "Preferred Stock Dividends": 2943000.0,
        "Net Income": 6943000.0,
        "Net Income Including Noncontrolling Interests": 6943000.0,
        "Net Income Continuous Operations": 6943000.0,
        "Tax Provision": 5399000.0,
        "Pretax Income": 12342000.0,
        "Other Income Expense": -8123000.0,
        "Other Non Operating Income Expenses": 12000.0,
        "Special Income Charges": 24042000.0,
        "Gain On Sale Of Ppe": 2354000.0,
        "Impairment Of Capital Assets": NaN,
        "Gain On Sale Of Security": -31892000.0,
        "Net Non Operating Interest Income Expense": -25359000.0,
        "Interest Expense Non Operating": 25359000.0,
        "Operating Income": 45824000.0,
        "Operating Expense": 36664000.0,
        "Other Operating Expenses": 975000.0,
        "Selling General And Administration": 35689000.0,
        "Gross Profit": 82488000.0,
        "Cost Of Revenue": 185229000.0,
        "Total Revenue": 267717000.0,
        "Operating Revenue": 267717000.0
    },
    "2023-06-30": {
        "Tax Effect Of Unusual Items": 15214080.0,
        "Tax Rate For Calcs": 0.21,
        "Normalized EBITDA": 43420000.0,
        "Total Unusual Items": 72448000.0,
        "Total Unusual Items Excluding Goodwill": 72448000.0,
        "Net Income From Continuing Operation Net Minority Interest": 146220000.0,
        "Reconciled Depreciation": 24391000.0,
        "Reconciled Cost Of Revenue": 182172000.0,
        "EBITDA": 115868000.0,
        "EBIT": 91477000.0,
        "Net Interest Income": -30785000.0,
        "Interest Expense": 30785000.0,
        "Normalized Income": 88986080.0,
        "Net Income From Continuing And Discontinued Operation": 146220000.0,
        "Total Expenses": 218955000.0,
        "Total Operating Income As Reported": 19507000.0,
        "Diluted Average Shares": 173495901.0,
        "Basic Average Shares": 173495901.0,
        "Diluted EPS": 0.842786,
        "Basic EPS": 0.842786,
        "Diluted NI Availto Com Stockholders": 127512000.0,
        "Net Income Common Stockholders": 127512000.0,
        "Otherunder Preferred Stock Dividend": NaN,
        "Preferred Stock Dividends": 13827000.0,
        "Net Income": 146220000.0,
        "Net Income Including Noncontrolling Interests": 146220000.0,
        "Net Income Continuous Operations": 146220000.0,
        "Tax Provision": -85528000.0,
        "Pretax Income": 60692000.0,
        "Other Income Expense": 71012000.0,
        "Other Non Operating Income Expenses": -1436000.0,
        "Special Income Charges": 72448000.0,
        "Gain On Sale Of Ppe": 70000.0,
        "Other Special Charges": -73406000.0,
        "Impairment Of Capital Assets": 1028000.0,
        "Restructuring And Mergern Acquisition": -73406000.0,
        "Gain On Sale Of Security": 73406000.0,
        "Net Non Operating Interest Income Expense": -30785000.0,
        "Interest Expense Non Operating": 30785000.0,
        "Operating Income": 20465000.0,
        "Operating Expense": 36783000.0,
        "Other Operating Expenses": 1701000.0,
        "Selling General And Administration": 35082000.0,
        "Gross Profit": 57248000.0,
        "Cost Of Revenue": 182172000.0,
        "Total Revenue": 239420000.0,
        "Operating Revenue": 239420000.0
    },
    "2023-09-30": {
        "Tax Effect Of Unusual Items": 8543430.0,
        "Tax Rate For Calcs": 0.21,
        "Normalized EBITDA": 36654000.0,
        "Total Unusual Items": 40683000.0,
        "Total Unusual Items Excluding Goodwill": 40683000.0,
        "Net Income From Continuing Operation Net Minority Interest": 18219000.0,
        "Reconciled Depreciation": 31352000.0,
        "Reconciled Cost Of Revenue": 182921000.0,
        "EBITDA": 77337000.0,
        "EBIT": 45985000.0,
        "Net Interest Income": -37449000.0,
        "Interest Expense": 37449000.0,
        "Normalized Income": -13920570.0,
        "Net Income From Continuing And Discontinued Operation": 18219000.0,
        "Total Expenses": 222050000.0,
        "Total Operating Income As Reported": 5356000.0,
        "Diluted Average Shares": 168903508.0,
        "Basic Average Shares": 160929391.0,
        "Diluted EPS": 0.09,
        "Basic EPS": 0.09,
        "Diluted NI Availto Com Stockholders": 15208000.0,
        "Net Income Common Stockholders": 15208000.0,
        "Otherunder Preferred Stock Dividend": 1049000.0,
        "Preferred Stock Dividends": 1962000.0,
        "Net Income": 18219000.0,
        "Net Income Including Noncontrolling Interests": 18219000.0,
        "Net Income Continuous Operations": 18219000.0,
        "Tax Provision": -9683000.0,
        "Pretax Income": 8536000.0,
        "Other Income Expense": 40630000.0,
        "Other Non Operating Income Expenses": -53000.0,
        "Special Income Charges": 40683000.0,
        "Gain On Sale Of Ppe": 27000.0,
        "Other Special Charges": -40682000.0,
        "Impairment Of Capital Assets": 26000.0,
        "Restructuring And Mergern Acquisition": -40682000.0,
        "Gain On Sale Of Security": 40682000.0,
        "Net Non Operating Interest Income Expense": -37449000.0,
        "Interest Expense Non Operating": 37449000.0,
        "Operating Income": 5355000.0,
        "Operating Expense": 39129000.0,
        "Other Operating Expenses": 1364000.0,
        "Selling General And Administration": 37765000.0,
        "Gross Profit": 44484000.0,
        "Cost Of Revenue": 182921000.0,
        "Total Revenue": 227405000.0,
        "Operating Revenue": 227405000.0
    },
    "2023-12-31": {
        "Tax Effect Of Unusual Items": -13469610.0,
        "Tax Rate For Calcs": 0.21,
        "Normalized EBITDA": 86588000.0,
        "Total Unusual Items": -64141000.0,
        "Total Unusual Items Excluding Goodwill": -64141000.0,
        "Net Income From Continuing Operation Net Minority Interest": -63469000.0,
        "Reconciled Depreciation": 37071000.0,
        "Reconciled Cost Of Revenue": 215090000.0,
        "EBITDA": 22447000.0,
        "EBIT": -14624000.0,
        "Net Interest Income": -46236000.0,
        "Interest Expense": 46236000.0,
        "Normalized Income": -12797610.0,
        "Net Income From Continuing And Discontinued Operation": -63469000.0,
        "Total Expenses": 256144000.0,
        "Total Operating Income As Reported": 49477000.0,
        "Diluted Average Shares": 149805531.0,
        "Basic Average Shares": 149805531.0,
        "Diluted EPS": -0.44,
        "Basic EPS": -0.44,
        "Diluted NI Availto Com Stockholders": -65432000.0,
        "Net Income Common Stockholders": -65432000.0,
        "Otherunder Preferred Stock Dividend": NaN,
        "Preferred Stock Dividends": 1963000.0,
        "Net Income": -63469000.0,
        "Net Income Including Noncontrolling Interests": -63469000.0,
        "Net Income Continuous Operations": -63469000.0,
        "Tax Provision": 2609000.0,
        "Pretax Income": -60860000.0,
        "Other Income Expense": -64151000.0,
        "Other Non Operating Income Expenses": -10000.0,
        "Special Income Charges": -64141000.0,
        "Gain On Sale Of Ppe": -21000.0,
        "Other Special Charges": 64091000.0,
        "Impairment Of Capital Assets": 29000.0,
        "Restructuring And Mergern Acquisition": 64091000.0,
        "Gain On Sale Of Security": NaN,
        "Net Non Operating Interest Income Expense": -46236000.0,
        "Interest Expense Non Operating": 46236000.0,
        "Operating Income": 49527000.0,
        "Operating Expense": 41054000.0,
        "Other Operating Expenses": 3542000.0,
        "Selling General And Administration": 37512000.0,
        "Gross Profit": 90581000.0,
        "Cost Of Revenue": 215090000.0,
        "Total Revenue": 305671000.0,
        "Operating Revenue": 305671000.0
    },
    "2024-03-31": {
        "Tax Effect Of Unusual Items": 2176389.0,
        "Tax Rate For Calcs": 0.277,
        "Normalized EBITDA": 108347000.0,
        "Total Unusual Items": 7857000.0,
        "Total Unusual Items Excluding Goodwill": 7857000.0,
        "Net Income From Continuing Operation Net Minority Interest": 23846000.0,
        "Reconciled Depreciation": 36327000.0,
        "Reconciled Cost Of Revenue": 225894000.0,
        "EBITDA": 116204000.0,
        "EBIT": 79877000.0,
        "Net Interest Income": -46890000.0,
        "Interest Expense": 46890000.0,
        "Normalized Income": 18165389.0,
        "Net Income From Continuing And Discontinued Operation": 23846000.0,
        "Total Expenses": 265647000.0,
        "Total Operating Income As Reported": 71012000.0,
        "Diluted Average Shares": 157874876.0,
        "Basic Average Shares": 148102841.0,
        "Diluted EPS": 0.13,
        "Basic EPS": 0.14,
        "Diluted NI Availto Com Stockholders": 20063000.0,
        "Net Income Common Stockholders": 20063000.0,
        "Otherunder Preferred Stock Dividend": 1430000.0,
        "Preferred Stock Dividends": 2353000.0,
        "Net Income": 23846000.0,
        "Net Income Including Noncontrolling Interests": 23846000.0,
        "Net Income Continuous Operations": 23846000.0,
        "Tax Provision": 9141000.0,
        "Pretax Income": 32987000.0,
        "Other Income Expense": 7854000.0,
        "Other Non Operating Income Expenses": -3000.0,
        "Special Income Charges": 7857000.0,
        "Gain On Sale Of Ppe": -657000.0,
        "Other Special Charges": -8868000.0,
        "Impairment Of Capital Assets": 354000.0,
        "Restructuring And Mergern Acquisition": -8868000.0,
        "Gain On Sale Of Security": NaN,
        "Net Non Operating Interest Income Expense": -46890000.0,
        "Interest Expense Non Operating": 46890000.0,
        "Operating Income": 72023000.0,
        "Operating Expense": 39753000.0,
        "Other Operating Expenses": 265000.0,
        "Selling General And Administration": 39488000.0,
        "Gross Profit": 111776000.0,
        "Cost Of Revenue": 225894000.0,
        "Total Revenue": 337670000.0,
        "Operating Revenue": 337670000.0
    },
    "2024-06-30": {
        "Tax Effect Of Unusual Items": -23221786.154247,
        "Tax Rate For Calcs": 0.325746,
        "Normalized EBITDA": 66722000.0,
        "Total Unusual Items": -71288000.0,
        "Total Unusual Items Excluding Goodwill": -71288000.0,
        "Net Income From Continuing Operation Net Minority Interest": -62177000.0,
        "Reconciled Depreciation": 40614000.0,
        "Reconciled Cost Of Revenue": 216530000.0,
        "EBITDA": -4566000.0,
        "EBIT": -45180000.0,
        "Net Interest Income": -47036000.0,
        "Interest Expense": 47036000.0,
        "Normalized Income": -14110786.154247,
        "Net Income From Continuing And Discontinued Operation": -62177000.0,
        "Total Expenses": 257750000.0,
        "Total Operating Income As Reported": -34255000.0,
        "Diluted Average Shares": NaN,
        "Basic Average Shares": NaN,
        "Diluted EPS": NaN,
        "Basic EPS": NaN,
        "Diluted NI Availto Com Stockholders": -64573000.0,
        "Net Income Common Stockholders": -64573000.0,
        "Otherunder Preferred Stock Dividend": 0.0,
        "Preferred Stock Dividends": 2396000.0,
        "Net Income": -62177000.0,
        "Net Income Including Noncontrolling Interests": -62177000.0,
        "Net Income Continuous Operations": -62177000.0,
        "Tax Provision": -30039000.0,
        "Pretax Income": -92216000.0,
        "Other Income Expense": -71298000.0,
        "Other Non Operating Income Expenses": -10000.0,
        "Special Income Charges": -71288000.0,
        "Gain On Sale Of Ppe": -571000.0,
        "Other Special Charges": NaN,
        "Impairment Of Capital Assets": 59802000.0,
        "Restructuring And Mergern Acquisition": 10915000.0,
        "Gain On Sale Of Security": NaN,
        "Net Non Operating Interest Income Expense": -47036000.0,
        "Interest Expense Non Operating": 47036000.0,
        "Operating Income": 26118000.0,
        "Operating Expense": 41220000.0,
        "Other Operating Expenses": 782000.0,
        "Selling General And Administration": 40438000.0,
        "Gross Profit": 67338000.0,
        "Cost Of Revenue": 216530000.0,
        "Total Revenue": 283868000.0,
        "Operating Revenue": 283868000.0
    }
}