{
    "2023-04-30": {
        "Tax Effect Of Unusual Items": NaN,
        "Tax Rate For Calcs": NaN,
        "Normalized EBITDA": NaN,
        "Net Income From Continuing Operation Net Minority Interest": NaN,
        "Reconciled Depreciation": NaN,
        "Reconciled Cost Of Revenue": NaN,
        "EBITDA": NaN,
        "EBIT": NaN,
        "Net Interest Income": NaN,
        "Interest Income": NaN,
        "Normalized Income": NaN,
        "Net Income From Continuing And Discontinued Operation": NaN,
        "Total Expenses": NaN,
        "Total Operating Income As Reported": NaN,
        "Diluted Average Shares": NaN,
        "Basic Average Shares": NaN,
        "Diluted EPS": NaN,
        "Basic EPS": NaN,
        "Diluted NI Availto Com Stockholders": NaN,
        "Net Income Common Stockholders": NaN,
        "Otherunder Preferred Stock Dividend": NaN,
        "Preferred Stock Dividends": NaN,
        "Net Income": NaN,
        "Net Income Including Noncontrolling Interests": NaN,
        "Net Income Continuous Operations": NaN,
        "Tax Provision": NaN,
        "Pretax Income": NaN,
        "Net Non Operating Interest Income Expense": NaN,
        "Total Other Finance Cost": -2318000.0,
        "Interest Income Non Operating": NaN,
        "Operating Income": NaN,
        "Operating Expense": NaN,
        "Research And Development": NaN,
        "Selling General And Administration": NaN,
        "Selling And Marketing Expense": NaN,
        "General And Administrative Expense": NaN,
        "Other Gand A": NaN,
        "Salaries And Wages": NaN,
        "Gross Profit": NaN,
        "Cost Of Revenue": NaN,
        "Total Revenue": NaN,
        "Operating Revenue": NaN
    },
    "2023-01-31": {
        "Tax Effect Of Unusual Items": NaN,
        "Tax Rate For Calcs": NaN,
        "Normalized EBITDA": NaN,
        "Net Income From Continuing Operation Net Minority Interest": NaN,
        "Reconciled Depreciation": NaN,
        "Reconciled Cost Of Revenue": NaN,
        "EBITDA": NaN,
        "EBIT": NaN,
        "Net Interest Income": NaN,
        "Normalized Income": NaN,
        "Net Income From Continuing And Discontinued Operation": NaN,
        "Total Expenses": NaN,
        "Total Operating Income As Reported": NaN,
        "Diluted Average Shares": 150518000.0,
        "Basic Average Shares": 143555000.0,
        "Diluted EPS": 0.1,
        "Basic EPS": 0.1,
        "Diluted NI Availto Com Stockholders": NaN,
        "Net Income Common Stockholders": NaN,
        "Otherunder Preferred Stock Dividend": NaN,
        "Preferred Stock Dividends": NaN,
        "Net Income": NaN,
        "Net Income Including Noncontrolling Interests": NaN,
        "Net Income Continuous Operations": NaN,
        "Tax Provision": NaN,
        "Pretax Income": NaN,
        "Net Non Operating Interest Income Expense": NaN,
        "Total Other Finance Cost": NaN,
        "Operating Income": NaN,
        "Operating Expense": NaN,
        "Research And Development": NaN,
        "Selling General And Administration": NaN,
        "Selling And Marketing Expense": NaN,
        "General And Administrative Expense": NaN,
        "Other Gand A": NaN,
        "Salaries And Wages": NaN,
        "Gross Profit": NaN,
        "Cost Of Revenue": NaN,
        "Total Revenue": NaN,
        "Operating Revenue": NaN
    },
    "2022-10-31": {
        "Tax Effect Of Unusual Items": NaN,
        "Tax Rate For Calcs": NaN,
        "Normalized EBITDA": NaN,
        "Net Income From Continuing Operation Net Minority Interest": NaN,
        "Reconciled Depreciation": NaN,
        "Reconciled Cost Of Revenue": NaN,
        "EBITDA": NaN,
        "EBIT": NaN,
        "Net Interest Income": NaN,
        "Interest Expense": 1427000.0,
        "Normalized Income": NaN,
        "Net Income From Continuing And Discontinued Operation": NaN,
        "Total Expenses": NaN,
        "Total Operating Income As Reported": NaN,
        "Diluted Average Shares": NaN,
        "Basic Average Shares": NaN,
        "Diluted EPS": NaN,
        "Basic EPS": NaN,
        "Diluted NI Availto Com Stockholders": NaN,
        "Net Income Common Stockholders": NaN,
        "Otherunder Preferred Stock Dividend": NaN,
        "Preferred Stock Dividends": NaN,
        "Net Income": NaN,
        "Net Income Including Noncontrolling Interests": NaN,
        "Net Income Continuous Operations": NaN,
        "Tax Provision": NaN,
        "Pretax Income": NaN,
        "Net Non Operating Interest Income Expense": NaN,
        "Total Other Finance Cost": NaN,
        "Interest Expense Non Operating": 1427000.0,
        "Operating Income": NaN,
        "Operating Expense": NaN,
        "Research And Development": NaN,
        "Selling General And Administration": NaN,
        "Selling And Marketing Expense": NaN,
        "General And Administrative Expense": NaN,
        "Other Gand A": NaN,
        "Salaries And Wages": NaN,
        "Gross Profit": NaN,
        "Cost Of Revenue": NaN,
        "Total Revenue": NaN,
        "Operating Revenue": NaN
    },
    "2022-07-31": {
        "Tax Effect Of Unusual Items": 0.0,
        "Tax Rate For Calcs": 0.4,
        "Normalized EBITDA": 20921000.0,
        "Net Income From Continuing Operation Net Minority Interest": 1045000.0,
        "Reconciled Depreciation": 17781000.0,
        "Reconciled Cost Of Revenue": 64843000.0,
        "EBITDA": 20921000.0,
        "EBIT": 3140000.0,
        "Net Interest Income": -651000.0,
        "Interest Expense": 651000.0,
        "Normalized Income": 1045000.0,
        "Net Income From Continuing And Discontinued Operation": 1045000.0,
        "Total Expenses": 242875000.0,
        "Total Operating Income As Reported": 3140000.0,
        "Diluted Average Shares": 143739000.0,
        "Basic Average Shares": 143739000.0,
        "Diluted EPS": -0.02,
        "Basic EPS": -0.02,
        "Diluted NI Availto Com Stockholders": -3259000.0,
        "Net Income Common Stockholders": -3259000.0,
        "Otherunder Preferred Stock Dividend": NaN,
        "Preferred Stock Dividends": 4304000.0,
        "Net Income": 1045000.0,
        "Net Income Including Noncontrolling Interests": 1045000.0,
        "Net Income Continuous Operations": 1045000.0,
        "Tax Provision": 1444000.0,
        "Pretax Income": 2489000.0,
        "Net Non Operating Interest Income Expense": -651000.0,
        "Total Other Finance Cost": NaN,
        "Interest Expense Non Operating": 651000.0,
        "Operating Income": 3140000.0,
        "Operating Expense": 178032000.0,
        "Research And Development": 61965000.0,
        "Selling General And Administration": 116067000.0,
        "Selling And Marketing Expense": 83442000.0,
        "General And Administrative Expense": 32625000.0,
        "Other Gand A": 32625000.0,
        "Salaries And Wages": NaN,
        "Gross Profit": 181172000.0,
        "Cost Of Revenue": 64843000.0,
        "Total Revenue": 246015000.0,
        "Operating Revenue": 246015000.0
    },
    "2023-07-31": {
        "Tax Effect Of Unusual Items": 0.0,
        "Tax Rate For Calcs": 0.180513,
        "Normalized EBITDA": 21452000.0,
        "Net Income From Continuing Operation Net Minority Interest": 10791000.0,
        "Reconciled Depreciation": 11577000.0,
        "Reconciled Cost Of Revenue": 67013000.0,
        "EBITDA": 21452000.0,
        "EBIT": 9875000.0,
        "Net Interest Income": 3293000.0,
        "Interest Income": NaN,
        "Normalized Income": 10791000.0,
        "Net Income From Continuing And Discontinued Operation": 10791000.0,
        "Total Expenses": 251553000.0,
        "Total Operating Income As Reported": 9875000.0,
        "Diluted Average Shares": 150007000.0,
        "Basic Average Shares": 144248000.0,
        "Diluted EPS": 0.04,
        "Basic EPS": 0.04,
        "Diluted NI Availto Com Stockholders": 5744000.0,
        "Net Income Common Stockholders": 5744000.0,
        "Otherunder Preferred Stock Dividend": 740000.0,
        "Preferred Stock Dividends": 4307000.0,
        "Net Income": 10791000.0,
        "Net Income Including Noncontrolling Interests": 10791000.0,
        "Net Income Continuous Operations": 10791000.0,
        "Tax Provision": 2377000.0,
        "Pretax Income": 13168000.0,
        "Net Non Operating Interest Income Expense": 3293000.0,
        "Total Other Finance Cost": -3293000.0,
        "Interest Income Non Operating": NaN,
        "Operating Income": 9875000.0,
        "Operating Expense": 184540000.0,
        "Research And Development": 63316000.0,
        "Selling General And Administration": 121224000.0,
        "Selling And Marketing Expense": 88605000.0,
        "General And Administrative Expense": 32619000.0,
        "Other Gand A": 32619000.0,
        "Salaries And Wages": 29394000.0,
        "Gross Profit": 194415000.0,
        "Cost Of Revenue": 67013000.0,
        "Total Revenue": 261428000.0,
        "Operating Revenue": 261428000.0
    },
    "2023-10-31": {
        "Tax Effect Of Unusual Items": 0.0,
        "Tax Rate For Calcs": 0.191502,
        "Normalized EBITDA": 25892000.0,
        "Net Income From Continuing Operation Net Minority Interest": 10656000.0,
        "Reconciled Depreciation": 14513000.0,
        "Reconciled Cost Of Revenue": 69227000.0,
        "EBITDA": 25892000.0,
        "EBIT": 11379000.0,
        "Net Interest Income": 1801000.0,
        "Interest Income": NaN,
        "Normalized Income": 10656000.0,
        "Net Income From Continuing And Discontinued Operation": 10656000.0,
        "Total Expenses": 250158000.0,
        "Total Operating Income As Reported": 11379000.0,
        "Diluted Average Shares": 147625000.0,
        "Basic Average Shares": 143915000.0,
        "Diluted EPS": 0.04,
        "Basic EPS": 0.04,
        "Diluted NI Availto Com Stockholders": 5647000.0,
        "Net Income Common Stockholders": 5647000.0,
        "Otherunder Preferred Stock Dividend": 729000.0,
        "Preferred Stock Dividends": 4280000.0,
        "Net Income": 10656000.0,
        "Net Income Including Noncontrolling Interests": 10656000.0,
        "Net Income Continuous Operations": 10656000.0,
        "Tax Provision": 2524000.0,
        "Pretax Income": 13180000.0,
        "Net Non Operating Interest Income Expense": 1801000.0,
        "Total Other Finance Cost": -1801000.0,
        "Interest Income Non Operating": NaN,
        "Operating Income": 11379000.0,
        "Operating Expense": 180931000.0,
        "Research And Development": 61026000.0,
        "Selling General And Administration": 119905000.0,
        "Selling And Marketing Expense": 87930000.0,
        "General And Administrative Expense": 31975000.0,
        "Other Gand A": 31975000.0,
        "Salaries And Wages": NaN,
        "Gross Profit": 192310000.0,
        "Cost Of Revenue": 69227000.0,
        "Total Revenue": 261537000.0,
        "Operating Revenue": 261537000.0
    },
    "2024-01-31": {
        "Tax Effect Of Unusual Items": 0.0,
        "Tax Rate For Calcs": 0.21,
        "Normalized EBITDA": 33409000.0,
        "Net Income From Continuing Operation Net Minority Interest": 99235000.0,
        "Reconciled Depreciation": 12245000.0,
        "Reconciled Cost Of Revenue": 62721000.0,
        "EBITDA": 33409000.0,
        "EBIT": 21164000.0,
        "Net Interest Income": 4421000.0,
        "Interest Income": NaN,
        "Normalized Income": 99235000.0,
        "Net Income From Continuing And Discontinued Operation": 99235000.0,
        "Total Expenses": 241714000.0,
        "Total Operating Income As Reported": 21164000.0,
        "Diluted Average Shares": 146295000.0,
        "Basic Average Shares": 143925000.0,
        "Diluted EPS": 0.57,
        "Basic EPS": 0.58,
        "Diluted NI Availto Com Stockholders": 84099000.0,
        "Net Income Common Stockholders": 84099000.0,
        "Otherunder Preferred Stock Dividend": 10842000.0,
        "Preferred Stock Dividends": 4294000.0,
        "Net Income": 99235000.0,
        "Net Income Including Noncontrolling Interests": 99235000.0,
        "Net Income Continuous Operations": 99235000.0,
        "Tax Provision": -73650000.0,
        "Pretax Income": 25585000.0,
        "Net Non Operating Interest Income Expense": 4421000.0,
        "Total Other Finance Cost": -4421000.0,
        "Interest Income Non Operating": NaN,
        "Operating Income": 21164000.0,
        "Operating Expense": 178993000.0,
        "Research And Development": 61907000.0,
        "Selling General And Administration": 117086000.0,
        "Selling And Marketing Expense": 85893000.0,
        "General And Administrative Expense": 31193000.0,
        "Other Gand A": 31193000.0,
        "Salaries And Wages": NaN,
        "Gross Profit": 200157000.0,
        "Cost Of Revenue": 62721000.0,
        "Total Revenue": 262878000.0,
        "Operating Revenue": 262878000.0
    },
    "2024-04-30": {
        "Tax Effect Of Unusual Items": 0.0,
        "Tax Rate For Calcs": 0.212349,
        "Normalized EBITDA": 22695000.0,
        "Net Income From Continuing Operation Net Minority Interest": 17222000.0,
        "Reconciled Depreciation": 4688000.0,
        "Reconciled Cost Of Revenue": 58252000.0,
        "EBITDA": 22695000.0,
        "EBIT": 18007000.0,
        "Net Interest Income": 3858000.0,
        "Interest Income": NaN,
        "Normalized Income": 17222000.0,
        "Net Income From Continuing And Discontinued Operation": 17222000.0,
        "Total Expenses": 246651000.0,
        "Total Operating Income As Reported": 18007000.0,
        "Diluted Average Shares": 148757000.0,
        "Basic Average Shares": 145299000.0,
        "Diluted EPS": 0.08,
        "Basic EPS": 0.08,
        "Diluted NI Availto Com Stockholders": 11513000.0,
        "Net Income Common Stockholders": 11513000.0,
        "Otherunder Preferred Stock Dividend": 1469000.0,
        "Preferred Stock Dividends": 4240000.0,
        "Net Income": 17222000.0,
        "Net Income Including Noncontrolling Interests": 17222000.0,
        "Net Income Continuous Operations": 17222000.0,
        "Tax Provision": 4643000.0,
        "Pretax Income": 21865000.0,
        "Net Non Operating Interest Income Expense": 3858000.0,
        "Total Other Finance Cost": -3858000.0,
        "Interest Income Non Operating": NaN,
        "Operating Income": 18007000.0,
        "Operating Expense": 188399000.0,
        "Research And Development": 62673000.0,
        "Selling General And Administration": 125726000.0,
        "Selling And Marketing Expense": 92673000.0,
        "General And Administrative Expense": 33053000.0,
        "Other Gand A": 33053000.0,
        "Salaries And Wages": NaN,
        "Gross Profit": 206406000.0,
        "Cost Of Revenue": 58252000.0,
        "Total Revenue": 264658000.0,
        "Operating Revenue": 264658000.0
    },
    "2024-07-31": {
        "Tax Effect Of Unusual Items": 0.0,
        "Tax Rate For Calcs": 0.179471,
        "Normalized EBITDA": 25576000.0,
        "Net Income From Continuing Operation Net Minority Interest": 20496000.0,
        "Reconciled Depreciation": 5296000.0,
        "Reconciled Cost Of Revenue": 55513000.0,
        "EBITDA": 25576000.0,
        "EBIT": 20280000.0,
        "Net Interest Income": 4699000.0,
        "Interest Income": 4699000.0,
        "Normalized Income": 20496000.0,
        "Net Income From Continuing And Discontinued Operation": 20496000.0,
        "Total Expenses": 249759000.0,
        "Total Operating Income As Reported": 20280000.0,
        "Diluted Average Shares": 146525000.0,
        "Basic Average Shares": 144070000.0,
        "Diluted EPS": 0.1,
        "Basic EPS": 0.1,
        "Diluted NI Availto Com Stockholders": 14341000.0,
        "Net Income Common Stockholders": 14341000.0,
        "Otherunder Preferred Stock Dividend": 1845000.0,
        "Preferred Stock Dividends": 4310000.0,
        "Net Income": 20496000.0,
        "Net Income Including Noncontrolling Interests": 20496000.0,
        "Net Income Continuous Operations": 20496000.0,
        "Tax Provision": 4483000.0,
        "Pretax Income": 24979000.0,
        "Net Non Operating Interest Income Expense": 4699000.0,
        "Total Other Finance Cost": NaN,
        "Interest Income Non Operating": 4699000.0,
        "Operating Income": 20280000.0,
        "Operating Expense": 194246000.0,
        "Research And Development": 65445000.0,
        "Selling General And Administration": 128801000.0,
        "Selling And Marketing Expense": 95235000.0,
        "General And Administrative Expense": 33566000.0,
        "Other Gand A": 33566000.0,
        "Salaries And Wages": NaN,
        "Gross Profit": 214526000.0,
        "Cost Of Revenue": 55513000.0,
        "Total Revenue": 270039000.0,
        "Operating Revenue": 270039000.0
    }
}