{
    "2023-03-31": {
        "Tax Effect Of Unusual Items": NaN,
        "Tax Rate For Calcs": NaN,
        "Normalized EBITDA": NaN,
        "Total Unusual Items": 0.0,
        "Total Unusual Items Excluding Goodwill": 0.0,
        "Net Income From Continuing Operation Net Minority Interest": NaN,
        "Reconciled Depreciation": NaN,
        "Reconciled Cost Of Revenue": NaN,
        "EBITDA": NaN,
        "EBIT": NaN,
        "Net Interest Income": NaN,
        "Interest Expense": NaN,
        "Interest Income": NaN,
        "Normalized Income": NaN,
        "Net Income From Continuing And Discontinued Operation": NaN,
        "Total Expenses": NaN,
        "Diluted Average Shares": NaN,
        "Basic Average Shares": NaN,
        "Diluted EPS": NaN,
        "Basic EPS": NaN,
        "Diluted NI Availto Com Stockholders": NaN,
        "Net Income Common Stockholders": NaN,
        "Net Income": NaN,
        "Net Income Including Noncontrolling Interests": NaN,
        "Net Income Continuous Operations": NaN,
        "Tax Provision": NaN,
        "Pretax Income": NaN,
        "Other Income Expense": NaN,
        "Other Non Operating Income Expenses": NaN,
        "Special Income Charges": 0.0,
        "Other Special Charges": NaN,
        "Earnings From Equity Interest": NaN,
        "Net Non Operating Interest Income Expense": NaN,
        "Total Other Finance Cost": 5819000.0,
        "Interest Expense Non Operating": NaN,
        "Interest Income Non Operating": NaN,
        "Operating Income": NaN,
        "Operating Expense": NaN,
        "Other Operating Expenses": 1296000.0,
        "Research And Development": NaN,
        "Selling General And Administration": NaN,
        "Selling And Marketing Expense": NaN,
        "General And Administrative Expense": NaN,
        "Other Gand A": NaN,
        "Salaries And Wages": NaN,
        "Gross Profit": NaN,
        "Cost Of Revenue": NaN,
        "Total Revenue": NaN,
        "Operating Revenue": NaN
    },
    "2022-12-31": {
        "Tax Effect Of Unusual Items": NaN,
        "Tax Rate For Calcs": NaN,
        "Normalized EBITDA": NaN,
        "Total Unusual Items": NaN,
        "Total Unusual Items Excluding Goodwill": NaN,
        "Net Income From Continuing Operation Net Minority Interest": NaN,
        "Reconciled Depreciation": NaN,
        "Reconciled Cost Of Revenue": NaN,
        "EBITDA": NaN,
        "EBIT": NaN,
        "Net Interest Income": NaN,
        "Interest Expense": NaN,
        "Interest Income": NaN,
        "Normalized Income": NaN,
        "Net Income From Continuing And Discontinued Operation": NaN,
        "Total Expenses": NaN,
        "Diluted Average Shares": NaN,
        "Basic Average Shares": NaN,
        "Diluted EPS": NaN,
        "Basic EPS": NaN,
        "Diluted NI Availto Com Stockholders": NaN,
        "Net Income Common Stockholders": NaN,
        "Net Income": NaN,
        "Net Income Including Noncontrolling Interests": NaN,
        "Net Income Continuous Operations": NaN,
        "Tax Provision": NaN,
        "Pretax Income": NaN,
        "Other Income Expense": NaN,
        "Other Non Operating Income Expenses": NaN,
        "Special Income Charges": NaN,
        "Other Special Charges": NaN,
        "Earnings From Equity Interest": NaN,
        "Net Non Operating Interest Income Expense": NaN,
        "Total Other Finance Cost": 9240000.0,
        "Interest Expense Non Operating": NaN,
        "Interest Income Non Operating": NaN,
        "Operating Income": NaN,
        "Operating Expense": NaN,
        "Other Operating Expenses": 1872000.0,
        "Research And Development": NaN,
        "Selling General And Administration": NaN,
        "Selling And Marketing Expense": NaN,
        "General And Administrative Expense": NaN,
        "Other Gand A": NaN,
        "Salaries And Wages": NaN,
        "Gross Profit": NaN,
        "Cost Of Revenue": NaN,
        "Total Revenue": NaN,
        "Operating Revenue": NaN
    },
    "2022-09-30": {
        "Tax Effect Of Unusual Items": NaN,
        "Tax Rate For Calcs": NaN,
        "Normalized EBITDA": NaN,
        "Total Unusual Items": NaN,
        "Total Unusual Items Excluding Goodwill": NaN,
        "Net Income From Continuing Operation Net Minority Interest": NaN,
        "Reconciled Depreciation": NaN,
        "Reconciled Cost Of Revenue": NaN,
        "EBITDA": NaN,
        "EBIT": NaN,
        "Net Interest Income": NaN,
        "Interest Expense": 11346000.0,
        "Interest Income": 2950000.0,
        "Normalized Income": NaN,
        "Net Income From Continuing And Discontinued Operation": NaN,
        "Total Expenses": NaN,
        "Diluted Average Shares": NaN,
        "Basic Average Shares": NaN,
        "Diluted EPS": NaN,
        "Basic EPS": NaN,
        "Diluted NI Availto Com Stockholders": NaN,
        "Net Income Common Stockholders": NaN,
        "Net Income": NaN,
        "Net Income Including Noncontrolling Interests": NaN,
        "Net Income Continuous Operations": NaN,
        "Tax Provision": NaN,
        "Pretax Income": NaN,
        "Other Income Expense": NaN,
        "Other Non Operating Income Expenses": NaN,
        "Special Income Charges": NaN,
        "Other Special Charges": NaN,
        "Earnings From Equity Interest": NaN,
        "Net Non Operating Interest Income Expense": NaN,
        "Total Other Finance Cost": 8396000.0,
        "Interest Expense Non Operating": 11346000.0,
        "Interest Income Non Operating": 2950000.0,
        "Operating Income": NaN,
        "Operating Expense": NaN,
        "Other Operating Expenses": 1665000.0,
        "Research And Development": NaN,
        "Selling General And Administration": NaN,
        "Selling And Marketing Expense": 7719000.0,
        "General And Administrative Expense": 49889000.0,
        "Other Gand A": 14129000.0,
        "Salaries And Wages": 35760000.0,
        "Gross Profit": NaN,
        "Cost Of Revenue": NaN,
        "Total Revenue": NaN,
        "Operating Revenue": NaN
    },
    "2022-06-30": {
        "Tax Effect Of Unusual Items": 0.0,
        "Tax Rate For Calcs": 0.4,
        "Normalized EBITDA": -156168000.0,
        "Net Income From Continuing Operation Net Minority Interest": -159709000.0,
        "Reconciled Depreciation": 1470000.0,
        "Reconciled Cost Of Revenue": 4886000.0,
        "EBITDA": -156168000.0,
        "EBIT": -157638000.0,
        "Net Interest Income": 427000.0,
        "Interest Expense": NaN,
        "Interest Income": 427000.0,
        "Normalized Income": -159709000.0,
        "Net Income From Continuing And Discontinued Operation": -159709000.0,
        "Total Expenses": 194185000.0,
        "Diluted Average Shares": 59617000.0,
        "Basic Average Shares": 59617000.0,
        "Diluted EPS": -2.68,
        "Basic EPS": -2.68,
        "Diluted NI Availto Com Stockholders": -159709000.0,
        "Net Income Common Stockholders": -159709000.0,
        "Net Income": -159709000.0,
        "Net Income Including Noncontrolling Interests": -159709000.0,
        "Net Income Continuous Operations": -159709000.0,
        "Tax Provision": 3130000.0,
        "Pretax Income": -156579000.0,
        "Other Income Expense": 632000.0,
        "Other Non Operating Income Expenses": 632000.0,
        "Net Non Operating Interest Income Expense": 427000.0,
        "Total Other Finance Cost": NaN,
        "Interest Expense Non Operating": NaN,
        "Interest Income Non Operating": 427000.0,
        "Operating Income": -157638000.0,
        "Operating Expense": 189299000.0,
        "Other Operating Expenses": 2145000.0,
        "Research And Development": 128466000.0,
        "Selling General And Administration": 58688000.0,
        "Selling And Marketing Expense": NaN,
        "General And Administrative Expense": NaN,
        "Other Gand A": NaN,
        "Salaries And Wages": NaN,
        "Gross Profit": 31661000.0,
        "Cost Of Revenue": 4886000.0,
        "Total Revenue": 36547000.0,
        "Operating Revenue": 36547000.0
    },
    "2023-06-30": {
        "Tax Effect Of Unusual Items": NaN,
        "Tax Rate For Calcs": NaN,
        "Normalized EBITDA": NaN,
        "Total Unusual Items": 0.0,
        "Total Unusual Items Excluding Goodwill": 0.0,
        "Net Income From Continuing Operation Net Minority Interest": NaN,
        "Reconciled Depreciation": NaN,
        "Reconciled Cost Of Revenue": NaN,
        "EBITDA": NaN,
        "EBIT": NaN,
        "Net Interest Income": NaN,
        "Interest Expense": 11745000.0,
        "Interest Income": 7749000.0,
        "Normalized Income": NaN,
        "Net Income From Continuing And Discontinued Operation": NaN,
        "Total Expenses": NaN,
        "Diluted Average Shares": NaN,
        "Basic Average Shares": NaN,
        "Diluted EPS": NaN,
        "Basic EPS": NaN,
        "Diluted NI Availto Com Stockholders": NaN,
        "Net Income Common Stockholders": NaN,
        "Net Income": NaN,
        "Net Income Including Noncontrolling Interests": NaN,
        "Net Income Continuous Operations": NaN,
        "Tax Provision": NaN,
        "Pretax Income": NaN,
        "Other Income Expense": NaN,
        "Other Non Operating Income Expenses": NaN,
        "Special Income Charges": 0.0,
        "Other Special Charges": NaN,
        "Earnings From Equity Interest": NaN,
        "Net Non Operating Interest Income Expense": NaN,
        "Total Other Finance Cost": NaN,
        "Interest Expense Non Operating": 11745000.0,
        "Interest Income Non Operating": 7749000.0,
        "Operating Income": NaN,
        "Operating Expense": NaN,
        "Other Operating Expenses": 1234000.0,
        "Research And Development": NaN,
        "Selling General And Administration": NaN,
        "Selling And Marketing Expense": 11367000.0,
        "General And Administrative Expense": 60564000.0,
        "Other Gand A": 17519000.0,
        "Salaries And Wages": 43045000.0,
        "Gross Profit": NaN,
        "Cost Of Revenue": NaN,
        "Total Revenue": NaN,
        "Operating Revenue": NaN
    },
    "2022-03-31": {
        "Diluted EPS": -1.79,
        "Total Revenue": 63,
        "Gross Profit": 54,
        "Operating Income": -106,
        "EBIT": -104,
        "Net Income": -106
    },
    "2021-12-31": {
        "Diluted EPS": -5.43,
        "Total Revenue": 107,
        "Gross Profit": 95,
        "Operating Income": -316,
        "EBIT": -313,
        "Net Income": -319
    },
    "2021-09-30": {
        "Diluted EPS": -2.0,
        "Total Revenue": 24,
        "Gross Profit": 17,
        "Operating Income": -117,
        "EBIT": -115,
        "Net Income": -117
    },
    "2021-06-30": {
        "Diluted EPS": -1.86,
        "Total Revenue": 27,
        "Gross Profit": 21,
        "Operating Income": -109,
        "EBIT": -107,
        "Net Income": -108
    },
    "2021-03-31": {
        "Diluted EPS": -1.72,
        "Total Revenue": 22,
        "Gross Profit": 21,
        "Operating Income": -100,
        "EBIT": -99,
        "Net Income": -100
    },
    "2020-12-31": {
        "Diluted EPS": -1.18,
        "Total Revenue": 34,
        "Gross Profit": 34,
        "Operating Income": -86,
        "EBIT": -84,
        "Net Income": -86
    },
    "2020-09-30": {
        "Diluted EPS": 11.16,
        "Total Revenue": 745,
        "Gross Profit": 745,
        "Operating Income": 633,
        "EBIT": 635,
        "Net Income": 634
    },
    "2020-06-30": {
        "Diluted EPS": -2.28,
        "Total Revenue": 8,
        "Gross Profit": 8,
        "Operating Income": -125,
        "EBIT": -123,
        "Net Income": -123
    },
    "2020-03-31": {
        "Diluted EPS": -2.11,
        "Total Revenue": 6,
        "Gross Profit": 6,
        "Operating Income": -114,
        "EBIT": -112,
        "Net Income": -111
    },
    "2019-12-31": {
        "Diluted EPS": -1.32,
        "Total Revenue": 52,
        "Gross Profit": 52,
        "Operating Income": -69,
        "EBIT": -68,
        "Net Income": -66
    },
    "2019-09-30": {
        "Diluted EPS": -1.93,
        "Total Revenue": 9,
        "Gross Profit": 9,
        "Operating Income": -98,
        "EBIT": -98,
        "Net Income": -94
    },
    "2019-06-30": {
        "Diluted EPS": -2.04,
        "Total Revenue": 5,
        "Gross Profit": 5,
        "Operating Income": -104,
        "EBIT": -104,
        "Net Income": -100
    },
    "2019-03-31": {
        "Diluted EPS": -1.98,
        "Total Revenue": 1,
        "Gross Profit": 1,
        "Operating Income": -90,
        "EBIT": -90,
        "Net Income": -87
    },
    "2018-12-31": {
        "Diluted EPS": -1.82,
        "Total Revenue": 1,
        "Gross Profit": 1,
        "Operating Income": -83,
        "EBIT": -83,
        "Net Income": -80
    },
    "2018-09-30": {
        "Diluted EPS": -1.66,
        "Total Revenue": 1,
        "Gross Profit": 1,
        "Operating Income": -76,
        "EBIT": -76,
        "Net Income": -73
    },
    "2018-06-30": {
        "Diluted EPS": -0.62,
        "Total Revenue": 41,
        "Gross Profit": 41,
        "Operating Income": -29,
        "EBIT": -29,
        "Net Income": -27
    },
    "2018-03-31": {
        "Diluted EPS": -1.29,
        "Total Revenue": 1,
        "Gross Profit": 1,
        "Operating Income": -59,
        "EBIT": -59,
        "Net Income": -57
    },
    "2017-12-31": {
        "Diluted EPS": -1.26,
        "Total Revenue": 2,
        "Gross Profit": 2,
        "Operating Income": -50,
        "EBIT": -50,
        "Net Income": -49
    },
    "2017-09-30": {
        "Diluted EPS": -0.96,
        "Total Revenue": 8,
        "Gross Profit": 8,
        "Operating Income": -39,
        "EBIT": -38,
        "Net Income": -38
    },
    "2017-06-30": {
        "Diluted EPS": -0.86,
        "Total Revenue": 6,
        "Gross Profit": 6,
        "Operating Income": -34,
        "EBIT": -34,
        "Net Income": -33
    },
    "2017-03-31": {
        "Diluted EPS": -0.84,
        "Total Revenue": 6,
        "Gross Profit": 6,
        "Operating Income": -28,
        "EBIT": -28,
        "Net Income": -28
    },
    "2016-12-31": {
        "Diluted EPS": -0.75,
        "Total Revenue": 8,
        "Gross Profit": 8,
        "Operating Income": -21,
        "EBIT": -21,
        "Net Income": -21
    },
    "2016-09-30": {
        "Diluted EPS": -0.62,
        "Total Revenue": 6,
        "Gross Profit": 6,
        "Operating Income": -17,
        "EBIT": -16,
        "Net Income": -17
    },
    "2016-06-30": {
        "Diluted EPS": -0.7,
        "Total Revenue": 7,
        "Gross Profit": 7,
        "Operating Income": -19,
        "EBIT": -18,
        "Net Income": -19
    },
    "2016-03-31": {
        "Diluted EPS": -0.57,
        "Total Revenue": 7,
        "Gross Profit": 7,
        "Operating Income": -15,
        "EBIT": -15,
        "Net Income": -16
    },
    "2015-12-31": {
        "Diluted EPS": 6.44,
        "Total Revenue": 5,
        "Gross Profit": 5,
        "Operating Income": -15,
        "EBIT": -15,
        "Net Income": -16
    },
    "2015-09-30": {
        "Diluted EPS": -0.47,
        "Total Revenue": 3,
        "Gross Profit": 3,
        "Operating Income": -12,
        "EBIT": -12,
        "Net Income": -13
    },
    "2015-06-30": {
        "Diluted EPS": -0.81,
        "Total Revenue": 3,
        "Gross Profit": 3,
        "Operating Income": -12,
        "EBIT": -12,
        "Net Income": -14
    },
    "2015-03-31": {
        "Diluted EPS": -8.23,
        "Total Revenue": 1,
        "Gross Profit": 1,
        "Operating Income": -11,
        "EBIT": -11,
        "Net Income": -14
    },
    "2014-12-31": {
        "Diluted EPS": -10.85,
        "Total Revenue": NaN,
        "Gross Profit": NaN,
        "Operating Income": -14,
        "EBIT": -14,
        "Net Income": -14
    },
    "2014-09-30": {
        "Diluted EPS": -8.13,
        "Total Revenue": NaN,
        "Gross Profit": NaN,
        "Operating Income": -10,
        "EBIT": -10,
        "Net Income": -12
    },
    "2014-06-30": {
        "Diluted EPS": -6.99,
        "Total Revenue": NaN,
        "Gross Profit": NaN,
        "Operating Income": -8,
        "EBIT": -8,
        "Net Income": -10
    },
    "2014-03-31": {
        "Diluted EPS": -6.44,
        "Total Revenue": NaN,
        "Gross Profit": NaN,
        "Operating Income": -7,
        "EBIT": -7,
        "Net Income": -8
    },
    "2013-12-31": {
        "Diluted EPS": 0.0,
        "Total Revenue": NaN,
        "Gross Profit": NaN,
        "Operating Income": NaN,
        "EBIT": NaN,
        "Net Income": NaN
    },
    "2023-09-30": {
        "Tax Effect Of Unusual Items": 0.0,
        "Tax Rate For Calcs": 0.21,
        "Normalized EBITDA": -117507000.0,
        "Total Unusual Items": NaN,
        "Total Unusual Items Excluding Goodwill": NaN,
        "Net Income From Continuing Operation Net Minority Interest": -133713000.0,
        "Reconciled Depreciation": 2872000.0,
        "Reconciled Cost Of Revenue": 2782000.0,
        "EBITDA": -117507000.0,
        "EBIT": -120379000.0,
        "Net Interest Income": -3808000.0,
        "Interest Expense": 13137000.0,
        "Interest Income": 9329000.0,
        "Normalized Income": -133713000.0,
        "Net Income From Continuing And Discontinued Operation": -133713000.0,
        "Total Expenses": 183775000.0,
        "Diluted Average Shares": 60688000.0,
        "Basic Average Shares": 60688000.0,
        "Diluted EPS": -2.2,
        "Basic EPS": -2.2,
        "Diluted NI Availto Com Stockholders": -133713000.0,
        "Net Income Common Stockholders": -133713000.0,
        "Net Income": -133713000.0,
        "Net Income Including Noncontrolling Interests": -133713000.0,
        "Net Income Continuous Operations": -133713000.0,
        "Tax Provision": 197000.0,
        "Pretax Income": -133516000.0,
        "Other Income Expense": -2499000.0,
        "Other Non Operating Income Expenses": -728000.0,
        "Special Income Charges": NaN,
        "Other Special Charges": NaN,
        "Earnings From Equity Interest": -1771000.0,
        "Net Non Operating Interest Income Expense": -3808000.0,
        "Total Other Finance Cost": NaN,
        "Interest Expense Non Operating": 13137000.0,
        "Interest Income Non Operating": 9329000.0,
        "Operating Income": -127209000.0,
        "Operating Expense": 180993000.0,
        "Other Operating Expenses": NaN,
        "Research And Development": 110252000.0,
        "Selling General And Administration": 70741000.0,
        "Selling And Marketing Expense": 13071000.0,
        "General And Administrative Expense": 57670000.0,
        "Other Gand A": 16100000.0,
        "Salaries And Wages": 41570000.0,
        "Gross Profit": 53784000.0,
        "Cost Of Revenue": 2782000.0,
        "Total Revenue": 56566000.0,
        "Operating Revenue": 56566000.0
    },
    "2023-12-31": {
        "Tax Effect Of Unusual Items": 0.0,
        "Tax Rate For Calcs": 0.21,
        "Normalized EBITDA": -121931000.0,
        "Total Unusual Items": NaN,
        "Total Unusual Items Excluding Goodwill": NaN,
        "Net Income From Continuing Operation Net Minority Interest": -110916000.0,
        "Reconciled Depreciation": 1531000.0,
        "Reconciled Cost Of Revenue": 260000.0,
        "EBITDA": -121931000.0,
        "EBIT": -123462000.0,
        "Net Interest Income": -5169000.0,
        "Interest Expense": NaN,
        "Interest Income": NaN,
        "Normalized Income": -110916000.0,
        "Net Income From Continuing And Discontinued Operation": -110916000.0,
        "Total Expenses": 177111000.0,
        "Diluted Average Shares": 60890000.0,
        "Basic Average Shares": 60890000.0,
        "Diluted EPS": -1.82,
        "Basic EPS": -1.82,
        "Diluted NI Availto Com Stockholders": -110916000.0,
        "Net Income Common Stockholders": -110916000.0,
        "Net Income": -110916000.0,
        "Net Income Including Noncontrolling Interests": -110916000.0,
        "Net Income Continuous Operations": -110916000.0,
        "Tax Provision": 61000.0,
        "Pretax Income": -110855000.0,
        "Other Income Expense": -532000.0,
        "Other Non Operating Income Expenses": -577000.0,
        "Special Income Charges": NaN,
        "Other Special Charges": NaN,
        "Earnings From Equity Interest": 45000.0,
        "Net Non Operating Interest Income Expense": -5169000.0,
        "Total Other Finance Cost": NaN,
        "Interest Expense Non Operating": NaN,
        "Interest Income Non Operating": NaN,
        "Operating Income": -105154000.0,
        "Operating Expense": 176851000.0,
        "Other Operating Expenses": NaN,
        "Research And Development": 97536000.0,
        "Selling General And Administration": 79315000.0,
        "Selling And Marketing Expense": NaN,
        "General And Administrative Expense": NaN,
        "Other Gand A": NaN,
        "Salaries And Wages": NaN,
        "Gross Profit": 71697000.0,
        "Cost Of Revenue": 260000.0,
        "Total Revenue": 71957000.0,
        "Operating Revenue": 71957000.0
    },
    "2024-03-31": {
        "Tax Effect Of Unusual Items": 349975.816203,
        "Tax Rate For Calcs": 0.002015,
        "Normalized EBITDA": -64459000.0,
        "Total Unusual Items": 173658000.0,
        "Total Unusual Items Excluding Goodwill": 173658000.0,
        "Net Income From Continuing Operation Net Minority Interest": 89136000.0,
        "Reconciled Depreciation": 4810000.0,
        "Reconciled Cost Of Revenue": 3191000.0,
        "EBITDA": 109199000.0,
        "EBIT": 104389000.0,
        "Net Interest Income": -5895000.0,
        "Interest Expense": 15073000.0,
        "Interest Income": 9178000.0,
        "Normalized Income": -84172024.183797,
        "Net Income From Continuing And Discontinued Operation": 89136000.0,
        "Total Expenses": 174939000.0,
        "Diluted Average Shares": 63802000.0,
        "Basic Average Shares": 61580000.0,
        "Diluted EPS": 1.4,
        "Basic EPS": 1.45,
        "Diluted NI Availto Com Stockholders": 89136000.0,
        "Net Income Common Stockholders": 89136000.0,
        "Net Income": 89136000.0,
        "Net Income Including Noncontrolling Interests": 89136000.0,
        "Net Income Continuous Operations": 89136000.0,
        "Tax Provision": 180000.0,
        "Pretax Income": 89316000.0,
        "Other Income Expense": 174034000.0,
        "Other Non Operating Income Expenses": 376000.0,
        "Special Income Charges": 173658000.0,
        "Other Special Charges": -173658000.0,
        "Earnings From Equity Interest": 0.0,
        "Net Non Operating Interest Income Expense": -5895000.0,
        "Total Other Finance Cost": NaN,
        "Interest Expense Non Operating": 15073000.0,
        "Interest Income Non Operating": 9178000.0,
        "Operating Income": -78823000.0,
        "Operating Expense": 171748000.0,
        "Other Operating Expenses": NaN,
        "Research And Development": 88191000.0,
        "Selling General And Administration": 83557000.0,
        "Selling And Marketing Expense": 16930000.0,
        "General And Administrative Expense": 66627000.0,
        "Other Gand A": 20161000.0,
        "Salaries And Wages": 46466000.0,
        "Gross Profit": 92925000.0,
        "Cost Of Revenue": 3191000.0,
        "Total Revenue": 96116000.0,
        "Operating Revenue": 96116000.0
    },
    "2024-06-30": {
        "Tax Effect Of Unusual Items": 3780.0,
        "Tax Rate For Calcs": 0.21,
        "Normalized EBITDA": -29493000.0,
        "Total Unusual Items": 18000.0,
        "Total Unusual Items Excluding Goodwill": 18000.0,
        "Net Income From Continuing Operation Net Minority Interest": -49994000.0,
        "Reconciled Depreciation": 3617000.0,
        "Reconciled Cost Of Revenue": 7593000.0,
        "EBITDA": -29475000.0,
        "EBIT": -33092000.0,
        "Net Interest Income": -6864000.0,
        "Interest Expense": 16800000.0,
        "Interest Income": 9936000.0,
        "Normalized Income": -50008220.0,
        "Net Income From Continuing And Discontinued Operation": -49994000.0,
        "Total Expenses": 181202000.0,
        "Diluted Average Shares": 62854000.0,
        "Basic Average Shares": 62854000.0,
        "Diluted EPS": -0.8,
        "Basic EPS": -0.8,
        "Diluted NI Availto Com Stockholders": -49994000.0,
        "Net Income Common Stockholders": -49994000.0,
        "Net Income": -49994000.0,
        "Net Income Including Noncontrolling Interests": -49994000.0,
        "Net Income Continuous Operations": -49994000.0,
        "Tax Provision": 102000.0,
        "Pretax Income": -49892000.0,
        "Other Income Expense": 17000.0,
        "Other Non Operating Income Expenses": -1000.0,
        "Special Income Charges": 18000.0,
        "Other Special Charges": -18000.0,
        "Earnings From Equity Interest": 0.0,
        "Net Non Operating Interest Income Expense": -6864000.0,
        "Total Other Finance Cost": NaN,
        "Interest Expense Non Operating": 16800000.0,
        "Interest Income Non Operating": 9936000.0,
        "Operating Income": -43045000.0,
        "Operating Expense": 173609000.0,
        "Other Operating Expenses": NaN,
        "Research And Development": 84270000.0,
        "Selling General And Administration": 89339000.0,
        "Selling And Marketing Expense": 22708000.0,
        "General And Administrative Expense": 66631000.0,
        "Other Gand A": 19879000.0,
        "Salaries And Wages": 46752000.0,
        "Gross Profit": 130564000.0,
        "Cost Of Revenue": 7593000.0,
        "Total Revenue": 138157000.0,
        "Operating Revenue": 138157000.0
    },
    "2024-09-30": {
        "Tax Effect Of Unusual Items": 0.0,
        "Tax Rate For Calcs": 0.21,
        "Normalized EBITDA": -33374000.0,
        "Total Unusual Items": 0.0,
        "Total Unusual Items Excluding Goodwill": 0.0,
        "Net Income From Continuing Operation Net Minority Interest": -56276000.0,
        "Reconciled Depreciation": 3863000.0,
        "Reconciled Cost Of Revenue": 1932000.0,
        "EBITDA": -33374000.0,
        "EBIT": -37237000.0,
        "Net Interest Income": -7616000.0,
        "Interest Expense": 18766000.0,
        "Interest Income": 11150000.0,
        "Normalized Income": -56276000.0,
        "Net Income From Continuing And Discontinued Operation": -56276000.0,
        "Total Expenses": 177158000.0,
        "Diluted Average Shares": 63381000.0,
        "Basic Average Shares": 63381000.0,
        "Diluted EPS": -0.89,
        "Basic EPS": -0.89,
        "Diluted NI Availto Com Stockholders": -56276000.0,
        "Net Income Common Stockholders": -56276000.0,
        "Net Income": -56276000.0,
        "Net Income Including Noncontrolling Interests": -56276000.0,
        "Net Income Continuous Operations": -56276000.0,
        "Tax Provision": 273000.0,
        "Pretax Income": -56003000.0,
        "Other Income Expense": 587000.0,
        "Other Non Operating Income Expenses": 587000.0,
        "Special Income Charges": 0.0,
        "Other Special Charges": NaN,
        "Earnings From Equity Interest": 0.0,
        "Net Non Operating Interest Income Expense": -7616000.0,
        "Total Other Finance Cost": NaN,
        "Interest Expense Non Operating": 18766000.0,
        "Interest Income Non Operating": 11150000.0,
        "Operating Income": -48974000.0,
        "Operating Expense": 175226000.0,
        "Other Operating Expenses": NaN,
        "Research And Development": 85300000.0,
        "Selling General And Administration": 89926000.0,
        "Selling And Marketing Expense": 26741000.0,
        "General And Administrative Expense": 63185000.0,
        "Other Gand A": 16135000.0,
        "Salaries And Wages": 47050000.0,
        "Gross Profit": 126252000.0,
        "Cost Of Revenue": 1932000.0,
        "Total Revenue": 128184000.0,
        "Operating Revenue": 128184000.0
    }
}