{
    "2023-03-31": {
        "Tax Effect Of Unusual Items": 0.0,
        "Tax Rate For Calcs": 0.0,
        "Normalized EBITDA": -5247000.0,
        "Total Unusual Items": NaN,
        "Total Unusual Items Excluding Goodwill": NaN,
        "Net Income From Continuing Operation Net Minority Interest": -5273000.0,
        "Reconciled Depreciation": 45000.0,
        "EBITDA": -5247000.0,
        "EBIT": -5292000.0,
        "Net Interest Income": 19000.0,
        "Interest Income": 19000.0,
        "Normalized Income": -5273000.0,
        "Net Income From Continuing And Discontinued Operation": -5273000.0,
        "Total Expenses": 5292000.0,
        "Total Operating Income As Reported": -5292000.0,
        "Diluted Average Shares": 398000.0,
        "Basic Average Shares": 398000.0,
        "Diluted EPS": -13.25,
        "Basic EPS": -13.25,
        "Diluted NI Availto Com Stockholders": -5273000.0,
        "Net Income Common Stockholders": -5273000.0,
        "Net Income": -5273000.0,
        "Net Income Including Noncontrolling Interests": -5273000.0,
        "Net Income Continuous Operations": -5273000.0,
        "Pretax Income": -5273000.0,
        "Other Income Expense": NaN,
        "Gain On Sale Of Security": NaN,
        "Net Non Operating Interest Income Expense": 19000.0,
        "Interest Income Non Operating": 19000.0,
        "Operating Income": -5292000.0,
        "Operating Expense": 5292000.0,
        "Research And Development": 3989000.0,
        "Selling General And Administration": 1303000.0,
        "General And Administrative Expense": 1303000.0,
        "Other Gand A": 1146000.0,
        "Salaries And Wages": 157000.0,
        "Total Revenue": 0.0,
        "Operating Revenue": 0.0
    },
    "2022-12-31": {
        "Tax Effect Of Unusual Items": NaN,
        "Tax Rate For Calcs": NaN,
        "Normalized EBITDA": NaN,
        "Total Unusual Items": NaN,
        "Total Unusual Items Excluding Goodwill": NaN,
        "Net Income From Continuing Operation Net Minority Interest": NaN,
        "Reconciled Depreciation": NaN,
        "EBITDA": NaN,
        "EBIT": NaN,
        "Net Interest Income": NaN,
        "Interest Income": NaN,
        "Normalized Income": NaN,
        "Net Income From Continuing And Discontinued Operation": NaN,
        "Total Expenses": NaN,
        "Total Operating Income As Reported": NaN,
        "Diluted Average Shares": NaN,
        "Basic Average Shares": NaN,
        "Diluted EPS": NaN,
        "Basic EPS": NaN,
        "Diluted NI Availto Com Stockholders": NaN,
        "Net Income Common Stockholders": NaN,
        "Net Income": NaN,
        "Net Income Including Noncontrolling Interests": NaN,
        "Net Income Continuous Operations": NaN,
        "Pretax Income": NaN,
        "Other Income Expense": NaN,
        "Gain On Sale Of Security": NaN,
        "Net Non Operating Interest Income Expense": NaN,
        "Interest Income Non Operating": NaN,
        "Operating Income": NaN,
        "Operating Expense": NaN,
        "Research And Development": NaN,
        "Selling General And Administration": NaN,
        "General And Administrative Expense": NaN,
        "Other Gand A": NaN,
        "Salaries And Wages": 159000.0,
        "Total Revenue": NaN,
        "Operating Revenue": NaN
    },
    "2022-09-30": {
        "Tax Effect Of Unusual Items": NaN,
        "Tax Rate For Calcs": NaN,
        "Normalized EBITDA": NaN,
        "Total Unusual Items": NaN,
        "Total Unusual Items Excluding Goodwill": NaN,
        "Net Income From Continuing Operation Net Minority Interest": NaN,
        "Reconciled Depreciation": NaN,
        "EBITDA": NaN,
        "EBIT": NaN,
        "Net Interest Income": NaN,
        "Interest Income": NaN,
        "Normalized Income": NaN,
        "Net Income From Continuing And Discontinued Operation": NaN,
        "Total Expenses": NaN,
        "Total Operating Income As Reported": NaN,
        "Diluted Average Shares": 358000.0,
        "Basic Average Shares": 358000.0,
        "Diluted EPS": -9.8,
        "Basic EPS": -9.8,
        "Diluted NI Availto Com Stockholders": NaN,
        "Net Income Common Stockholders": NaN,
        "Net Income": NaN,
        "Net Income Including Noncontrolling Interests": NaN,
        "Net Income Continuous Operations": NaN,
        "Pretax Income": NaN,
        "Other Income Expense": NaN,
        "Gain On Sale Of Security": NaN,
        "Net Non Operating Interest Income Expense": NaN,
        "Interest Income Non Operating": NaN,
        "Operating Income": NaN,
        "Operating Expense": NaN,
        "Research And Development": NaN,
        "Selling General And Administration": NaN,
        "General And Administrative Expense": NaN,
        "Other Gand A": NaN,
        "Salaries And Wages": 163000.0,
        "Total Revenue": NaN,
        "Operating Revenue": NaN
    },
    "2022-06-30": {
        "Tax Effect Of Unusual Items": 0.0,
        "Tax Rate For Calcs": 0.0,
        "Normalized EBITDA": -2967000.0,
        "Net Income From Continuing Operation Net Minority Interest": -3008000.0,
        "Reconciled Depreciation": 43000.0,
        "EBITDA": -2967000.0,
        "EBIT": -3010000.0,
        "Net Interest Income": 2000.0,
        "Interest Income": 2000.0,
        "Normalized Income": -3008000.0,
        "Net Income From Continuing And Discontinued Operation": -3008000.0,
        "Total Expenses": 3010000.0,
        "Total Operating Income As Reported": -3010000.0,
        "Diluted Average Shares": 7160000.0,
        "Basic Average Shares": 7160000.0,
        "Diluted EPS": -0.42,
        "Basic EPS": -0.42,
        "Diluted NI Availto Com Stockholders": -3008000.0,
        "Net Income Common Stockholders": -3008000.0,
        "Net Income": -3008000.0,
        "Net Income Including Noncontrolling Interests": -3008000.0,
        "Net Income Continuous Operations": -3008000.0,
        "Pretax Income": -3008000.0,
        "Net Non Operating Interest Income Expense": 2000.0,
        "Interest Income Non Operating": 2000.0,
        "Operating Income": -3010000.0,
        "Operating Expense": 3010000.0,
        "Research And Development": 1851000.0,
        "Selling General And Administration": 1159000.0,
        "General And Administrative Expense": 1159000.0,
        "Other Gand A": 996000.0,
        "Salaries And Wages": 163000.0,
        "Total Revenue": 0.0,
        "Operating Revenue": 0.0
    },
    "2022-03-31": {
        "Diluted EPS": -0.47,
        "Total Revenue": NaN,
        "Gross Profit": NaN,
        "Operating Income": -3,
        "EBIT": -3,
        "Net Income": -3
    },
    "2021-12-31": {
        "Diluted EPS": -0.57,
        "Total Revenue": NaN,
        "Gross Profit": NaN,
        "Operating Income": -4,
        "EBIT": -4,
        "Net Income": -4
    },
    "2021-09-30": {
        "Diluted EPS": -0.29,
        "Total Revenue": NaN,
        "Gross Profit": NaN,
        "Operating Income": -2,
        "EBIT": -2,
        "Net Income": -2
    },
    "2021-06-30": {
        "Diluted EPS": -0.26,
        "Total Revenue": NaN,
        "Gross Profit": NaN,
        "Operating Income": -2,
        "EBIT": -2,
        "Net Income": -2
    },
    "2021-03-31": {
        "Diluted EPS": -0.43,
        "Total Revenue": NaN,
        "Gross Profit": NaN,
        "Operating Income": -2,
        "EBIT": -2,
        "Net Income": -2
    },
    "2020-12-31": {
        "Diluted EPS": -0.58,
        "Total Revenue": NaN,
        "Gross Profit": NaN,
        "Operating Income": -3,
        "EBIT": -3,
        "Net Income": -3
    },
    "2020-09-30": {
        "Diluted EPS": -0.8,
        "Total Revenue": NaN,
        "Gross Profit": NaN,
        "Operating Income": -3,
        "EBIT": -3,
        "Net Income": -3
    },
    "2020-06-30": {
        "Diluted EPS": -0.55,
        "Total Revenue": NaN,
        "Gross Profit": NaN,
        "Operating Income": -2,
        "EBIT": -2,
        "Net Income": -2
    },
    "2020-03-31": {
        "Diluted EPS": -0.9,
        "Total Revenue": NaN,
        "Gross Profit": NaN,
        "Operating Income": -3,
        "EBIT": -3,
        "Net Income": -3
    },
    "2019-12-31": {
        "Diluted EPS": -0.7,
        "Total Revenue": NaN,
        "Gross Profit": NaN,
        "Operating Income": -2,
        "EBIT": -2,
        "Net Income": -2
    },
    "2019-09-30": {
        "Diluted EPS": -0.78,
        "Total Revenue": NaN,
        "Gross Profit": NaN,
        "Operating Income": -2,
        "EBIT": -2,
        "Net Income": -2
    },
    "2019-06-30": {
        "Diluted EPS": -0.87,
        "Total Revenue": NaN,
        "Gross Profit": NaN,
        "Operating Income": -2,
        "EBIT": -2,
        "Net Income": -2
    },
    "2019-03-31": {
        "Diluted EPS": -0.89,
        "Total Revenue": NaN,
        "Gross Profit": NaN,
        "Operating Income": -2,
        "EBIT": -1,
        "Net Income": -2
    },
    "2018-12-31": {
        "Diluted EPS": -2.66,
        "Total Revenue": NaN,
        "Gross Profit": NaN,
        "Operating Income": -2,
        "EBIT": -2,
        "Net Income": -2
    },
    "2018-09-30": {
        "Diluted EPS": -5.38,
        "Total Revenue": NaN,
        "Gross Profit": NaN,
        "Operating Income": -3,
        "EBIT": -3,
        "Net Income": -3
    },
    "2018-06-30": {
        "Diluted EPS": -2.96,
        "Total Revenue": NaN,
        "Gross Profit": NaN,
        "Operating Income": -2,
        "EBIT": -2,
        "Net Income": -2
    },
    "2018-03-31": {
        "Diluted EPS": -3.38,
        "Total Revenue": NaN,
        "Gross Profit": NaN,
        "Operating Income": -2,
        "EBIT": -2,
        "Net Income": -2
    },
    "2017-12-31": {
        "Diluted EPS": -3.99,
        "Total Revenue": NaN,
        "Gross Profit": NaN,
        "Operating Income": -2,
        "EBIT": -2,
        "Net Income": -2
    },
    "2017-09-30": {
        "Diluted EPS": -5.0,
        "Total Revenue": NaN,
        "Gross Profit": NaN,
        "Operating Income": -2,
        "EBIT": -2,
        "Net Income": -2
    },
    "2017-06-30": {
        "Diluted EPS": -6.2,
        "Total Revenue": NaN,
        "Gross Profit": NaN,
        "Operating Income": -2,
        "EBIT": -2,
        "Net Income": -3
    },
    "2017-03-31": {
        "Diluted EPS": -0.8,
        "Total Revenue": NaN,
        "Gross Profit": NaN,
        "Operating Income": -2,
        "EBIT": -2,
        "Net Income": 0
    },
    "2016-12-31": {
        "Diluted EPS": -2.6,
        "Total Revenue": NaN,
        "Gross Profit": NaN,
        "Operating Income": -2,
        "EBIT": -2,
        "Net Income": -1
    },
    "2016-09-30": {
        "Diluted EPS": -4.0,
        "Total Revenue": NaN,
        "Gross Profit": NaN,
        "Operating Income": -3,
        "EBIT": -3,
        "Net Income": -2
    },
    "2016-06-30": {
        "Diluted EPS": -4.0,
        "Total Revenue": NaN,
        "Gross Profit": NaN,
        "Operating Income": -2,
        "EBIT": -2,
        "Net Income": -2
    },
    "2016-03-31": {
        "Diluted EPS": -4.0,
        "Total Revenue": NaN,
        "Gross Profit": NaN,
        "Operating Income": -2,
        "EBIT": -2,
        "Net Income": -2
    },
    "2015-12-31": {
        "Diluted EPS": -2.0,
        "Total Revenue": NaN,
        "Gross Profit": NaN,
        "Operating Income": -1,
        "EBIT": -1,
        "Net Income": -1
    },
    "2015-09-30": {
        "Diluted EPS": -4.0,
        "Total Revenue": NaN,
        "Gross Profit": NaN,
        "Operating Income": -2,
        "EBIT": -1,
        "Net Income": -2
    },
    "2015-06-30": {
        "Diluted EPS": -2.0,
        "Total Revenue": NaN,
        "Gross Profit": NaN,
        "Operating Income": -1,
        "EBIT": -1,
        "Net Income": -1
    },
    "2015-03-31": {
        "Diluted EPS": -4.0,
        "Total Revenue": NaN,
        "Gross Profit": NaN,
        "Operating Income": -1,
        "EBIT": -1,
        "Net Income": -1
    },
    "2014-12-31": {
        "Diluted EPS": -4.0,
        "Total Revenue": NaN,
        "Gross Profit": NaN,
        "Operating Income": -2,
        "EBIT": -2,
        "Net Income": -2
    },
    "2014-09-30": {
        "Diluted EPS": -2.0,
        "Total Revenue": NaN,
        "Gross Profit": NaN,
        "Operating Income": -1,
        "EBIT": -1,
        "Net Income": -1
    },
    "2014-06-30": {
        "Diluted EPS": -2.0,
        "Total Revenue": NaN,
        "Gross Profit": NaN,
        "Operating Income": -1,
        "EBIT": -1,
        "Net Income": -1
    },
    "2014-03-31": {
        "Diluted EPS": -2.0,
        "Total Revenue": NaN,
        "Gross Profit": NaN,
        "Operating Income": -1,
        "EBIT": 0,
        "Net Income": -1
    },
    "2013-12-31": {
        "Diluted EPS": -2.0,
        "Total Revenue": NaN,
        "Gross Profit": NaN,
        "Operating Income": -1,
        "EBIT": -1,
        "Net Income": -1
    },
    "2013-09-30": {
        "Diluted EPS": -4.0,
        "Total Revenue": NaN,
        "Gross Profit": NaN,
        "Operating Income": -1,
        "EBIT": -1,
        "Net Income": -1
    },
    "2013-06-30": {
        "Diluted EPS": -2.0,
        "Total Revenue": NaN,
        "Gross Profit": NaN,
        "Operating Income": 0,
        "EBIT": 0,
        "Net Income": 0
    },
    "2013-03-31": {
        "Diluted EPS": -2.0,
        "Total Revenue": NaN,
        "Gross Profit": NaN,
        "Operating Income": -1,
        "EBIT": -1,
        "Net Income": -1
    },
    "2012-12-31": {
        "Diluted EPS": -2.0,
        "Total Revenue": NaN,
        "Gross Profit": NaN,
        "Operating Income": 0,
        "EBIT": 0,
        "Net Income": 0
    },
    "2012-09-30": {
        "Diluted EPS": -2.0,
        "Total Revenue": NaN,
        "Gross Profit": NaN,
        "Operating Income": -1,
        "EBIT": -1,
        "Net Income": -1
    },
    "2012-06-30": {
        "Diluted EPS": -2.0,
        "Total Revenue": NaN,
        "Gross Profit": NaN,
        "Operating Income": -1,
        "EBIT": -1,
        "Net Income": -1
    },
    "2012-03-31": {
        "Diluted EPS": -2.0,
        "Total Revenue": NaN,
        "Gross Profit": NaN,
        "Operating Income": -1,
        "EBIT": 0,
        "Net Income": -1
    },
    "2011-12-31": {
        "Diluted EPS": -2.0,
        "Total Revenue": NaN,
        "Gross Profit": NaN,
        "Operating Income": -1,
        "EBIT": -1,
        "Net Income": -1
    },
    "2011-09-30": {
        "Diluted EPS": -2.0,
        "Total Revenue": NaN,
        "Gross Profit": NaN,
        "Operating Income": -1,
        "EBIT": 0,
        "Net Income": -1
    },
    "2011-06-30": {
        "Diluted EPS": -2.0,
        "Total Revenue": NaN,
        "Gross Profit": NaN,
        "Operating Income": 0,
        "EBIT": 0,
        "Net Income": 0
    },
    "2011-03-31": {
        "Diluted EPS": -2.0,
        "Total Revenue": NaN,
        "Gross Profit": NaN,
        "Operating Income": -1,
        "EBIT": -1,
        "Net Income": -1
    },
    "2010-12-31": {
        "Diluted EPS": -2.0,
        "Total Revenue": NaN,
        "Gross Profit": NaN,
        "Operating Income": -1,
        "EBIT": -1,
        "Net Income": -1
    },
    "2010-09-30": {
        "Diluted EPS": -2.0,
        "Total Revenue": NaN,
        "Gross Profit": NaN,
        "Operating Income": -1,
        "EBIT": 0,
        "Net Income": -1
    },
    "2010-06-30": {
        "Diluted EPS": -2.0,
        "Total Revenue": NaN,
        "Gross Profit": NaN,
        "Operating Income": 0,
        "EBIT": 0,
        "Net Income": 0
    },
    "2010-03-31": {
        "Diluted EPS": -2.0,
        "Total Revenue": NaN,
        "Gross Profit": NaN,
        "Operating Income": 0,
        "EBIT": 0,
        "Net Income": 0
    },
    "2009-12-31": {
        "Diluted EPS": -4.0,
        "Total Revenue": NaN,
        "Gross Profit": NaN,
        "Operating Income": 0,
        "EBIT": 0,
        "Net Income": 0
    },
    "2009-09-30": {
        "Diluted EPS": -2.0,
        "Total Revenue": NaN,
        "Gross Profit": NaN,
        "Operating Income": 0,
        "EBIT": 0,
        "Net Income": 0
    },
    "2009-06-30": {
        "Diluted EPS": -2.0,
        "Total Revenue": NaN,
        "Gross Profit": NaN,
        "Operating Income": -1,
        "EBIT": 0,
        "Net Income": -1
    },
    "2009-03-31": {
        "Diluted EPS": -2.0,
        "Total Revenue": NaN,
        "Gross Profit": NaN,
        "Operating Income": -1,
        "EBIT": -1,
        "Net Income": -1
    },
    "2023-06-30": {
        "Tax Effect Of Unusual Items": 0.0,
        "Tax Rate For Calcs": 0.0,
        "Normalized EBITDA": -4196000.0,
        "Total Unusual Items": NaN,
        "Total Unusual Items Excluding Goodwill": NaN,
        "Net Income From Continuing Operation Net Minority Interest": -4234000.0,
        "Reconciled Depreciation": 46000.0,
        "EBITDA": -4196000.0,
        "EBIT": -4242000.0,
        "Net Interest Income": 8000.0,
        "Interest Income": 8000.0,
        "Normalized Income": -4234000.0,
        "Net Income From Continuing And Discontinued Operation": -4234000.0,
        "Total Expenses": 4242000.0,
        "Total Operating Income As Reported": -4242000.0,
        "Diluted Average Shares": 398000.0,
        "Basic Average Shares": 398000.0,
        "Diluted EPS": -10.6,
        "Basic EPS": -10.6,
        "Diluted NI Availto Com Stockholders": -4234000.0,
        "Net Income Common Stockholders": -4234000.0,
        "Net Income": -4234000.0,
        "Net Income Including Noncontrolling Interests": -4234000.0,
        "Net Income Continuous Operations": -4234000.0,
        "Pretax Income": -4234000.0,
        "Other Income Expense": NaN,
        "Gain On Sale Of Security": NaN,
        "Net Non Operating Interest Income Expense": 8000.0,
        "Interest Income Non Operating": 8000.0,
        "Operating Income": -4242000.0,
        "Operating Expense": 4242000.0,
        "Research And Development": 3051000.0,
        "Selling General And Administration": 1191000.0,
        "General And Administrative Expense": 1191000.0,
        "Other Gand A": 1191000.0,
        "Salaries And Wages": 127000.0,
        "Total Revenue": 0.0,
        "Operating Revenue": 0.0
    },
    "2023-09-30": {
        "Tax Effect Of Unusual Items": 0.0,
        "Tax Rate For Calcs": 0.0,
        "Normalized EBITDA": -3302000.0,
        "Total Unusual Items": 72000.0,
        "Total Unusual Items Excluding Goodwill": 72000.0,
        "Net Income From Continuing Operation Net Minority Interest": -3199000.0,
        "Reconciled Depreciation": 46000.0,
        "EBITDA": -3230000.0,
        "EBIT": -3276000.0,
        "Net Interest Income": 5000.0,
        "Interest Income": 5000.0,
        "Normalized Income": -3271000.0,
        "Net Income From Continuing And Discontinued Operation": -3199000.0,
        "Total Expenses": 3276000.0,
        "Total Operating Income As Reported": -3276000.0,
        "Diluted Average Shares": 502650.0,
        "Basic Average Shares": 502650.0,
        "Diluted EPS": -6.4,
        "Basic EPS": -6.4,
        "Diluted NI Availto Com Stockholders": -3199000.0,
        "Net Income Common Stockholders": -3199000.0,
        "Net Income": -3199000.0,
        "Net Income Including Noncontrolling Interests": -3199000.0,
        "Net Income Continuous Operations": -3199000.0,
        "Pretax Income": -3199000.0,
        "Other Income Expense": 72000.0,
        "Gain On Sale Of Security": 72000.0,
        "Net Non Operating Interest Income Expense": 5000.0,
        "Interest Income Non Operating": 5000.0,
        "Operating Income": -3276000.0,
        "Operating Expense": 3276000.0,
        "Research And Development": 2292000.0,
        "Selling General And Administration": 984000.0,
        "General And Administrative Expense": 984000.0,
        "Other Gand A": 984000.0,
        "Salaries And Wages": NaN,
        "Total Revenue": 0.0,
        "Operating Revenue": 0.0
    },
    "2023-12-31": {
        "Tax Effect Of Unusual Items": 0.0,
        "Tax Rate For Calcs": 0.0,
        "Normalized EBITDA": -2649000.0,
        "Total Unusual Items": -343000.0,
        "Total Unusual Items Excluding Goodwill": -343000.0,
        "Net Income From Continuing Operation Net Minority Interest": -3372000.0,
        "Reconciled Depreciation": 41000.0,
        "EBITDA": -2992000.0,
        "EBIT": -3033000.0,
        "Net Interest Income": 4000.0,
        "Interest Income": 4000.0,
        "Normalized Income": -3029000.0,
        "Net Income From Continuing And Discontinued Operation": -3372000.0,
        "Total Expenses": 3033000.0,
        "Total Operating Income As Reported": -3033000.0,
        "Diluted Average Shares": NaN,
        "Basic Average Shares": NaN,
        "Diluted EPS": NaN,
        "Basic EPS": NaN,
        "Diluted NI Availto Com Stockholders": -3372000.0,
        "Net Income Common Stockholders": -3372000.0,
        "Net Income": -3372000.0,
        "Net Income Including Noncontrolling Interests": -3372000.0,
        "Net Income Continuous Operations": -3372000.0,
        "Pretax Income": -3372000.0,
        "Other Income Expense": -343000.0,
        "Gain On Sale Of Security": -343000.0,
        "Net Non Operating Interest Income Expense": 4000.0,
        "Interest Income Non Operating": 4000.0,
        "Operating Income": -3033000.0,
        "Operating Expense": 3033000.0,
        "Research And Development": 2276000.0,
        "Selling General And Administration": 757000.0,
        "General And Administrative Expense": 757000.0,
        "Other Gand A": 757000.0,
        "Salaries And Wages": NaN,
        "Total Revenue": 0.0,
        "Operating Revenue": 0.0
    },
    "2024-03-31": {
        "Tax Effect Of Unusual Items": 0.0,
        "Tax Rate For Calcs": 0.0,
        "Normalized EBITDA": -4186000.0,
        "Total Unusual Items": 538000.0,
        "Total Unusual Items Excluding Goodwill": 538000.0,
        "Net Income From Continuing Operation Net Minority Interest": -3157000.0,
        "Reconciled Depreciation": 47000.0,
        "EBITDA": -3648000.0,
        "EBIT": -3695000.0,
        "Net Interest Income": 0.0,
        "Interest Income": 0.0,
        "Normalized Income": -3695000.0,
        "Net Income From Continuing And Discontinued Operation": -3157000.0,
        "Total Expenses": 3695000.0,
        "Total Operating Income As Reported": -3695000.0,
        "Diluted Average Shares": 647000.0,
        "Basic Average Shares": 647000.0,
        "Diluted EPS": -4.88,
        "Basic EPS": -4.88,
        "Diluted NI Availto Com Stockholders": -3157000.0,
        "Net Income Common Stockholders": -3157000.0,
        "Net Income": -3157000.0,
        "Net Income Including Noncontrolling Interests": -3157000.0,
        "Net Income Continuous Operations": -3157000.0,
        "Pretax Income": -3157000.0,
        "Other Income Expense": 538000.0,
        "Gain On Sale Of Security": 538000.0,
        "Net Non Operating Interest Income Expense": 0.0,
        "Interest Income Non Operating": 0.0,
        "Operating Income": -3695000.0,
        "Operating Expense": 3695000.0,
        "Research And Development": 2288000.0,
        "Selling General And Administration": 1407000.0,
        "General And Administrative Expense": 1407000.0,
        "Other Gand A": 1277000.0,
        "Salaries And Wages": 130000.0,
        "Total Revenue": 0.0,
        "Operating Revenue": 0.0
    }
}