{
    "2023-12-31": {
        "Tax Effect Of Unusual Items": 0.0,
        "Tax Rate For Calcs": 0.230389,
        "Total Unusual Items": 0.0,
        "Total Unusual Items Excluding Goodwill": 0.0,
        "Net Income From Continuing Operation Net Minority Interest": -5759000.0,
        "Reconciled Depreciation": 297000.0,
        "Net Interest Income": 21763000.0,
        "Interest Expense": 21397000.0,
        "Interest Income": 43160000.0,
        "Normalized Income": -5759000.0,
        "Net Income From Continuing And Discontinued Operation": -5759000.0,
        "Diluted Average Shares": 19033000.0,
        "Basic Average Shares": 19033000.0,
        "Diluted EPS": -0.3,
        "Basic EPS": -0.3,
        "Diluted NI Availto Com Stockholders": -5759000.0,
        "Net Income Common Stockholders": -5759000.0,
        "Preferred Stock Dividends": NaN,
        "Net Income": -5759000.0,
        "Minority Interests": 0.0,
        "Net Income Including Noncontrolling Interests": -5759000.0,
        "Net Income Discontinuous Operations": 0.0,
        "Net Income Continuous Operations": -5759000.0,
        "Tax Provision": -1724000.0,
        "Pretax Income": -7483000.0,
        "Special Income Charges": 0.0,
        "Other Special Charges": 0.0,
        "Impairment Of Capital Assets": 0.0,
        "Restructuring And Mergern Acquisition": 0.0,
        "Gain On Sale Of Security": -820000.0,
        "Depreciation Amortization Depletion Income Statement": 297000.0,
        "Depreciation And Amortization In Income Statement": 297000.0,
        "Amortization": 297000.0,
        "Amortization Of Intangibles Income Statement": 297000.0,
        "Selling General And Administration": 15657000.0,
        "Selling And Marketing Expense": 184000.0,
        "General And Administrative Expense": 15473000.0,
        "Other Gand A": NaN,
        "Insurance And Claims": 1762000.0,
        "Salaries And Wages": 13711000.0,
        "Total Revenue": 25870000.0,
        "Operating Revenue": 25870000.0,
        "Occupancy And Equipment": 1549000.0,
        "Professional Expense And Contract Services Expense": 1095000.0,
        "Other Non Interest Expense": 11985000.0
    },
    "2023-09-30": {
        "Tax Effect Of Unusual Items": -3348252.0,
        "Tax Rate For Calcs": 0.102,
        "Total Unusual Items": -32826000.0,
        "Total Unusual Items Excluding Goodwill": -32826000.0,
        "Net Income From Continuing Operation Net Minority Interest": -41371000.0,
        "Reconciled Depreciation": 721000.0,
        "Net Interest Income": 22192000.0,
        "Interest Expense": 20293000.0,
        "Interest Income": 42485000.0,
        "Normalized Income": -11893252.0,
        "Net Income From Continuing And Discontinued Operation": -41371000.0,
        "Diluted Average Shares": 19014883.0,
        "Basic Average Shares": 19014883.0,
        "Diluted EPS": -2.18,
        "Basic EPS": -2.18,
        "Diluted NI Availto Com Stockholders": -41371000.0,
        "Net Income Common Stockholders": -41371000.0,
        "Preferred Stock Dividends": NaN,
        "Net Income": -41371000.0,
        "Minority Interests": 0.0,
        "Net Income Including Noncontrolling Interests": -41371000.0,
        "Net Income Discontinuous Operations": 0.0,
        "Net Income Continuous Operations": -41371000.0,
        "Tax Provision": -4693000.0,
        "Pretax Income": -46064000.0,
        "Special Income Charges": -32826000.0,
        "Other Special Charges": 6000000.0,
        "Impairment Of Capital Assets": 26826000.0,
        "Restructuring And Mergern Acquisition": 0.0,
        "Gain On Sale Of Security": -594000.0,
        "Depreciation Amortization Depletion Income Statement": 308000.0,
        "Depreciation And Amortization In Income Statement": 308000.0,
        "Amortization": 308000.0,
        "Amortization Of Intangibles Income Statement": 308000.0,
        "Selling General And Administration": 16312000.0,
        "Selling And Marketing Expense": 350000.0,
        "General And Administrative Expense": 15962000.0,
        "Other Gand A": NaN,
        "Insurance And Claims": 1322000.0,
        "Salaries And Wages": 14640000.0,
        "Total Revenue": 29607000.0,
        "Operating Revenue": 29607000.0,
        "Occupancy And Equipment": 1475000.0,
        "Professional Expense And Contract Services Expense": 1703000.0,
        "Other Non Interest Expense": 11997000.0
    },
    "2023-06-30": {
        "Tax Effect Of Unusual Items": 0.0,
        "Tax Rate For Calcs": 0.175,
        "Total Unusual Items": 0.0,
        "Total Unusual Items Excluding Goodwill": 0.0,
        "Net Income From Continuing Operation Net Minority Interest": -8613000.0,
        "Reconciled Depreciation": 768000.0,
        "Net Interest Income": 23890000.0,
        "Interest Expense": 18570000.0,
        "Interest Income": 42460000.0,
        "Normalized Income": -8613000.0,
        "Net Income From Continuing And Discontinued Operation": -8613000.0,
        "Diluted Average Shares": 18850625.0,
        "Basic Average Shares": 18850625.0,
        "Diluted EPS": -0.45,
        "Basic EPS": -0.45,
        "Diluted NI Availto Com Stockholders": -8613000.0,
        "Net Income Common Stockholders": -8613000.0,
        "Preferred Stock Dividends": NaN,
        "Net Income": -8613000.0,
        "Minority Interests": 0.0,
        "Net Income Including Noncontrolling Interests": -8613000.0,
        "Net Income Discontinuous Operations": 0.0,
        "Net Income Continuous Operations": -8613000.0,
        "Tax Provision": -1826000.0,
        "Pretax Income": -10439000.0,
        "Special Income Charges": 0.0,
        "Other Special Charges": NaN,
        "Impairment Of Capital Assets": NaN,
        "Restructuring And Mergern Acquisition": 0.0,
        "Gain On Sale Of Security": -281000.0,
        "Depreciation Amortization Depletion Income Statement": 335000.0,
        "Depreciation And Amortization In Income Statement": 335000.0,
        "Amortization": 335000.0,
        "Amortization Of Intangibles Income Statement": 335000.0,
        "Selling General And Administration": 16101000.0,
        "Selling And Marketing Expense": 337000.0,
        "General And Administrative Expense": 15764000.0,
        "Other Gand A": NaN,
        "Insurance And Claims": 1246000.0,
        "Salaries And Wages": 14518000.0,
        "Total Revenue": 33626000.0,
        "Operating Revenue": 33626000.0,
        "Occupancy And Equipment": 1913000.0,
        "Professional Expense And Contract Services Expense": 3256000.0,
        "Other Non Interest Expense": 12447000.0
    },
    "2023-03-31": {
        "Tax Effect Of Unusual Items": NaN,
        "Tax Rate For Calcs": NaN,
        "Total Unusual Items": 0.0,
        "Total Unusual Items Excluding Goodwill": 0.0,
        "Net Income From Continuing Operation Net Minority Interest": NaN,
        "Reconciled Depreciation": NaN,
        "Net Interest Income": NaN,
        "Interest Expense": NaN,
        "Interest Income": NaN,
        "Normalized Income": NaN,
        "Net Income From Continuing And Discontinued Operation": NaN,
        "Diluted Average Shares": NaN,
        "Basic Average Shares": NaN,
        "Diluted EPS": NaN,
        "Basic EPS": NaN,
        "Diluted NI Availto Com Stockholders": NaN,
        "Net Income Common Stockholders": NaN,
        "Preferred Stock Dividends": NaN,
        "Net Income": NaN,
        "Minority Interests": 0.0,
        "Net Income Including Noncontrolling Interests": NaN,
        "Net Income Discontinuous Operations": 0.0,
        "Net Income Continuous Operations": NaN,
        "Tax Provision": NaN,
        "Pretax Income": NaN,
        "Special Income Charges": 0.0,
        "Other Special Charges": NaN,
        "Impairment Of Capital Assets": NaN,
        "Restructuring And Mergern Acquisition": 0.0,
        "Gain On Sale Of Security": NaN,
        "Depreciation Amortization Depletion Income Statement": NaN,
        "Depreciation And Amortization In Income Statement": NaN,
        "Amortization": NaN,
        "Amortization Of Intangibles Income Statement": NaN,
        "Selling General And Administration": NaN,
        "Selling And Marketing Expense": NaN,
        "General And Administrative Expense": NaN,
        "Other Gand A": 2285000.0,
        "Insurance And Claims": NaN,
        "Salaries And Wages": NaN,
        "Total Revenue": NaN,
        "Operating Revenue": NaN,
        "Occupancy And Equipment": NaN,
        "Professional Expense And Contract Services Expense": NaN,
        "Other Non Interest Expense": NaN
    },
    "2024-03-31": {
        "Tax Effect Of Unusual Items": 0.0,
        "Tax Rate For Calcs": 0.123,
        "Total Unusual Items": NaN,
        "Total Unusual Items Excluding Goodwill": NaN,
        "Net Income From Continuing Operation Net Minority Interest": -2893000.0,
        "Reconciled Depreciation": 720000.0,
        "Net Interest Income": 20349000.0,
        "Interest Expense": 22182000.0,
        "Interest Income": 42531000.0,
        "Normalized Income": -2893000.0,
        "Net Income From Continuing And Discontinued Operation": -2893000.0,
        "Diluted Average Shares": 19178332.0,
        "Basic Average Shares": 19178332.0,
        "Diluted EPS": -0.15,
        "Basic EPS": -0.15,
        "Diluted NI Availto Com Stockholders": -2893000.0,
        "Net Income Common Stockholders": -2893000.0,
        "Preferred Stock Dividends": NaN,
        "Net Income": -2893000.0,
        "Minority Interests": NaN,
        "Net Income Including Noncontrolling Interests": -2893000.0,
        "Net Income Discontinuous Operations": NaN,
        "Net Income Continuous Operations": -2893000.0,
        "Tax Provision": -407000.0,
        "Pretax Income": -3300000.0,
        "Special Income Charges": NaN,
        "Other Special Charges": NaN,
        "Impairment Of Capital Assets": NaN,
        "Restructuring And Mergern Acquisition": NaN,
        "Gain On Sale Of Security": -7000.0,
        "Depreciation Amortization Depletion Income Statement": 287000.0,
        "Depreciation And Amortization In Income Statement": 287000.0,
        "Amortization": 287000.0,
        "Amortization Of Intangibles Income Statement": 287000.0,
        "Selling General And Administration": 17719000.0,
        "Selling And Marketing Expense": 297000.0,
        "General And Administrative Expense": 17422000.0,
        "Other Gand A": NaN,
        "Insurance And Claims": 1377000.0,
        "Salaries And Wages": 16045000.0,
        "Total Revenue": 28174000.0,
        "Operating Revenue": 28174000.0,
        "Occupancy And Equipment": 1524000.0,
        "Professional Expense And Contract Services Expense": 1602000.0,
        "Other Non Interest Expense": 11342000.0
    },
    "2022-12-31": {
        "Tax Effect Of Unusual Items": NaN,
        "Tax Rate For Calcs": NaN,
        "Total Unusual Items": 0.0,
        "Total Unusual Items Excluding Goodwill": 0.0,
        "Net Income From Continuing Operation Net Minority Interest": NaN,
        "Reconciled Depreciation": NaN,
        "Net Interest Income": NaN,
        "Interest Expense": NaN,
        "Interest Income": NaN,
        "Normalized Income": NaN,
        "Net Income From Continuing And Discontinued Operation": NaN,
        "Diluted Average Shares": NaN,
        "Basic Average Shares": NaN,
        "Diluted EPS": NaN,
        "Basic EPS": NaN,
        "Diluted NI Availto Com Stockholders": NaN,
        "Net Income Common Stockholders": NaN,
        "Preferred Stock Dividends": NaN,
        "Net Income": NaN,
        "Minority Interests": 0.0,
        "Net Income Including Noncontrolling Interests": NaN,
        "Net Income Discontinuous Operations": 0.0,
        "Net Income Continuous Operations": NaN,
        "Tax Provision": NaN,
        "Pretax Income": NaN,
        "Special Income Charges": 0.0,
        "Other Special Charges": NaN,
        "Impairment Of Capital Assets": NaN,
        "Restructuring And Mergern Acquisition": 0.0,
        "Gain On Sale Of Security": NaN,
        "Depreciation Amortization Depletion Income Statement": NaN,
        "Depreciation And Amortization In Income Statement": NaN,
        "Amortization": NaN,
        "Amortization Of Intangibles Income Statement": NaN,
        "Selling General And Administration": NaN,
        "Selling And Marketing Expense": NaN,
        "General And Administrative Expense": NaN,
        "Other Gand A": NaN,
        "Insurance And Claims": NaN,
        "Salaries And Wages": NaN,
        "Total Revenue": NaN,
        "Operating Revenue": NaN,
        "Occupancy And Equipment": NaN,
        "Professional Expense And Contract Services Expense": NaN,
        "Other Non Interest Expense": NaN
    },
    "2022-09-30": {
        "Tax Effect Of Unusual Items": NaN,
        "Tax Rate For Calcs": NaN,
        "Total Unusual Items": NaN,
        "Total Unusual Items Excluding Goodwill": NaN,
        "Net Income From Continuing Operation Net Minority Interest": NaN,
        "Reconciled Depreciation": NaN,
        "Net Interest Income": NaN,
        "Interest Expense": NaN,
        "Interest Income": NaN,
        "Normalized Income": NaN,
        "Net Income From Continuing And Discontinued Operation": NaN,
        "Diluted Average Shares": NaN,
        "Basic Average Shares": NaN,
        "Diluted EPS": NaN,
        "Basic EPS": NaN,
        "Diluted NI Availto Com Stockholders": NaN,
        "Net Income Common Stockholders": NaN,
        "Net Income": NaN,
        "Minority Interests": NaN,
        "Net Income Including Noncontrolling Interests": NaN,
        "Net Income Discontinuous Operations": NaN,
        "Net Income Continuous Operations": NaN,
        "Tax Provision": NaN,
        "Pretax Income": NaN,
        "Special Income Charges": NaN,
        "Other Special Charges": NaN,
        "Impairment Of Capital Assets": 0.0,
        "Restructuring And Mergern Acquisition": NaN,
        "Gain On Sale Of Security": NaN,
        "Depreciation Amortization Depletion Income Statement": NaN,
        "Depreciation And Amortization In Income Statement": NaN,
        "Amortization": NaN,
        "Amortization Of Intangibles Income Statement": NaN,
        "Selling General And Administration": NaN,
        "Selling And Marketing Expense": NaN,
        "General And Administrative Expense": NaN,
        "Other Gand A": 2967000.0,
        "Insurance And Claims": NaN,
        "Salaries And Wages": NaN,
        "Total Revenue": NaN,
        "Operating Revenue": NaN
    },
    "2024-06-30": {
        "Tax Effect Of Unusual Items": 0.0,
        "Tax Rate For Calcs": 0.051,
        "Total Unusual Items": NaN,
        "Total Unusual Items Excluding Goodwill": NaN,
        "Net Income From Continuing Operation Net Minority Interest": -11435000.0,
        "Reconciled Depreciation": 654000.0,
        "Net Interest Income": 20085000.0,
        "Interest Expense": 20546000.0,
        "Interest Income": 40631000.0,
        "Normalized Income": -11435000.0,
        "Net Income From Continuing And Discontinued Operation": -11435000.0,
        "Diluted Average Shares": 24477007.0,
        "Basic Average Shares": 24477007.0,
        "Diluted EPS": -0.47,
        "Basic EPS": -0.47,
        "Diluted NI Availto Com Stockholders": -11585000.0,
        "Net Income Common Stockholders": -11585000.0,
        "Preferred Stock Dividends": 150000.0,
        "Net Income": -11435000.0,
        "Minority Interests": NaN,
        "Net Income Including Noncontrolling Interests": -11435000.0,
        "Net Income Discontinuous Operations": NaN,
        "Net Income Continuous Operations": -11435000.0,
        "Tax Provision": -616000.0,
        "Pretax Income": -12051000.0,
        "Special Income Charges": NaN,
        "Other Special Charges": NaN,
        "Impairment Of Capital Assets": NaN,
        "Restructuring And Mergern Acquisition": NaN,
        "Gain On Sale Of Security": -8537000.0,
        "Depreciation Amortization Depletion Income Statement": 276000.0,
        "Depreciation And Amortization In Income Statement": 276000.0,
        "Amortization": 276000.0,
        "Amortization Of Intangibles Income Statement": 276000.0,
        "Selling General And Administration": 16932000.0,
        "Selling And Marketing Expense": 183000.0,
        "General And Administrative Expense": 16749000.0,
        "Other Gand A": NaN,
        "Insurance And Claims": 1817000.0,
        "Salaries And Wages": 14932000.0,
        "Total Revenue": 20393000.0,
        "Operating Revenue": 20393000.0,
        "Occupancy And Equipment": 1303000.0,
        "Professional Expense And Contract Services Expense": 658000.0,
        "Other Non Interest Expense": 10175000.0
    }
}