{
    "2023-06-30": {
        "Tax Effect Of Unusual Items": 0.0,
        "Tax Rate For Calcs": 0.045513,
        "Normalized EBITDA": -23647000.0,
        "Net Income From Continuing Operation Net Minority Interest": -23802000.0,
        "Reconciled Depreciation": 1299000.0,
        "EBITDA": -23647000.0,
        "EBIT": -24946000.0,
        "Net Interest Income": 508000.0,
        "Interest Expense": 14000.0,
        "Interest Income": 522000.0,
        "Normalized Income": -23802000.0,
        "Net Income From Continuing And Discontinued Operation": -23802000.0,
        "Total Expenses": 26112000.0,
        "Total Operating Income As Reported": -26337000.0,
        "Diluted Average Shares": 38407672.0,
        "Basic Average Shares": 38407672.0,
        "Diluted EPS": -0.62,
        "Basic EPS": -0.62,
        "Diluted NI Availto Com Stockholders": -23802000.0,
        "Net Income Common Stockholders": -23802000.0,
        "Net Income": -23802000.0,
        "Minority Interests": 22000.0,
        "Net Income Including Noncontrolling Interests": -23824000.0,
        "Net Income Continuous Operations": -23824000.0,
        "Tax Provision": -1136000.0,
        "Pretax Income": -24960000.0,
        "Other Income Expense": 310000.0,
        "Other Non Operating Income Expenses": 310000.0,
        "Net Non Operating Interest Income Expense": 508000.0,
        "Interest Expense Non Operating": 14000.0,
        "Interest Income Non Operating": 522000.0,
        "Operating Income": -25778000.0,
        "Operating Expense": 26112000.0,
        "Other Operating Expenses": NaN,
        "Research And Development": 12984000.0,
        "Selling General And Administration": 13128000.0,
        "General And Administrative Expense": 13128000.0,
        "Other Gand A": 13128000.0,
        "Total Revenue": 334000.0,
        "Operating Revenue": 334000.0
    },
    "2023-03-31": {
        "Tax Effect Of Unusual Items": NaN,
        "Tax Rate For Calcs": NaN,
        "Normalized EBITDA": NaN,
        "Net Income From Continuing Operation Net Minority Interest": NaN,
        "Reconciled Depreciation": NaN,
        "EBITDA": NaN,
        "EBIT": NaN,
        "Net Interest Income": NaN,
        "Interest Expense": NaN,
        "Interest Income": NaN,
        "Normalized Income": NaN,
        "Net Income From Continuing And Discontinued Operation": NaN,
        "Total Expenses": NaN,
        "Total Operating Income As Reported": NaN,
        "Diluted Average Shares": 38013399.0,
        "Basic Average Shares": 38013399.0,
        "Diluted EPS": -0.48,
        "Basic EPS": -0.48,
        "Diluted NI Availto Com Stockholders": NaN,
        "Net Income Common Stockholders": NaN,
        "Net Income": NaN,
        "Minority Interests": NaN,
        "Net Income Including Noncontrolling Interests": NaN,
        "Net Income Continuous Operations": NaN,
        "Tax Provision": NaN,
        "Pretax Income": NaN,
        "Other Income Expense": NaN,
        "Other Non Operating Income Expenses": NaN,
        "Net Non Operating Interest Income Expense": NaN,
        "Interest Expense Non Operating": NaN,
        "Interest Income Non Operating": NaN,
        "Operating Income": NaN,
        "Operating Expense": NaN,
        "Other Operating Expenses": NaN,
        "Research And Development": NaN,
        "Selling General And Administration": NaN,
        "General And Administrative Expense": NaN,
        "Other Gand A": NaN,
        "Total Revenue": NaN,
        "Operating Revenue": NaN
    },
    "2022-12-31": {
        "Tax Effect Of Unusual Items": NaN,
        "Tax Rate For Calcs": NaN,
        "Normalized EBITDA": NaN,
        "Total Unusual Items": 943000.0,
        "Total Unusual Items Excluding Goodwill": 943000.0,
        "Net Income From Continuing Operation Net Minority Interest": NaN,
        "Reconciled Depreciation": NaN,
        "EBITDA": NaN,
        "EBIT": NaN,
        "Net Interest Income": NaN,
        "Interest Expense": NaN,
        "Interest Income": NaN,
        "Normalized Income": NaN,
        "Net Income From Continuing And Discontinued Operation": NaN,
        "Total Expenses": NaN,
        "Total Operating Income As Reported": NaN,
        "Diluted Average Shares": NaN,
        "Basic Average Shares": NaN,
        "Diluted EPS": NaN,
        "Basic EPS": NaN,
        "Diluted NI Availto Com Stockholders": NaN,
        "Net Income Common Stockholders": NaN,
        "Net Income": NaN,
        "Minority Interests": NaN,
        "Net Income Including Noncontrolling Interests": NaN,
        "Net Income Continuous Operations": NaN,
        "Tax Provision": NaN,
        "Pretax Income": NaN,
        "Other Income Expense": 1459000.0,
        "Other Non Operating Income Expenses": 516000.0,
        "Special Income Charges": 943000.0,
        "Net Non Operating Interest Income Expense": NaN,
        "Interest Expense Non Operating": NaN,
        "Interest Income Non Operating": NaN,
        "Operating Income": NaN,
        "Operating Expense": NaN,
        "Other Operating Expenses": NaN,
        "Research And Development": NaN,
        "Selling General And Administration": NaN,
        "General And Administrative Expense": NaN,
        "Other Gand A": NaN,
        "Total Revenue": NaN,
        "Operating Revenue": NaN
    },
    "2022-09-30": {
        "Tax Effect Of Unusual Items": NaN,
        "Tax Rate For Calcs": NaN,
        "Normalized EBITDA": NaN,
        "Total Unusual Items": -317000.0,
        "Total Unusual Items Excluding Goodwill": -317000.0,
        "Net Income From Continuing Operation Net Minority Interest": NaN,
        "Reconciled Depreciation": NaN,
        "EBITDA": NaN,
        "EBIT": NaN,
        "Net Interest Income": NaN,
        "Interest Expense": NaN,
        "Interest Income": NaN,
        "Normalized Income": NaN,
        "Net Income From Continuing And Discontinued Operation": NaN,
        "Total Expenses": NaN,
        "Total Operating Income As Reported": NaN,
        "Diluted Average Shares": 38156564.0,
        "Basic Average Shares": 37247123.0,
        "Diluted EPS": 0.22,
        "Basic EPS": 0.22,
        "Diluted NI Availto Com Stockholders": NaN,
        "Net Income Common Stockholders": NaN,
        "Net Income": NaN,
        "Minority Interests": NaN,
        "Net Income Including Noncontrolling Interests": NaN,
        "Net Income Continuous Operations": NaN,
        "Tax Provision": NaN,
        "Pretax Income": NaN,
        "Other Income Expense": -317000.0,
        "Other Non Operating Income Expenses": NaN,
        "Special Income Charges": -317000.0,
        "Restructuring And Mergern Acquisition": 317000.0,
        "Net Non Operating Interest Income Expense": NaN,
        "Interest Expense Non Operating": NaN,
        "Interest Income Non Operating": NaN,
        "Operating Income": NaN,
        "Operating Expense": NaN,
        "Other Operating Expenses": NaN,
        "Research And Development": NaN,
        "Selling General And Administration": NaN,
        "General And Administrative Expense": NaN,
        "Other Gand A": NaN,
        "Total Revenue": NaN,
        "Operating Revenue": NaN
    },
    "2023-09-30": {
        "Tax Effect Of Unusual Items": 0.0,
        "Tax Rate For Calcs": 0.040984,
        "Normalized EBITDA": -13232000.0,
        "Net Income From Continuing Operation Net Minority Interest": -14072000.0,
        "Reconciled Depreciation": 1474000.0,
        "EBITDA": -13232000.0,
        "EBIT": -14706000.0,
        "Net Interest Income": 189000.0,
        "Interest Expense": 7000.0,
        "Interest Income": 196000.0,
        "Normalized Income": -14072000.0,
        "Net Income From Continuing And Discontinued Operation": -14072000.0,
        "Total Expenses": 14900000.0,
        "Total Operating Income As Reported": -16105000.0,
        "Diluted Average Shares": 38533833.0,
        "Basic Average Shares": 38533833.0,
        "Diluted EPS": -0.37,
        "Basic EPS": -0.37,
        "Diluted NI Availto Com Stockholders": -14072000.0,
        "Net Income Common Stockholders": -14072000.0,
        "Net Income": -14072000.0,
        "Minority Interests": 38000.0,
        "Net Income Including Noncontrolling Interests": -14110000.0,
        "Net Income Continuous Operations": -14110000.0,
        "Tax Provision": -603000.0,
        "Pretax Income": -14713000.0,
        "Other Income Expense": -2000.0,
        "Other Non Operating Income Expenses": -2000.0,
        "Net Non Operating Interest Income Expense": 189000.0,
        "Interest Expense Non Operating": 7000.0,
        "Interest Income Non Operating": 196000.0,
        "Operating Income": -14900000.0,
        "Operating Expense": 14900000.0,
        "Other Operating Expenses": NaN,
        "Research And Development": 13939000.0,
        "Selling General And Administration": 961000.0,
        "General And Administrative Expense": 961000.0,
        "Other Gand A": 961000.0,
        "Total Revenue": 0.0,
        "Operating Revenue": 0.0
    },
    "2023-12-31": {
        "Tax Effect Of Unusual Items": 0.0,
        "Tax Rate For Calcs": 0.045279,
        "Normalized EBITDA": -16668000.0,
        "Net Income From Continuing Operation Net Minority Interest": -17293000.0,
        "Reconciled Depreciation": 1435000.0,
        "EBITDA": -16668000.0,
        "EBIT": -18103000.0,
        "Net Interest Income": 564000.0,
        "Interest Expense": 7000.0,
        "Interest Income": 571000.0,
        "Normalized Income": -17293000.0,
        "Net Income From Continuing And Discontinued Operation": -17293000.0,
        "Total Expenses": 19448000.0,
        "Total Operating Income As Reported": -19988000.0,
        "Diluted Average Shares": NaN,
        "Basic Average Shares": NaN,
        "Diluted EPS": NaN,
        "Basic EPS": NaN,
        "Diluted NI Availto Com Stockholders": -17293000.0,
        "Net Income Common Stockholders": -17293000.0,
        "Net Income": -17293000.0,
        "Minority Interests": -3000.0,
        "Net Income Including Noncontrolling Interests": -17290000.0,
        "Net Income Continuous Operations": -17290000.0,
        "Tax Provision": -820000.0,
        "Pretax Income": -18110000.0,
        "Other Income Expense": 774000.0,
        "Other Non Operating Income Expenses": 774000.0,
        "Net Non Operating Interest Income Expense": 564000.0,
        "Interest Expense Non Operating": 7000.0,
        "Interest Income Non Operating": 571000.0,
        "Operating Income": -19448000.0,
        "Operating Expense": 19448000.0,
        "Other Operating Expenses": NaN,
        "Research And Development": 5833000.0,
        "Selling General And Administration": 13615000.0,
        "General And Administrative Expense": 13615000.0,
        "Other Gand A": 13615000.0,
        "Total Revenue": 0.0,
        "Operating Revenue": 0.0
    },
    "2024-03-31": {
        "Tax Effect Of Unusual Items": 0.0,
        "Tax Rate For Calcs": 0.002378,
        "Normalized EBITDA": -14115000.0,
        "Net Income From Continuing Operation Net Minority Interest": -15489000.0,
        "Reconciled Depreciation": 1430000.0,
        "EBITDA": -14115000.0,
        "EBIT": -15545000.0,
        "Net Interest Income": 763000.0,
        "Interest Expense": 12000.0,
        "Interest Income": 775000.0,
        "Normalized Income": -15489000.0,
        "Net Income From Continuing And Discontinued Operation": -15489000.0,
        "Total Expenses": 16320000.0,
        "Total Operating Income As Reported": -16914000.0,
        "Diluted Average Shares": 38773482.0,
        "Basic Average Shares": 38773482.0,
        "Diluted EPS": -0.4,
        "Basic EPS": -0.4,
        "Diluted NI Availto Com Stockholders": -15489000.0,
        "Net Income Common Stockholders": -15489000.0,
        "Net Income": -15489000.0,
        "Minority Interests": 31000.0,
        "Net Income Including Noncontrolling Interests": -15520000.0,
        "Net Income Continuous Operations": -15520000.0,
        "Tax Provision": -37000.0,
        "Pretax Income": -15557000.0,
        "Other Income Expense": NaN,
        "Other Non Operating Income Expenses": NaN,
        "Net Non Operating Interest Income Expense": 763000.0,
        "Interest Expense Non Operating": 12000.0,
        "Interest Income Non Operating": 775000.0,
        "Operating Income": -16320000.0,
        "Operating Expense": 16320000.0,
        "Other Operating Expenses": -205000.0,
        "Research And Development": 10531000.0,
        "Selling General And Administration": 5994000.0,
        "General And Administrative Expense": 5994000.0,
        "Other Gand A": 5994000.0,
        "Total Revenue": 0.0,
        "Operating Revenue": 0.0
    },
    "2024-06-30": {
        "Tax Effect Of Unusual Items": 0.0,
        "Tax Rate For Calcs": 0.000413,
        "Normalized EBITDA": -15471000.0,
        "Net Income From Continuing Operation Net Minority Interest": -16931000.0,
        "Reconciled Depreciation": 1467000.0,
        "EBITDA": -15471000.0,
        "EBIT": -16938000.0,
        "Net Interest Income": 623000.0,
        "Interest Expense": 12000.0,
        "Interest Income": 635000.0,
        "Normalized Income": -16931000.0,
        "Net Income From Continuing And Discontinued Operation": -16931000.0,
        "Total Expenses": 17593000.0,
        "Total Operating Income As Reported": -18286000.0,
        "Diluted Average Shares": 39041111.0,
        "Basic Average Shares": 39041111.0,
        "Diluted EPS": -0.43,
        "Basic EPS": -0.43,
        "Diluted NI Availto Com Stockholders": -16931000.0,
        "Net Income Common Stockholders": -16931000.0,
        "Net Income": -16931000.0,
        "Minority Interests": 12000.0,
        "Net Income Including Noncontrolling Interests": -16943000.0,
        "Net Income Continuous Operations": -16943000.0,
        "Tax Provision": -7000.0,
        "Pretax Income": -16950000.0,
        "Other Income Expense": 20000.0,
        "Other Non Operating Income Expenses": 20000.0,
        "Net Non Operating Interest Income Expense": 623000.0,
        "Interest Expense Non Operating": 12000.0,
        "Interest Income Non Operating": 635000.0,
        "Operating Income": -17593000.0,
        "Operating Expense": 17593000.0,
        "Other Operating Expenses": -577000.0,
        "Research And Development": 10969000.0,
        "Selling General And Administration": 7201000.0,
        "General And Administrative Expense": 7201000.0,
        "Other Gand A": 7201000.0,
        "Total Revenue": 0.0,
        "Operating Revenue": 0.0
    }
}