{
    "2023-03-31": {
        "Tax Effect Of Unusual Items": NaN,
        "Tax Rate For Calcs": NaN,
        "Normalized EBITDA": NaN,
        "Total Unusual Items": -1488350.0,
        "Total Unusual Items Excluding Goodwill": -1488350.0,
        "Net Income From Continuing Operation Net Minority Interest": NaN,
        "Reconciled Depreciation": NaN,
        "Reconciled Cost Of Revenue": NaN,
        "EBITDA": NaN,
        "EBIT": NaN,
        "Net Interest Income": NaN,
        "Interest Income": NaN,
        "Normalized Income": NaN,
        "Net Income From Continuing And Discontinued Operation": NaN,
        "Total Expenses": NaN,
        "Total Operating Income As Reported": NaN,
        "Diluted Average Shares": NaN,
        "Basic Average Shares": NaN,
        "Diluted EPS": NaN,
        "Basic EPS": NaN,
        "Diluted NI Availto Com Stockholders": NaN,
        "Net Income Common Stockholders": NaN,
        "Net Income": NaN,
        "Net Income Including Noncontrolling Interests": NaN,
        "Net Income Continuous Operations": NaN,
        "Pretax Income": NaN,
        "Other Income Expense": NaN,
        "Other Non Operating Income Expenses": NaN,
        "Special Income Charges": 0.0,
        "Gain On Sale Of Security": -1488350.0,
        "Net Non Operating Interest Income Expense": NaN,
        "Total Other Finance Cost": -18216.0,
        "Interest Income Non Operating": NaN,
        "Operating Income": NaN,
        "Operating Expense": NaN,
        "Other Operating Expenses": NaN,
        "Research And Development": NaN,
        "Selling General And Administration": NaN,
        "General And Administrative Expense": NaN,
        "Other Gand A": NaN,
        "Gross Profit": NaN,
        "Cost Of Revenue": NaN,
        "Total Revenue": NaN,
        "Operating Revenue": NaN
    },
    "2022-12-31": {
        "Tax Effect Of Unusual Items": NaN,
        "Tax Rate For Calcs": NaN,
        "Normalized EBITDA": NaN,
        "Total Unusual Items": 0.0,
        "Total Unusual Items Excluding Goodwill": 0.0,
        "Net Income From Continuing Operation Net Minority Interest": NaN,
        "Reconciled Depreciation": NaN,
        "Reconciled Cost Of Revenue": NaN,
        "EBITDA": NaN,
        "EBIT": NaN,
        "Net Interest Income": NaN,
        "Interest Income": NaN,
        "Normalized Income": NaN,
        "Net Income From Continuing And Discontinued Operation": NaN,
        "Total Expenses": NaN,
        "Total Operating Income As Reported": NaN,
        "Diluted Average Shares": NaN,
        "Basic Average Shares": NaN,
        "Diluted EPS": NaN,
        "Basic EPS": NaN,
        "Diluted NI Availto Com Stockholders": NaN,
        "Net Income Common Stockholders": NaN,
        "Net Income": NaN,
        "Net Income Including Noncontrolling Interests": NaN,
        "Net Income Continuous Operations": NaN,
        "Pretax Income": NaN,
        "Other Income Expense": NaN,
        "Other Non Operating Income Expenses": NaN,
        "Special Income Charges": 0.0,
        "Other Special Charges": 0.0,
        "Gain On Sale Of Security": NaN,
        "Net Non Operating Interest Income Expense": NaN,
        "Total Other Finance Cost": NaN,
        "Interest Income Non Operating": NaN,
        "Operating Income": NaN,
        "Operating Expense": NaN,
        "Other Operating Expenses": -93864.0,
        "Research And Development": NaN,
        "Selling General And Administration": NaN,
        "General And Administrative Expense": NaN,
        "Other Gand A": NaN,
        "Gross Profit": NaN,
        "Cost Of Revenue": NaN,
        "Total Revenue": NaN,
        "Operating Revenue": NaN
    },
    "2022-09-30": {
        "Tax Effect Of Unusual Items": NaN,
        "Tax Rate For Calcs": NaN,
        "Normalized EBITDA": NaN,
        "Total Unusual Items": NaN,
        "Total Unusual Items Excluding Goodwill": NaN,
        "Net Income From Continuing Operation Net Minority Interest": NaN,
        "Reconciled Depreciation": NaN,
        "EBITDA": NaN,
        "EBIT": NaN,
        "Net Interest Income": NaN,
        "Interest Expense": 28841.0,
        "Interest Income": NaN,
        "Normalized Income": NaN,
        "Net Income From Continuing And Discontinued Operation": NaN,
        "Total Expenses": NaN,
        "Total Operating Income As Reported": NaN,
        "Diluted Average Shares": 3642215.0,
        "Basic Average Shares": 3642215.0,
        "Diluted EPS": -1.28,
        "Basic EPS": -1.28,
        "Diluted NI Availto Com Stockholders": NaN,
        "Net Income Common Stockholders": NaN,
        "Net Income": NaN,
        "Net Income Including Noncontrolling Interests": NaN,
        "Net Income Continuous Operations": NaN,
        "Pretax Income": NaN,
        "Other Income Expense": NaN,
        "Other Non Operating Income Expenses": NaN,
        "Special Income Charges": 0.0,
        "Other Special Charges": NaN,
        "Gain On Sale Of Security": NaN,
        "Net Non Operating Interest Income Expense": NaN,
        "Total Other Finance Cost": 28841.0,
        "Interest Expense Non Operating": 28841.0,
        "Interest Income Non Operating": NaN,
        "Operating Income": NaN,
        "Operating Expense": NaN,
        "Other Operating Expenses": NaN,
        "Research And Development": NaN,
        "Selling General And Administration": NaN,
        "General And Administrative Expense": NaN,
        "Other Gand A": NaN,
        "Total Revenue": NaN,
        "Operating Revenue": NaN
    },
    "2022-06-30": {
        "Tax Effect Of Unusual Items": 0.0,
        "Tax Rate For Calcs": 0.0,
        "Normalized EBITDA": -4597113.0,
        "Total Unusual Items": 0.0,
        "Total Unusual Items Excluding Goodwill": 0.0,
        "Net Income From Continuing Operation Net Minority Interest": -4675241.0,
        "Reconciled Depreciation": 31515.0,
        "EBITDA": -4597113.0,
        "EBIT": -4628628.0,
        "Net Interest Income": -46613.0,
        "Interest Expense": 46613.0,
        "Normalized Income": -4675241.0,
        "Net Income From Continuing And Discontinued Operation": -4675241.0,
        "Total Expenses": 4699728.0,
        "Total Operating Income As Reported": -4628628.0,
        "Diluted Average Shares": 3638383.0,
        "Basic Average Shares": 3638383.0,
        "Diluted EPS": -1.28,
        "Basic EPS": -1.28,
        "Diluted NI Availto Com Stockholders": -4675241.0,
        "Net Income Common Stockholders": -4675241.0,
        "Net Income": -4675241.0,
        "Net Income Including Noncontrolling Interests": -4675241.0,
        "Net Income Continuous Operations": -4675241.0,
        "Pretax Income": -4675241.0,
        "Other Income Expense": NaN,
        "Other Non Operating Income Expenses": NaN,
        "Special Income Charges": 0.0,
        "Other Special Charges": NaN,
        "Net Non Operating Interest Income Expense": -46613.0,
        "Total Other Finance Cost": NaN,
        "Interest Expense Non Operating": 46613.0,
        "Operating Income": -4628628.0,
        "Operating Expense": 4699728.0,
        "Other Operating Expenses": NaN,
        "Research And Development": 1075224.0,
        "Selling General And Administration": 3624504.0,
        "Selling And Marketing Expense": 245.0,
        "General And Administrative Expense": 3624259.0,
        "Other Gand A": 3624259.0,
        "Total Revenue": 71100.0,
        "Operating Revenue": 71100.0
    },
    "2022-03-31": {
        "Diluted EPS": -1.37,
        "Total Revenue": 0,
        "Gross Profit": 0,
        "Operating Income": -5,
        "EBIT": -5,
        "Net Income": -5
    },
    "2021-12-31": {
        "Diluted EPS": -5.77,
        "Total Revenue": 0,
        "Gross Profit": 0,
        "Operating Income": -4,
        "EBIT": -4,
        "Net Income": -20
    },
    "2021-09-30": {
        "Diluted EPS": -4.99,
        "Total Revenue": 0,
        "Gross Profit": 0,
        "Operating Income": -4,
        "EBIT": -3,
        "Net Income": -4
    },
    "2021-06-30": {
        "Diluted EPS": -5.1,
        "Total Revenue": 0,
        "Gross Profit": 0,
        "Operating Income": -4,
        "EBIT": -3,
        "Net Income": -4
    },
    "2021-03-31": {
        "Diluted EPS": -21.44,
        "Total Revenue": 0,
        "Gross Profit": 0,
        "Operating Income": -15,
        "EBIT": -15,
        "Net Income": -16
    },
    "2020-12-31": {
        "Diluted EPS": 6.87,
        "Total Revenue": 0,
        "Gross Profit": 0,
        "Operating Income": -1,
        "EBIT": -1,
        "Net Income": -6
    },
    "2020-09-30": {
        "Diluted EPS": -2.1,
        "Total Revenue": 0,
        "Gross Profit": 0,
        "Operating Income": -1,
        "EBIT": -1,
        "Net Income": -1
    },
    "2020-06-30": {
        "Diluted EPS": 0.0,
        "Total Revenue": 0,
        "Gross Profit": 0,
        "Operating Income": 0,
        "EBIT": 0,
        "Net Income": 3
    },
    "2020-03-31": {
        "Diluted EPS": -33.33,
        "Total Revenue": 0,
        "Gross Profit": 0,
        "Operating Income": -1,
        "EBIT": 0,
        "Net Income": -8
    },
    "2019-12-31": {
        "Diluted EPS": 300.0,
        "Total Revenue": 0,
        "Gross Profit": 0,
        "Operating Income": -2,
        "EBIT": -2,
        "Net Income": -2
    },
    "2019-09-30": {
        "Diluted EPS": -766.67,
        "Total Revenue": 0,
        "Gross Profit": 0,
        "Operating Income": -2,
        "EBIT": 0,
        "Net Income": -5
    },
    "2019-06-30": {
        "Diluted EPS": -800.0,
        "Total Revenue": 0,
        "Gross Profit": 0,
        "Operating Income": -2,
        "EBIT": -1,
        "Net Income": -4
    },
    "2019-03-31": {
        "Diluted EPS": -933.33,
        "Total Revenue": 0,
        "Gross Profit": 0,
        "Operating Income": -2,
        "EBIT": -2,
        "Net Income": -4
    },
    "2018-12-31": {
        "Diluted EPS": NaN,
        "Total Revenue": 0,
        "Gross Profit": 0,
        "Operating Income": -2,
        "EBIT": -2,
        "Net Income": -4
    },
    "2018-09-30": {
        "Diluted EPS": NaN,
        "Total Revenue": 0,
        "Gross Profit": 0,
        "Operating Income": -1,
        "EBIT": -1,
        "Net Income": -3
    },
    "2018-06-30": {
        "Diluted EPS": NaN,
        "Total Revenue": 0,
        "Gross Profit": 0,
        "Operating Income": -2,
        "EBIT": -1,
        "Net Income": -4
    },
    "2018-03-31": {
        "Diluted EPS": NaN,
        "Total Revenue": 0,
        "Gross Profit": 0,
        "Operating Income": -2,
        "EBIT": -2,
        "Net Income": -3
    },
    "2017-12-31": {
        "Diluted EPS": NaN,
        "Total Revenue": 0,
        "Gross Profit": 0,
        "Operating Income": -2,
        "EBIT": -1,
        "Net Income": -2
    },
    "2017-09-30": {
        "Diluted EPS": NaN,
        "Total Revenue": 0,
        "Gross Profit": 0,
        "Operating Income": -2,
        "EBIT": -2,
        "Net Income": -2
    },
    "2017-06-30": {
        "Diluted EPS": NaN,
        "Total Revenue": 0,
        "Gross Profit": 0,
        "Operating Income": -3,
        "EBIT": -2,
        "Net Income": -3
    },
    "2017-03-31": {
        "Diluted EPS": NaN,
        "Total Revenue": 0,
        "Gross Profit": 0,
        "Operating Income": -2,
        "EBIT": -2,
        "Net Income": -3
    },
    "2016-12-31": {
        "Diluted EPS": NaN,
        "Total Revenue": 0,
        "Gross Profit": 0,
        "Operating Income": -2,
        "EBIT": -2,
        "Net Income": -2
    },
    "2016-09-30": {
        "Diluted EPS": NaN,
        "Total Revenue": 0,
        "Gross Profit": 0,
        "Operating Income": -2,
        "EBIT": -2,
        "Net Income": -2
    },
    "2016-06-30": {
        "Diluted EPS": NaN,
        "Total Revenue": 0,
        "Gross Profit": 0,
        "Operating Income": -2,
        "EBIT": -2,
        "Net Income": -2
    },
    "2016-03-31": {
        "Diluted EPS": NaN,
        "Total Revenue": 0,
        "Gross Profit": 0,
        "Operating Income": -2,
        "EBIT": -2,
        "Net Income": -2
    },
    "2015-12-31": {
        "Diluted EPS": NaN,
        "Total Revenue": 0,
        "Gross Profit": 0,
        "Operating Income": -3,
        "EBIT": -3,
        "Net Income": -3
    },
    "2015-09-30": {
        "Diluted EPS": NaN,
        "Total Revenue": 0,
        "Gross Profit": 0,
        "Operating Income": -1,
        "EBIT": -1,
        "Net Income": -2
    },
    "2015-06-30": {
        "Diluted EPS": NaN,
        "Total Revenue": 0,
        "Gross Profit": 0,
        "Operating Income": -1,
        "EBIT": -1,
        "Net Income": -1
    },
    "2015-03-31": {
        "Diluted EPS": NaN,
        "Total Revenue": 0,
        "Gross Profit": 0,
        "Operating Income": -2,
        "EBIT": -2,
        "Net Income": -2
    },
    "2014-12-31": {
        "Diluted EPS": NaN,
        "Total Revenue": 0,
        "Gross Profit": 0,
        "Operating Income": -1,
        "EBIT": -1,
        "Net Income": -1
    },
    "2014-09-30": {
        "Diluted EPS": NaN,
        "Total Revenue": 0,
        "Gross Profit": 0,
        "Operating Income": -1,
        "EBIT": -1,
        "Net Income": -1
    },
    "2014-06-30": {
        "Diluted EPS": NaN,
        "Total Revenue": 0,
        "Gross Profit": 0,
        "Operating Income": -1,
        "EBIT": -1,
        "Net Income": -1
    },
    "2014-03-31": {
        "Diluted EPS": -266.67,
        "Total Revenue": 0,
        "Gross Profit": 0,
        "Operating Income": -1,
        "EBIT": -1,
        "Net Income": -2
    },
    "2013-12-31": {
        "Diluted EPS": -300.0,
        "Total Revenue": NaN,
        "Gross Profit": NaN,
        "Operating Income": -1,
        "EBIT": -1,
        "Net Income": -2
    },
    "2013-09-30": {
        "Diluted EPS": -266.67,
        "Total Revenue": 0,
        "Gross Profit": 0,
        "Operating Income": -1,
        "EBIT": -1,
        "Net Income": -1
    },
    "2013-06-30": {
        "Diluted EPS": -266.67,
        "Total Revenue": 0,
        "Gross Profit": 0,
        "Operating Income": -1,
        "EBIT": -1,
        "Net Income": -1
    },
    "2013-03-31": {
        "Diluted EPS": -333.33,
        "Total Revenue": 0,
        "Gross Profit": 0,
        "Operating Income": -1,
        "EBIT": -1,
        "Net Income": -2
    },
    "2012-12-31": {
        "Diluted EPS": -400.0,
        "Total Revenue": 0,
        "Gross Profit": 0,
        "Operating Income": -2,
        "EBIT": -2,
        "Net Income": -2
    },
    "2012-09-30": {
        "Diluted EPS": -366.67,
        "Total Revenue": 0,
        "Gross Profit": 0,
        "Operating Income": -1,
        "EBIT": -1,
        "Net Income": -1
    },
    "2012-06-30": {
        "Diluted EPS": -400.0,
        "Total Revenue": 0,
        "Gross Profit": 0,
        "Operating Income": -1,
        "EBIT": -1,
        "Net Income": -2
    },
    "2012-03-31": {
        "Diluted EPS": -433.33,
        "Total Revenue": NaN,
        "Gross Profit": NaN,
        "Operating Income": -1,
        "EBIT": -1,
        "Net Income": -1
    },
    "2011-12-31": {
        "Diluted EPS": -12.28,
        "Total Revenue": NaN,
        "Gross Profit": NaN,
        "Operating Income": -1,
        "EBIT": -1,
        "Net Income": -1
    },
    "2011-09-30": {
        "Diluted EPS": -6.42,
        "Total Revenue": NaN,
        "Gross Profit": NaN,
        "Operating Income": -1,
        "EBIT": -1,
        "Net Income": -1
    },
    "2011-06-30": {
        "Diluted EPS": -7.86,
        "Total Revenue": NaN,
        "Gross Profit": NaN,
        "Operating Income": -1,
        "EBIT": -1,
        "Net Income": -1
    },
    "2011-03-31": {
        "Diluted EPS": -6.77,
        "Total Revenue": NaN,
        "Gross Profit": NaN,
        "Operating Income": -1,
        "EBIT": -1,
        "Net Income": -1
    },
    "2010-12-31": {
        "Diluted EPS": 0.0,
        "Total Revenue": NaN,
        "Gross Profit": NaN,
        "Operating Income": NaN,
        "EBIT": NaN,
        "Net Income": NaN
    },
    "2010-09-30": {
        "Diluted EPS": -2.62,
        "Total Revenue": NaN,
        "Gross Profit": NaN,
        "Operating Income": 0,
        "EBIT": 0,
        "Net Income": 0
    },
    "2010-06-30": {
        "Diluted EPS": -1.38,
        "Total Revenue": NaN,
        "Gross Profit": NaN,
        "Operating Income": 0,
        "EBIT": 0,
        "Net Income": 0
    },
    "2023-06-30": {
        "Tax Effect Of Unusual Items": 0.0,
        "Tax Rate For Calcs": 0.0,
        "Normalized EBITDA": -3075025.0,
        "Total Unusual Items": 0.0,
        "Total Unusual Items Excluding Goodwill": 0.0,
        "Net Income From Continuing Operation Net Minority Interest": -5709399.0,
        "Reconciled Depreciation": 41526.0,
        "Reconciled Cost Of Revenue": 0.0,
        "EBITDA": -3075025.0,
        "EBIT": -3116551.0,
        "Net Interest Income": 96187.0,
        "Interest Income": 96187.0,
        "Normalized Income": -5709399.0,
        "Net Income From Continuing And Discontinued Operation": -5709399.0,
        "Total Expenses": 3181051.0,
        "Total Operating Income As Reported": -3116551.0,
        "Diluted Average Shares": 3886309.0,
        "Basic Average Shares": 3886309.0,
        "Diluted EPS": -1.47,
        "Basic EPS": -1.47,
        "Diluted NI Availto Com Stockholders": -5709399.0,
        "Net Income Common Stockholders": -5709399.0,
        "Net Income": -5709399.0,
        "Net Income Including Noncontrolling Interests": -5709399.0,
        "Net Income Continuous Operations": -5709399.0,
        "Pretax Income": -5709399.0,
        "Other Income Expense": -2689035.0,
        "Other Non Operating Income Expenses": -2689035.0,
        "Special Income Charges": 0.0,
        "Gain On Sale Of Security": NaN,
        "Net Non Operating Interest Income Expense": 96187.0,
        "Total Other Finance Cost": -96187.0,
        "Interest Income Non Operating": 96187.0,
        "Operating Income": -3116551.0,
        "Operating Expense": 3181051.0,
        "Other Operating Expenses": NaN,
        "Research And Development": 902891.0,
        "Selling General And Administration": 2278160.0,
        "General And Administrative Expense": 2278160.0,
        "Other Gand A": 2278160.0,
        "Gross Profit": 64500.0,
        "Cost Of Revenue": 0.0,
        "Total Revenue": 64500.0,
        "Operating Revenue": 64500.0
    },
    "2023-09-30": {
        "Tax Effect Of Unusual Items": 1615688.13,
        "Tax Rate For Calcs": 0.21,
        "Normalized EBITDA": -10672718.0,
        "Total Unusual Items": 7693753.0,
        "Total Unusual Items Excluding Goodwill": 7693753.0,
        "Net Income From Continuing Operation Net Minority Interest": 4768261.0,
        "Reconciled Depreciation": 42145.0,
        "Reconciled Cost Of Revenue": 0.0,
        "EBITDA": -2978965.0,
        "EBIT": -3021110.0,
        "Net Interest Income": 61667.0,
        "Interest Income": 61667.0,
        "Normalized Income": -1309803.87,
        "Net Income From Continuing And Discontinued Operation": 4768261.0,
        "Total Expenses": 3051810.0,
        "Total Operating Income As Reported": -3104443.0,
        "Diluted Average Shares": 12324766.0,
        "Basic Average Shares": 4570843.0,
        "Diluted EPS": 0.39,
        "Basic EPS": 1.04,
        "Diluted NI Availto Com Stockholders": 4768261.0,
        "Net Income Common Stockholders": 4768261.0,
        "Net Income": 4768261.0,
        "Net Income Including Noncontrolling Interests": 4768261.0,
        "Net Income Continuous Operations": 4768261.0,
        "Pretax Income": 4768261.0,
        "Other Income Expense": 7727704.0,
        "Other Non Operating Income Expenses": 33951.0,
        "Special Income Charges": 0.0,
        "Gain On Sale Of Security": 7693753.0,
        "Net Non Operating Interest Income Expense": 61667.0,
        "Total Other Finance Cost": -61667.0,
        "Interest Income Non Operating": 61667.0,
        "Operating Income": -3021110.0,
        "Operating Expense": 3051810.0,
        "Other Operating Expenses": -83333.0,
        "Research And Development": 809824.0,
        "Selling General And Administration": 2325319.0,
        "General And Administrative Expense": 2325319.0,
        "Other Gand A": 2325319.0,
        "Gross Profit": 30700.0,
        "Cost Of Revenue": 0.0,
        "Total Revenue": 30700.0,
        "Operating Revenue": 30700.0
    },
    "2024-03-31": {
        "Tax Effect Of Unusual Items": 0.0,
        "Tax Rate For Calcs": 0.0,
        "Normalized EBITDA": -5778237.0,
        "Total Unusual Items": 1711698.0,
        "Total Unusual Items Excluding Goodwill": 1711698.0,
        "Net Income From Continuing Operation Net Minority Interest": -2223255.0,
        "Reconciled Depreciation": 42713.0,
        "Reconciled Cost Of Revenue": NaN,
        "EBITDA": -4066539.0,
        "EBIT": -4109252.0,
        "Net Interest Income": 162597.0,
        "Interest Income": 162597.0,
        "Normalized Income": -3934953.0,
        "Net Income From Continuing And Discontinued Operation": -2223255.0,
        "Total Expenses": 4144252.0,
        "Total Operating Income As Reported": -4109252.0,
        "Diluted Average Shares": 6671382.0,
        "Basic Average Shares": 6671382.0,
        "Diluted EPS": -0.33,
        "Basic EPS": -0.33,
        "Diluted NI Availto Com Stockholders": -2223255.0,
        "Net Income Common Stockholders": -2223255.0,
        "Net Income": -2223255.0,
        "Net Income Including Noncontrolling Interests": -2223255.0,
        "Net Income Continuous Operations": -2223255.0,
        "Pretax Income": -2223255.0,
        "Other Income Expense": 1723400.0,
        "Other Non Operating Income Expenses": 11702.0,
        "Special Income Charges": NaN,
        "Gain On Sale Of Security": 1711698.0,
        "Net Non Operating Interest Income Expense": 162597.0,
        "Total Other Finance Cost": NaN,
        "Interest Income Non Operating": 162597.0,
        "Operating Income": -4109252.0,
        "Operating Expense": 4144252.0,
        "Other Operating Expenses": NaN,
        "Research And Development": 1058131.0,
        "Selling General And Administration": 3086121.0,
        "General And Administrative Expense": 3086121.0,
        "Other Gand A": 3086121.0,
        "Gross Profit": NaN,
        "Cost Of Revenue": NaN,
        "Total Revenue": 35000.0,
        "Operating Revenue": 35000.0
    },
    "2024-06-30": {
        "Tax Effect Of Unusual Items": 0.0,
        "Tax Rate For Calcs": 0.0,
        "Normalized EBITDA": -2421102.0,
        "Total Unusual Items": NaN,
        "Total Unusual Items Excluding Goodwill": NaN,
        "Net Income From Continuing Operation Net Minority Interest": -4028562.0,
        "Reconciled Depreciation": 47705.0,
        "Reconciled Cost Of Revenue": 6490.0,
        "EBITDA": -2421102.0,
        "EBIT": -2468807.0,
        "Net Interest Income": 175945.0,
        "Interest Income": 175945.0,
        "Normalized Income": -4028562.0,
        "Net Income From Continuing And Discontinued Operation": -4028562.0,
        "Total Expenses": 2557907.0,
        "Total Operating Income As Reported": -2468807.0,
        "Diluted Average Shares": 8121499.0,
        "Basic Average Shares": 8121499.0,
        "Diluted EPS": -0.5,
        "Basic EPS": -0.5,
        "Diluted NI Availto Com Stockholders": -4028562.0,
        "Net Income Common Stockholders": -4028562.0,
        "Net Income": -4028562.0,
        "Net Income Including Noncontrolling Interests": -4028562.0,
        "Net Income Continuous Operations": -4028562.0,
        "Pretax Income": -4028562.0,
        "Other Income Expense": -1735700.0,
        "Other Non Operating Income Expenses": -1735700.0,
        "Special Income Charges": NaN,
        "Gain On Sale Of Security": NaN,
        "Net Non Operating Interest Income Expense": 175945.0,
        "Total Other Finance Cost": NaN,
        "Interest Income Non Operating": 175945.0,
        "Operating Income": -2468807.0,
        "Operating Expense": 2551417.0,
        "Other Operating Expenses": NaN,
        "Research And Development": 1292182.0,
        "Selling General And Administration": 1259235.0,
        "General And Administrative Expense": 1259235.0,
        "Other Gand A": 1259235.0,
        "Gross Profit": 82610.0,
        "Cost Of Revenue": 6490.0,
        "Total Revenue": 89100.0,
        "Operating Revenue": 89100.0
    },
    "2024-09-30": {
        "Tax Effect Of Unusual Items": 0.0,
        "Tax Rate For Calcs": 0.0,
        "Normalized EBITDA": -3275188.0,
        "Total Unusual Items": 1036464.0,
        "Total Unusual Items Excluding Goodwill": 1036464.0,
        "Net Income From Continuing Operation Net Minority Interest": -1091416.0,
        "Reconciled Depreciation": 48269.0,
        "Reconciled Cost Of Revenue": 18243.0,
        "EBITDA": -2238724.0,
        "EBIT": -2286993.0,
        "Net Interest Income": 158547.0,
        "Interest Income": 158547.0,
        "Normalized Income": -2127880.0,
        "Net Income From Continuing And Discontinued Operation": -1091416.0,
        "Total Expenses": 2520593.0,
        "Total Operating Income As Reported": -2286993.0,
        "Diluted Average Shares": 8121499.0,
        "Basic Average Shares": 8121499.0,
        "Diluted EPS": -0.13,
        "Basic EPS": -0.13,
        "Diluted NI Availto Com Stockholders": -1091416.0,
        "Net Income Common Stockholders": -1091416.0,
        "Net Income": -1091416.0,
        "Net Income Including Noncontrolling Interests": -1091416.0,
        "Net Income Continuous Operations": -1091416.0,
        "Pretax Income": -1091416.0,
        "Other Income Expense": 1037030.0,
        "Other Non Operating Income Expenses": 566.0,
        "Special Income Charges": NaN,
        "Gain On Sale Of Security": 1036464.0,
        "Net Non Operating Interest Income Expense": 158547.0,
        "Total Other Finance Cost": NaN,
        "Interest Income Non Operating": 158547.0,
        "Operating Income": -2286993.0,
        "Operating Expense": 2502350.0,
        "Other Operating Expenses": NaN,
        "Research And Development": 1320030.0,
        "Selling General And Administration": 1182320.0,
        "General And Administrative Expense": 1182320.0,
        "Other Gand A": 1182320.0,
        "Gross Profit": 215357.0,
        "Cost Of Revenue": 18243.0,
        "Total Revenue": 233600.0,
        "Operating Revenue": 233600.0
    }
}