{
    "2023-03-31": {
        "Tax Effect Of Unusual Items": 0.0,
        "Tax Rate For Calcs": 0.0,
        "Normalized EBITDA": -7302000.0,
        "Total Unusual Items": 0.0,
        "Total Unusual Items Excluding Goodwill": 0.0,
        "Net Income From Continuing Operation Net Minority Interest": -7332000.0,
        "Reconciled Depreciation": 84000.0,
        "Reconciled Cost Of Revenue": NaN,
        "EBITDA": -7302000.0,
        "EBIT": -7386000.0,
        "Net Interest Income": 4000.0,
        "Interest Expense": NaN,
        "Interest Income": 4000.0,
        "Normalized Income": -7332000.0,
        "Net Income From Continuing And Discontinued Operation": -7332000.0,
        "Total Expenses": 7391000.0,
        "Total Operating Income As Reported": -7386000.0,
        "Diluted Average Shares": 6186666.0,
        "Basic Average Shares": 6186666.0,
        "Diluted EPS": -1.19,
        "Basic EPS": -1.19,
        "Diluted NI Availto Com Stockholders": -7334000.0,
        "Net Income Common Stockholders": -7334000.0,
        "Preferred Stock Dividends": 2000.0,
        "Net Income": -7332000.0,
        "Minority Interests": 50000.0,
        "Net Income Including Noncontrolling Interests": -7382000.0,
        "Net Income Continuous Operations": -7382000.0,
        "Tax Provision": 0.0,
        "Pretax Income": -7382000.0,
        "Other Income Expense": NaN,
        "Other Non Operating Income Expenses": NaN,
        "Special Income Charges": 0.0,
        "Impairment Of Capital Assets": 0.0,
        "Net Non Operating Interest Income Expense": 4000.0,
        "Interest Expense Non Operating": NaN,
        "Interest Income Non Operating": 4000.0,
        "Operating Income": -7386000.0,
        "Operating Expense": 7391000.0,
        "Depreciation Amortization Depletion Income Statement": 84000.0,
        "Depreciation And Amortization In Income Statement": 84000.0,
        "Research And Development": 1062000.0,
        "Selling General And Administration": 6245000.0,
        "General And Administrative Expense": 6245000.0,
        "Other Gand A": 6245000.0,
        "Gross Profit": NaN,
        "Cost Of Revenue": NaN,
        "Total Revenue": 5000.0,
        "Operating Revenue": 5000.0
    },
    "2022-12-31": {
        "Tax Effect Of Unusual Items": NaN,
        "Tax Rate For Calcs": NaN,
        "Normalized EBITDA": NaN,
        "Total Unusual Items": 0.0,
        "Total Unusual Items Excluding Goodwill": 0.0,
        "Net Income From Continuing Operation Net Minority Interest": NaN,
        "Reconciled Depreciation": NaN,
        "Reconciled Cost Of Revenue": 27000.0,
        "EBITDA": NaN,
        "EBIT": NaN,
        "Net Interest Income": NaN,
        "Interest Expense": NaN,
        "Interest Income": 2000.0,
        "Normalized Income": NaN,
        "Net Income From Continuing And Discontinued Operation": NaN,
        "Total Expenses": NaN,
        "Total Operating Income As Reported": NaN,
        "Diluted Average Shares": NaN,
        "Basic Average Shares": NaN,
        "Diluted EPS": NaN,
        "Basic EPS": NaN,
        "Diluted NI Availto Com Stockholders": NaN,
        "Net Income Common Stockholders": NaN,
        "Preferred Stock Dividends": NaN,
        "Net Income": NaN,
        "Minority Interests": NaN,
        "Net Income Including Noncontrolling Interests": NaN,
        "Net Income Continuous Operations": NaN,
        "Tax Provision": NaN,
        "Pretax Income": NaN,
        "Other Income Expense": NaN,
        "Other Non Operating Income Expenses": NaN,
        "Special Income Charges": 0.0,
        "Impairment Of Capital Assets": NaN,
        "Net Non Operating Interest Income Expense": NaN,
        "Interest Expense Non Operating": NaN,
        "Interest Income Non Operating": 2000.0,
        "Operating Income": NaN,
        "Operating Expense": NaN,
        "Depreciation Amortization Depletion Income Statement": NaN,
        "Depreciation And Amortization In Income Statement": NaN,
        "Research And Development": NaN,
        "Selling General And Administration": NaN,
        "General And Administrative Expense": NaN,
        "Other Gand A": NaN,
        "Gross Profit": 108000.0,
        "Cost Of Revenue": 27000.0,
        "Total Revenue": NaN,
        "Operating Revenue": NaN
    },
    "2022-09-30": {
        "Tax Effect Of Unusual Items": NaN,
        "Tax Rate For Calcs": NaN,
        "Normalized EBITDA": NaN,
        "Total Unusual Items": 0.0,
        "Total Unusual Items Excluding Goodwill": 0.0,
        "Net Income From Continuing Operation Net Minority Interest": NaN,
        "Reconciled Depreciation": NaN,
        "Reconciled Cost Of Revenue": 30000.0,
        "EBITDA": NaN,
        "EBIT": NaN,
        "Net Interest Income": NaN,
        "Interest Expense": NaN,
        "Interest Income": NaN,
        "Normalized Income": NaN,
        "Net Income From Continuing And Discontinued Operation": NaN,
        "Total Expenses": NaN,
        "Total Operating Income As Reported": NaN,
        "Diluted Average Shares": 4501557.0,
        "Basic Average Shares": 4501557.0,
        "Diluted EPS": -1.4,
        "Basic EPS": -1.4,
        "Diluted NI Availto Com Stockholders": NaN,
        "Net Income Common Stockholders": NaN,
        "Preferred Stock Dividends": NaN,
        "Net Income": NaN,
        "Minority Interests": NaN,
        "Net Income Including Noncontrolling Interests": NaN,
        "Net Income Continuous Operations": NaN,
        "Tax Provision": NaN,
        "Pretax Income": NaN,
        "Other Income Expense": NaN,
        "Other Non Operating Income Expenses": NaN,
        "Special Income Charges": 0.0,
        "Impairment Of Capital Assets": NaN,
        "Net Non Operating Interest Income Expense": NaN,
        "Interest Expense Non Operating": NaN,
        "Interest Income Non Operating": NaN,
        "Operating Income": NaN,
        "Operating Expense": NaN,
        "Depreciation Amortization Depletion Income Statement": NaN,
        "Depreciation And Amortization In Income Statement": NaN,
        "Research And Development": NaN,
        "Selling General And Administration": NaN,
        "General And Administrative Expense": NaN,
        "Other Gand A": NaN,
        "Gross Profit": 105000.0,
        "Cost Of Revenue": 30000.0,
        "Total Revenue": NaN,
        "Operating Revenue": NaN
    },
    "2022-06-30": {
        "Tax Effect Of Unusual Items": 0.0,
        "Tax Rate For Calcs": 0.0,
        "Normalized EBITDA": -5645000.0,
        "Total Unusual Items": NaN,
        "Total Unusual Items Excluding Goodwill": NaN,
        "Net Income From Continuing Operation Net Minority Interest": -5759000.0,
        "Reconciled Depreciation": 71000.0,
        "Reconciled Cost Of Revenue": 0.0,
        "EBITDA": -5645000.0,
        "EBIT": -5716000.0,
        "Net Interest Income": 0.0,
        "Interest Income": 0.0,
        "Normalized Income": -5759000.0,
        "Net Income From Continuing And Discontinued Operation": -5759000.0,
        "Total Expenses": 5724000.0,
        "Total Operating Income As Reported": -5716000.0,
        "Diluted Average Shares": 39823034.0,
        "Basic Average Shares": 39823034.0,
        "Diluted EPS": -0.15,
        "Basic EPS": -0.15,
        "Diluted NI Availto Com Stockholders": -5870000.0,
        "Net Income Common Stockholders": -5870000.0,
        "Preferred Stock Dividends": 111000.0,
        "Net Income": -5759000.0,
        "Minority Interests": -43000.0,
        "Net Income Including Noncontrolling Interests": -5716000.0,
        "Net Income Continuous Operations": -5716000.0,
        "Tax Provision": 0.0,
        "Pretax Income": -5716000.0,
        "Other Income Expense": NaN,
        "Other Non Operating Income Expenses": NaN,
        "Special Income Charges": NaN,
        "Net Non Operating Interest Income Expense": 0.0,
        "Interest Income Non Operating": 0.0,
        "Operating Income": -5716000.0,
        "Operating Expense": 5724000.0,
        "Depreciation Amortization Depletion Income Statement": 71000.0,
        "Depreciation And Amortization In Income Statement": 71000.0,
        "Research And Development": 1351000.0,
        "Selling General And Administration": 4302000.0,
        "General And Administrative Expense": 4302000.0,
        "Other Gand A": 4302000.0,
        "Gross Profit": 8000.0,
        "Cost Of Revenue": 0.0,
        "Total Revenue": 8000.0,
        "Operating Revenue": 8000.0
    },
    "2022-03-31": {
        "Diluted EPS": -0.22,
        "Total Revenue": 0,
        "Gross Profit": 0,
        "Operating Income": -8,
        "EBIT": -8,
        "Net Income": -8
    },
    "2021-12-31": {
        "Diluted EPS": -0.24,
        "Total Revenue": 0,
        "Gross Profit": 0,
        "Operating Income": -9,
        "EBIT": -9,
        "Net Income": -9
    },
    "2021-09-30": {
        "Diluted EPS": -0.21,
        "Total Revenue": 0,
        "Gross Profit": 0,
        "Operating Income": -8,
        "EBIT": -8,
        "Net Income": -7
    },
    "2021-06-30": {
        "Diluted EPS": -0.24,
        "Total Revenue": 0,
        "Gross Profit": 0,
        "Operating Income": -8,
        "EBIT": -8,
        "Net Income": -8
    },
    "2021-03-31": {
        "Diluted EPS": -0.26,
        "Total Revenue": 0,
        "Gross Profit": 0,
        "Operating Income": -9,
        "EBIT": -9,
        "Net Income": -8
    },
    "2020-12-31": {
        "Diluted EPS": -0.31,
        "Total Revenue": NaN,
        "Gross Profit": NaN,
        "Operating Income": -11,
        "EBIT": -11,
        "Net Income": -10
    },
    "2020-09-30": {
        "Diluted EPS": -0.38,
        "Total Revenue": NaN,
        "Gross Profit": NaN,
        "Operating Income": -13,
        "EBIT": -13,
        "Net Income": -11
    },
    "2020-06-30": {
        "Diluted EPS": -0.72,
        "Total Revenue": NaN,
        "Gross Profit": NaN,
        "Operating Income": -22,
        "EBIT": -22,
        "Net Income": -19
    },
    "2020-03-31": {
        "Diluted EPS": -0.46,
        "Total Revenue": NaN,
        "Gross Profit": NaN,
        "Operating Income": -13,
        "EBIT": -13,
        "Net Income": -11
    },
    "2019-12-31": {
        "Diluted EPS": -0.69,
        "Total Revenue": NaN,
        "Gross Profit": NaN,
        "Operating Income": -15,
        "EBIT": -15,
        "Net Income": -15
    },
    "2019-09-30": {
        "Diluted EPS": -0.25,
        "Total Revenue": NaN,
        "Gross Profit": NaN,
        "Operating Income": -6,
        "EBIT": -5,
        "Net Income": -5
    },
    "2019-06-30": {
        "Diluted EPS": -0.38,
        "Total Revenue": NaN,
        "Gross Profit": NaN,
        "Operating Income": -8,
        "EBIT": -8,
        "Net Income": -8
    },
    "2019-03-31": {
        "Diluted EPS": -0.33,
        "Total Revenue": NaN,
        "Gross Profit": NaN,
        "Operating Income": -6,
        "EBIT": -6,
        "Net Income": -6
    },
    "2018-12-31": {
        "Diluted EPS": -0.34,
        "Total Revenue": NaN,
        "Gross Profit": NaN,
        "Operating Income": -6,
        "EBIT": -6,
        "Net Income": -6
    },
    "2018-09-30": {
        "Diluted EPS": -0.22,
        "Total Revenue": NaN,
        "Gross Profit": NaN,
        "Operating Income": -3,
        "EBIT": -3,
        "Net Income": -3
    },
    "2018-06-30": {
        "Diluted EPS": -0.44,
        "Total Revenue": NaN,
        "Gross Profit": NaN,
        "Operating Income": -6,
        "EBIT": -6,
        "Net Income": -6
    },
    "2018-03-31": {
        "Diluted EPS": -0.25,
        "Total Revenue": NaN,
        "Gross Profit": NaN,
        "Operating Income": -3,
        "EBIT": -3,
        "Net Income": -3
    },
    "2017-12-31": {
        "Diluted EPS": -0.43,
        "Total Revenue": NaN,
        "Gross Profit": NaN,
        "Operating Income": -5,
        "EBIT": -5,
        "Net Income": -5
    },
    "2017-09-30": {
        "Diluted EPS": -0.17,
        "Total Revenue": NaN,
        "Gross Profit": NaN,
        "Operating Income": -2,
        "EBIT": -2,
        "Net Income": -2
    },
    "2017-06-30": {
        "Diluted EPS": -0.3,
        "Total Revenue": NaN,
        "Gross Profit": NaN,
        "Operating Income": -3,
        "EBIT": -3,
        "Net Income": -3
    },
    "2017-03-31": {
        "Diluted EPS": -0.35,
        "Total Revenue": NaN,
        "Gross Profit": NaN,
        "Operating Income": -3,
        "EBIT": -3,
        "Net Income": -3
    },
    "2016-12-31": {
        "Diluted EPS": -0.13,
        "Total Revenue": NaN,
        "Gross Profit": NaN,
        "Operating Income": -2,
        "EBIT": -2,
        "Net Income": -1
    },
    "2016-09-30": {
        "Diluted EPS": -0.2,
        "Total Revenue": NaN,
        "Gross Profit": NaN,
        "Operating Income": -2,
        "EBIT": -2,
        "Net Income": -2
    },
    "2016-06-30": {
        "Diluted EPS": -0.8,
        "Total Revenue": NaN,
        "Gross Profit": NaN,
        "Operating Income": -6,
        "EBIT": -6,
        "Net Income": -6
    },
    "2016-03-31": {
        "Diluted EPS": -0.38,
        "Total Revenue": NaN,
        "Gross Profit": NaN,
        "Operating Income": -2,
        "EBIT": -2,
        "Net Income": -3
    },
    "2015-12-31": {
        "Diluted EPS": -0.28,
        "Total Revenue": NaN,
        "Gross Profit": NaN,
        "Operating Income": -2,
        "EBIT": -2,
        "Net Income": -2
    },
    "2015-09-30": {
        "Diluted EPS": 0.05,
        "Total Revenue": NaN,
        "Gross Profit": NaN,
        "Operating Income": -2,
        "EBIT": -2,
        "Net Income": 0
    },
    "2015-06-30": {
        "Diluted EPS": -0.88,
        "Total Revenue": NaN,
        "Gross Profit": NaN,
        "Operating Income": -4,
        "EBIT": -4,
        "Net Income": -5
    },
    "2015-03-31": {
        "Diluted EPS": -0.65,
        "Total Revenue": NaN,
        "Gross Profit": NaN,
        "Operating Income": -3,
        "EBIT": -3,
        "Net Income": -3
    },
    "2014-12-31": {
        "Diluted EPS": -0.7,
        "Total Revenue": NaN,
        "Gross Profit": NaN,
        "Operating Income": -3,
        "EBIT": -3,
        "Net Income": -3
    },
    "2014-09-30": {
        "Diluted EPS": -0.98,
        "Total Revenue": NaN,
        "Gross Profit": NaN,
        "Operating Income": -4,
        "EBIT": -4,
        "Net Income": -4
    },
    "2014-06-30": {
        "Diluted EPS": -0.25,
        "Total Revenue": NaN,
        "Gross Profit": NaN,
        "Operating Income": -1,
        "EBIT": 0,
        "Net Income": -1
    },
    "2014-03-31": {
        "Diluted EPS": -0.35,
        "Total Revenue": NaN,
        "Gross Profit": NaN,
        "Operating Income": -1,
        "EBIT": 0,
        "Net Income": -1
    },
    "2013-12-31": {
        "Diluted EPS": 0.0,
        "Total Revenue": NaN,
        "Gross Profit": NaN,
        "Operating Income": NaN,
        "EBIT": NaN,
        "Net Income": NaN
    },
    "2013-09-30": {
        "Diluted EPS": -0.83,
        "Total Revenue": NaN,
        "Gross Profit": NaN,
        "Operating Income": -1,
        "EBIT": 0,
        "Net Income": -3
    },
    "2013-06-30": {
        "Diluted EPS": -0.58,
        "Total Revenue": NaN,
        "Gross Profit": NaN,
        "Operating Income": -1,
        "EBIT": -1,
        "Net Income": -2
    },
    "2012-12-31": {
        "Diluted EPS": 0.0,
        "Total Revenue": NaN,
        "Gross Profit": NaN,
        "Operating Income": NaN,
        "EBIT": NaN,
        "Net Income": NaN
    },
    "2011-12-31": {
        "Diluted EPS": 0.0,
        "Total Revenue": NaN,
        "Gross Profit": NaN,
        "Operating Income": NaN,
        "EBIT": NaN,
        "Net Income": NaN
    },
    "2023-06-30": {
        "Tax Effect Of Unusual Items": 0.0,
        "Tax Rate For Calcs": 0.0,
        "Normalized EBITDA": -10816000.0,
        "Total Unusual Items": NaN,
        "Total Unusual Items Excluding Goodwill": NaN,
        "Net Income From Continuing Operation Net Minority Interest": -11093000.0,
        "Reconciled Depreciation": 92000.0,
        "Reconciled Cost Of Revenue": NaN,
        "EBITDA": -10816000.0,
        "EBIT": -10908000.0,
        "Net Interest Income": 3000.0,
        "Interest Expense": NaN,
        "Interest Income": 3000.0,
        "Normalized Income": -11093000.0,
        "Net Income From Continuing And Discontinued Operation": -11093000.0,
        "Total Expenses": 10908000.0,
        "Total Operating Income As Reported": -10908000.0,
        "Diluted Average Shares": 7028155.0,
        "Basic Average Shares": 7028155.0,
        "Diluted EPS": -1.6,
        "Basic EPS": -1.6,
        "Diluted NI Availto Com Stockholders": -11096000.0,
        "Net Income Common Stockholders": -11096000.0,
        "Preferred Stock Dividends": 3000.0,
        "Net Income": -11093000.0,
        "Minority Interests": 37000.0,
        "Net Income Including Noncontrolling Interests": -11130000.0,
        "Net Income Continuous Operations": -11130000.0,
        "Tax Provision": 0.0,
        "Pretax Income": -11130000.0,
        "Other Income Expense": -225000.0,
        "Other Non Operating Income Expenses": -225000.0,
        "Special Income Charges": NaN,
        "Impairment Of Capital Assets": NaN,
        "Net Non Operating Interest Income Expense": 3000.0,
        "Interest Expense Non Operating": NaN,
        "Interest Income Non Operating": 3000.0,
        "Operating Income": -10908000.0,
        "Operating Expense": 10908000.0,
        "Depreciation Amortization Depletion Income Statement": 92000.0,
        "Depreciation And Amortization In Income Statement": 92000.0,
        "Research And Development": 1709000.0,
        "Selling General And Administration": 9107000.0,
        "General And Administrative Expense": 9107000.0,
        "Other Gand A": 9107000.0,
        "Gross Profit": NaN,
        "Cost Of Revenue": NaN,
        "Total Revenue": 0.0,
        "Operating Revenue": 0.0
    },
    "2023-09-30": {
        "Tax Effect Of Unusual Items": 0.0,
        "Tax Rate For Calcs": 0.0,
        "Normalized EBITDA": -3959000.0,
        "Total Unusual Items": NaN,
        "Total Unusual Items Excluding Goodwill": NaN,
        "Net Income From Continuing Operation Net Minority Interest": -4567000.0,
        "Reconciled Depreciation": 92000.0,
        "Reconciled Cost Of Revenue": 0.0,
        "EBITDA": -3959000.0,
        "EBIT": -4051000.0,
        "Net Interest Income": 1000.0,
        "Interest Expense": NaN,
        "Interest Income": 1000.0,
        "Normalized Income": -4567000.0,
        "Net Income From Continuing And Discontinued Operation": -4567000.0,
        "Total Expenses": 4052000.0,
        "Total Operating Income As Reported": -4051000.0,
        "Diluted Average Shares": 7537237.0,
        "Basic Average Shares": 7537237.0,
        "Diluted EPS": -0.6,
        "Basic EPS": -0.6,
        "Diluted NI Availto Com Stockholders": -4569000.0,
        "Net Income Common Stockholders": -4569000.0,
        "Preferred Stock Dividends": 2000.0,
        "Net Income": -4567000.0,
        "Minority Interests": -517000.0,
        "Net Income Including Noncontrolling Interests": -4050000.0,
        "Net Income Continuous Operations": -4050000.0,
        "Tax Provision": 0.0,
        "Pretax Income": -4050000.0,
        "Other Income Expense": NaN,
        "Other Non Operating Income Expenses": NaN,
        "Special Income Charges": NaN,
        "Impairment Of Capital Assets": NaN,
        "Net Non Operating Interest Income Expense": 1000.0,
        "Interest Expense Non Operating": NaN,
        "Interest Income Non Operating": 1000.0,
        "Operating Income": -4051000.0,
        "Operating Expense": 4052000.0,
        "Depreciation Amortization Depletion Income Statement": 92000.0,
        "Depreciation And Amortization In Income Statement": 92000.0,
        "Research And Development": 1145000.0,
        "Selling General And Administration": 2815000.0,
        "General And Administrative Expense": 2815000.0,
        "Other Gand A": 2815000.0,
        "Gross Profit": 1000.0,
        "Cost Of Revenue": 0.0,
        "Total Revenue": 1000.0,
        "Operating Revenue": 1000.0
    },
    "2023-12-31": {
        "Tax Effect Of Unusual Items": 0.0,
        "Tax Rate For Calcs": 0.0,
        "Normalized EBITDA": -6074000.0,
        "Total Unusual Items": NaN,
        "Total Unusual Items Excluding Goodwill": NaN,
        "Net Income From Continuing Operation Net Minority Interest": -6049000.0,
        "Reconciled Depreciation": 93000.0,
        "Reconciled Cost Of Revenue": 0.0,
        "EBITDA": -6074000.0,
        "EBIT": -6167000.0,
        "Net Interest Income": 1000.0,
        "Interest Expense": NaN,
        "Interest Income": 1000.0,
        "Normalized Income": -6049000.0,
        "Net Income From Continuing And Discontinued Operation": -6049000.0,
        "Total Expenses": 6179000.0,
        "Total Operating Income As Reported": -6167000.0,
        "Diluted Average Shares": NaN,
        "Basic Average Shares": NaN,
        "Diluted EPS": NaN,
        "Basic EPS": NaN,
        "Diluted NI Availto Com Stockholders": -6051000.0,
        "Net Income Common Stockholders": -6051000.0,
        "Preferred Stock Dividends": 2000.0,
        "Net Income": -6049000.0,
        "Minority Interests": 79000.0,
        "Net Income Including Noncontrolling Interests": -6128000.0,
        "Net Income Continuous Operations": -6128000.0,
        "Tax Provision": 0.0,
        "Pretax Income": -6128000.0,
        "Other Income Expense": 38000.0,
        "Other Non Operating Income Expenses": 38000.0,
        "Special Income Charges": NaN,
        "Impairment Of Capital Assets": NaN,
        "Net Non Operating Interest Income Expense": 1000.0,
        "Interest Expense Non Operating": NaN,
        "Interest Income Non Operating": 1000.0,
        "Operating Income": -6167000.0,
        "Operating Expense": 6179000.0,
        "Depreciation Amortization Depletion Income Statement": 93000.0,
        "Depreciation And Amortization In Income Statement": 93000.0,
        "Research And Development": 1176000.0,
        "Selling General And Administration": 4910000.0,
        "General And Administrative Expense": 4910000.0,
        "Other Gand A": 4910000.0,
        "Gross Profit": 12000.0,
        "Cost Of Revenue": 0.0,
        "Total Revenue": 12000.0,
        "Operating Revenue": 12000.0
    },
    "2024-03-31": {
        "Tax Effect Of Unusual Items": 0.0,
        "Tax Rate For Calcs": 0.0,
        "Normalized EBITDA": -3081000.0,
        "Total Unusual Items": -253000.0,
        "Total Unusual Items Excluding Goodwill": -253000.0,
        "Net Income From Continuing Operation Net Minority Interest": -3402000.0,
        "Reconciled Depreciation": 78000.0,
        "Reconciled Cost Of Revenue": NaN,
        "EBITDA": -3334000.0,
        "EBIT": -3412000.0,
        "Net Interest Income": -3000.0,
        "Interest Expense": 3000.0,
        "Interest Income": NaN,
        "Normalized Income": -3149000.0,
        "Net Income From Continuing And Discontinued Operation": -3402000.0,
        "Total Expenses": 3198000.0,
        "Total Operating Income As Reported": -3437000.0,
        "Diluted Average Shares": 9856261.0,
        "Basic Average Shares": 9856261.0,
        "Diluted EPS": -0.36,
        "Basic EPS": -0.36,
        "Diluted NI Availto Com Stockholders": -3537000.0,
        "Net Income Common Stockholders": -3537000.0,
        "Preferred Stock Dividends": 135000.0,
        "Net Income": -3402000.0,
        "Minority Interests": 13000.0,
        "Net Income Including Noncontrolling Interests": -3415000.0,
        "Net Income Continuous Operations": -3415000.0,
        "Tax Provision": 0.0,
        "Pretax Income": -3415000.0,
        "Other Income Expense": -228000.0,
        "Other Non Operating Income Expenses": 25000.0,
        "Special Income Charges": -253000.0,
        "Impairment Of Capital Assets": 253000.0,
        "Net Non Operating Interest Income Expense": -3000.0,
        "Interest Expense Non Operating": 3000.0,
        "Interest Income Non Operating": NaN,
        "Operating Income": -3184000.0,
        "Operating Expense": 3198000.0,
        "Depreciation Amortization Depletion Income Statement": 78000.0,
        "Depreciation And Amortization In Income Statement": 78000.0,
        "Research And Development": 238000.0,
        "Selling General And Administration": 2882000.0,
        "General And Administrative Expense": 2882000.0,
        "Other Gand A": 2882000.0,
        "Gross Profit": NaN,
        "Cost Of Revenue": NaN,
        "Total Revenue": 14000.0,
        "Operating Revenue": 14000.0
    }
}