{
    "2023-06-30": {
        "Tax Effect Of Unusual Items": -33672000.0,
        "Tax Rate For Calcs": 0.366,
        "Normalized EBITDA": 886000000.0,
        "Total Unusual Items": -92000000.0,
        "Total Unusual Items Excluding Goodwill": -92000000.0,
        "Net Income From Continuing Operation Net Minority Interest": 270000000.0,
        "Reconciled Depreciation": 298000000.0,
        "Reconciled Cost Of Revenue": 982000000.0,
        "EBITDA": 794000000.0,
        "EBIT": 496000000.0,
        "Net Interest Income": -70000000.0,
        "Interest Expense": 70000000.0,
        "Normalized Income": 328328000.0,
        "Net Income From Continuing And Discontinued Operation": 270000000.0,
        "Total Expenses": 2993000000.0,
        "Total Operating Income As Reported": 514000000.0,
        "Diluted Average Shares": 1456200000.0,
        "Basic Average Shares": 1446200000.0,
        "Diluted EPS": 0.18,
        "Basic EPS": 0.18,
        "Diluted NI Availto Com Stockholders": 261000000.0,
        "Net Income Common Stockholders": 261000000.0,
        "Preferred Stock Dividends": 9000000.0,
        "Net Income": 270000000.0,
        "Minority Interests": 0.0,
        "Net Income Including Noncontrolling Interests": 270000000.0,
        "Net Income Continuous Operations": 270000000.0,
        "Tax Provision": 156000000.0,
        "Pretax Income": 426000000.0,
        "Other Income Expense": -110000000.0,
        "Other Non Operating Income Expenses": -18000000.0,
        "Special Income Charges": -92000000.0,
        "Other Special Charges": NaN,
        "Impairment Of Capital Assets": 57000000.0,
        "Restructuring And Mergern Acquisition": 35000000.0,
        "Net Non Operating Interest Income Expense": -70000000.0,
        "Interest Expense Non Operating": 70000000.0,
        "Operating Income": 606000000.0,
        "Operating Expense": 1923000000.0,
        "Other Operating Expenses": NaN,
        "Depreciation Amortization Depletion Income Statement": 210000000.0,
        "Depreciation And Amortization In Income Statement": 210000000.0,
        "Amortization": 210000000.0,
        "Amortization Of Intangibles Income Statement": 210000000.0,
        "Research And Development": 359000000.0,
        "Selling General And Administration": 1354000000.0,
        "Gross Profit": 2529000000.0,
        "Cost Of Revenue": 1070000000.0,
        "Total Revenue": 3599000000.0,
        "Operating Revenue": 3599000000.0
    },
    "2023-03-31": {
        "Tax Effect Of Unusual Items": NaN,
        "Tax Rate For Calcs": NaN,
        "Normalized EBITDA": NaN,
        "Total Unusual Items": NaN,
        "Total Unusual Items Excluding Goodwill": NaN,
        "Net Income From Continuing Operation Net Minority Interest": NaN,
        "Reconciled Depreciation": NaN,
        "Reconciled Cost Of Revenue": NaN,
        "EBITDA": NaN,
        "EBIT": NaN,
        "Net Interest Income": NaN,
        "Interest Expense": NaN,
        "Normalized Income": NaN,
        "Net Income From Continuing And Discontinued Operation": NaN,
        "Total Expenses": NaN,
        "Total Operating Income As Reported": NaN,
        "Diluted Average Shares": NaN,
        "Basic Average Shares": NaN,
        "Diluted EPS": NaN,
        "Basic EPS": NaN,
        "Diluted NI Availto Com Stockholders": NaN,
        "Net Income Common Stockholders": NaN,
        "Preferred Stock Dividends": 14000000.0,
        "Net Income": NaN,
        "Minority Interests": NaN,
        "Net Income Including Noncontrolling Interests": NaN,
        "Net Income Continuous Operations": NaN,
        "Tax Provision": NaN,
        "Pretax Income": NaN,
        "Other Income Expense": NaN,
        "Other Non Operating Income Expenses": NaN,
        "Special Income Charges": NaN,
        "Other Special Charges": NaN,
        "Impairment Of Capital Assets": NaN,
        "Restructuring And Mergern Acquisition": NaN,
        "Net Non Operating Interest Income Expense": NaN,
        "Interest Expense Non Operating": NaN,
        "Operating Income": NaN,
        "Operating Expense": NaN,
        "Other Operating Expenses": 11000000.0,
        "Depreciation Amortization Depletion Income Statement": NaN,
        "Depreciation And Amortization In Income Statement": NaN,
        "Amortization": NaN,
        "Amortization Of Intangibles Income Statement": NaN,
        "Research And Development": NaN,
        "Selling General And Administration": NaN,
        "Gross Profit": NaN,
        "Cost Of Revenue": NaN,
        "Total Revenue": NaN,
        "Operating Revenue": NaN
    },
    "2022-12-31": {
        "Tax Effect Of Unusual Items": NaN,
        "Tax Rate For Calcs": NaN,
        "Normalized EBITDA": NaN,
        "Total Unusual Items": NaN,
        "Total Unusual Items Excluding Goodwill": NaN,
        "Net Income From Continuing Operation Net Minority Interest": NaN,
        "Reconciled Depreciation": NaN,
        "Reconciled Cost Of Revenue": NaN,
        "EBITDA": NaN,
        "EBIT": NaN,
        "Net Interest Income": NaN,
        "Interest Expense": NaN,
        "Interest Income": 4000000.0,
        "Normalized Income": NaN,
        "Net Income From Continuing And Discontinued Operation": NaN,
        "Total Expenses": NaN,
        "Total Operating Income As Reported": NaN,
        "Diluted Average Shares": NaN,
        "Basic Average Shares": NaN,
        "Diluted EPS": NaN,
        "Basic EPS": NaN,
        "Diluted NI Availto Com Stockholders": NaN,
        "Net Income Common Stockholders": NaN,
        "Preferred Stock Dividends": 13000000.0,
        "Net Income": NaN,
        "Minority Interests": NaN,
        "Net Income Including Noncontrolling Interests": NaN,
        "Net Income Continuous Operations": NaN,
        "Tax Provision": NaN,
        "Pretax Income": NaN,
        "Other Income Expense": NaN,
        "Other Non Operating Income Expenses": NaN,
        "Special Income Charges": NaN,
        "Gain On Sale Of Business": -22000000.0,
        "Other Special Charges": 131000000.0,
        "Impairment Of Capital Assets": 0.0,
        "Restructuring And Mergern Acquisition": NaN,
        "Gain On Sale Of Security": 59000000.0,
        "Net Non Operating Interest Income Expense": NaN,
        "Interest Expense Non Operating": NaN,
        "Interest Income Non Operating": 4000000.0,
        "Operating Income": NaN,
        "Operating Expense": NaN,
        "Other Operating Expenses": NaN,
        "Depreciation Amortization Depletion Income Statement": NaN,
        "Depreciation And Amortization In Income Statement": NaN,
        "Amortization": NaN,
        "Amortization Of Intangibles Income Statement": NaN,
        "Research And Development": NaN,
        "Selling General And Administration": NaN,
        "Gross Profit": NaN,
        "Cost Of Revenue": NaN,
        "Total Revenue": NaN,
        "Operating Revenue": NaN
    },
    "2022-09-30": {
        "Tax Effect Of Unusual Items": NaN,
        "Tax Rate For Calcs": NaN,
        "Normalized EBITDA": NaN,
        "Total Unusual Items": NaN,
        "Total Unusual Items Excluding Goodwill": NaN,
        "Net Income From Continuing Operation Net Minority Interest": NaN,
        "Reconciled Depreciation": NaN,
        "Reconciled Cost Of Revenue": NaN,
        "EBITDA": NaN,
        "EBIT": NaN,
        "Net Interest Income": NaN,
        "Interest Expense": NaN,
        "Interest Income": 1000000.0,
        "Normalized Income": NaN,
        "Net Income From Continuing And Discontinued Operation": NaN,
        "Total Expenses": NaN,
        "Total Operating Income As Reported": NaN,
        "Diluted Average Shares": NaN,
        "Basic Average Shares": NaN,
        "Diluted EPS": NaN,
        "Basic EPS": NaN,
        "Diluted NI Availto Com Stockholders": NaN,
        "Net Income Common Stockholders": NaN,
        "Preferred Stock Dividends": 14000000.0,
        "Net Income": NaN,
        "Minority Interests": NaN,
        "Net Income Including Noncontrolling Interests": NaN,
        "Net Income Continuous Operations": NaN,
        "Tax Provision": NaN,
        "Pretax Income": NaN,
        "Other Income Expense": NaN,
        "Other Non Operating Income Expenses": NaN,
        "Special Income Charges": NaN,
        "Gain On Sale Of Business": 0.0,
        "Other Special Charges": NaN,
        "Impairment Of Capital Assets": 125000000.0,
        "Restructuring And Mergern Acquisition": NaN,
        "Gain On Sale Of Security": -47000000.0,
        "Net Non Operating Interest Income Expense": NaN,
        "Interest Expense Non Operating": NaN,
        "Interest Income Non Operating": 1000000.0,
        "Operating Income": NaN,
        "Operating Expense": NaN,
        "Other Operating Expenses": 11000000.0,
        "Depreciation Amortization Depletion Income Statement": NaN,
        "Depreciation And Amortization In Income Statement": NaN,
        "Amortization": NaN,
        "Amortization Of Intangibles Income Statement": NaN,
        "Research And Development": NaN,
        "Selling General And Administration": NaN,
        "Gross Profit": NaN,
        "Cost Of Revenue": NaN,
        "Total Revenue": NaN,
        "Operating Revenue": NaN
    },
    "2022-06-30": {
        "Tax Effect Of Unusual Items": -23652173.913043,
        "Tax Rate For Calcs": 0.246377,
        "Normalized EBITDA": 709000000.0,
        "Total Unusual Items": -96000000.0,
        "Total Unusual Items Excluding Goodwill": -96000000.0,
        "Net Income From Continuing Operation Net Minority Interest": 260000000.0,
        "Reconciled Depreciation": 204000000.0,
        "Reconciled Cost Of Revenue": 1022000000.0,
        "EBITDA": 613000000.0,
        "EBIT": 409000000.0,
        "Net Interest Income": -64000000.0,
        "Interest Expense": 64000000.0,
        "Interest Income": 1000000.0,
        "Normalized Income": 332347826.086957,
        "Net Income From Continuing And Discontinued Operation": 260000000.0,
        "Total Expenses": 2726000000.0,
        "Total Operating Income As Reported": 423000000.0,
        "Diluted Average Shares": 1437800000.0,
        "Basic Average Shares": 1429700000.0,
        "Diluted EPS": 0.17,
        "Basic EPS": 0.17,
        "Diluted NI Availto Com Stockholders": 246000000.0,
        "Net Income Common Stockholders": 246000000.0,
        "Preferred Stock Dividends": 14000000.0,
        "Net Income": 260000000.0,
        "Minority Interests": NaN,
        "Net Income Including Noncontrolling Interests": 260000000.0,
        "Net Income Continuous Operations": 260000000.0,
        "Tax Provision": 85000000.0,
        "Pretax Income": 345000000.0,
        "Other Income Expense": -110000000.0,
        "Other Non Operating Income Expenses": -14000000.0,
        "Special Income Charges": -96000000.0,
        "Gain On Sale Of Business": 0.0,
        "Other Special Charges": 42000000.0,
        "Impairment Of Capital Assets": 7000000.0,
        "Restructuring And Mergern Acquisition": 47000000.0,
        "Gain On Sale Of Security": -15000000.0,
        "Net Non Operating Interest Income Expense": -64000000.0,
        "Interest Expense Non Operating": 64000000.0,
        "Interest Income Non Operating": 1000000.0,
        "Operating Income": 518000000.0,
        "Operating Expense": 1704000000.0,
        "Other Operating Expenses": NaN,
        "Depreciation Amortization Depletion Income Statement": 204000000.0,
        "Depreciation And Amortization In Income Statement": 204000000.0,
        "Amortization": 204000000.0,
        "Amortization Of Intangibles Income Statement": 204000000.0,
        "Research And Development": 335000000.0,
        "Selling General And Administration": 1165000000.0,
        "Gross Profit": 2222000000.0,
        "Cost Of Revenue": 1022000000.0,
        "Total Revenue": 3244000000.0,
        "Operating Revenue": 3244000000.0
    },
    "2022-03-31": {
        "Diluted EPS": 0.07,
        "Total Revenue": NaN,
        "Gross Profit": NaN,
        "Operating Income": 466,
        "EBIT": 757,
        "Net Income": 97
    },
    "2021-12-31": {
        "Diluted EPS": 0.06,
        "Total Revenue": NaN,
        "Gross Profit": NaN,
        "Operating Income": 180,
        "EBIT": 667,
        "Net Income": 81
    },
    "2021-09-30": {
        "Diluted EPS": 0.28,
        "Total Revenue": NaN,
        "Gross Profit": NaN,
        "Operating Income": 387,
        "EBIT": 787,
        "Net Income": 405
    },
    "2021-06-30": {
        "Diluted EPS": 0.12,
        "Total Revenue": NaN,
        "Gross Profit": NaN,
        "Operating Income": 262,
        "EBIT": 570,
        "Net Income": 172
    },
    "2021-03-31": {
        "Diluted EPS": 0.23,
        "Total Revenue": NaN,
        "Gross Profit": NaN,
        "Operating Income": 369,
        "EBIT": 637,
        "Net Income": 327
    },
    "2020-12-31": {
        "Diluted EPS": 0.14,
        "Total Revenue": NaN,
        "Gross Profit": NaN,
        "Operating Income": 51,
        "EBIT": 421,
        "Net Income": 196
    },
    "2020-09-30": {
        "Diluted EPS": -0.12,
        "Total Revenue": NaN,
        "Gross Profit": NaN,
        "Operating Income": -206,
        "EBIT": 265,
        "Net Income": -169
    },
    "2020-06-30": {
        "Diluted EPS": -0.11,
        "Total Revenue": NaN,
        "Gross Profit": NaN,
        "Operating Income": -70,
        "EBIT": 284,
        "Net Income": -153
    },
    "2020-03-31": {
        "Diluted EPS": 0.01,
        "Total Revenue": NaN,
        "Gross Profit": NaN,
        "Operating Income": 146,
        "EBIT": 607,
        "Net Income": 11
    },
    "2019-12-31": {
        "Diluted EPS": 2.83,
        "Total Revenue": NaN,
        "Gross Profit": NaN,
        "Operating Income": 209,
        "EBIT": 209,
        "Net Income": NaN
    },
    "2019-09-30": {
        "Diluted EPS": 0.09,
        "Total Revenue": NaN,
        "Gross Profit": NaN,
        "Operating Income": 383,
        "EBIT": 383,
        "Net Income": 126
    },
    "2019-06-30": {
        "Diluted EPS": 0.11,
        "Total Revenue": NaN,
        "Gross Profit": NaN,
        "Operating Income": 384,
        "EBIT": 384,
        "Net Income": 154
    },
    "2019-03-31": {
        "Diluted EPS": 0.3,
        "Total Revenue": NaN,
        "Gross Profit": NaN,
        "Operating Income": 541,
        "EBIT": 541,
        "Net Income": 424
    },
    "2018-12-31": {
        "Diluted EPS": 0.27,
        "Total Revenue": NaN,
        "Gross Profit": NaN,
        "Operating Income": 318,
        "EBIT": 318,
        "Net Income": 386
    },
    "2018-09-30": {
        "Diluted EPS": 0.31,
        "Total Revenue": NaN,
        "Gross Profit": NaN,
        "Operating Income": 389,
        "EBIT": 389,
        "Net Income": 432
    },
    "2018-06-30": {
        "Diluted EPS": 0.4,
        "Total Revenue": NaN,
        "Gross Profit": NaN,
        "Operating Income": 391,
        "EBIT": 391,
        "Net Income": 555
    },
    "2018-03-31": {
        "Diluted EPS": 0.21,
        "Total Revenue": NaN,
        "Gross Profit": NaN,
        "Operating Income": 408,
        "EBIT": 408,
        "Net Income": 298
    },
    "2017-12-31": {
        "Diluted EPS": -0.44,
        "Total Revenue": NaN,
        "Gross Profit": NaN,
        "Operating Income": 319,
        "EBIT": 319,
        "Net Income": -615
    },
    "2017-09-30": {
        "Diluted EPS": 0.2,
        "Total Revenue": NaN,
        "Gross Profit": NaN,
        "Operating Income": 377,
        "EBIT": 377,
        "Net Income": 283
    },
    "2017-06-30": {
        "Diluted EPS": 0.11,
        "Total Revenue": NaN,
        "Gross Profit": NaN,
        "Operating Income": 225,
        "EBIT": 225,
        "Net Income": 146
    },
    "2017-03-31": {
        "Diluted EPS": 0.21,
        "Total Revenue": NaN,
        "Gross Profit": NaN,
        "Operating Income": 364,
        "EBIT": 364,
        "Net Income": 290
    },
    "2016-12-31": {
        "Diluted EPS": 0.08,
        "Total Revenue": NaN,
        "Gross Profit": NaN,
        "Operating Income": 140,
        "EBIT": 140,
        "Net Income": 124
    },
    "2016-09-30": {
        "Diluted EPS": 0.17,
        "Total Revenue": NaN,
        "Gross Profit": NaN,
        "Operating Income": 348,
        "EBIT": 348,
        "Net Income": 228
    },
    "2016-06-30": {
        "Diluted EPS": -0.15,
        "Total Revenue": NaN,
        "Gross Profit": NaN,
        "Operating Income": -334,
        "EBIT": -334,
        "Net Income": -207
    },
    "2016-03-31": {
        "Diluted EPS": 0.15,
        "Total Revenue": NaN,
        "Gross Profit": NaN,
        "Operating Income": 293,
        "EBIT": 293,
        "Net Income": 202
    },
    "2015-12-31": {
        "Diluted EPS": -0.11,
        "Total Revenue": NaN,
        "Gross Profit": NaN,
        "Operating Income": -227,
        "EBIT": -227,
        "Net Income": -142
    },
    "2015-09-30": {
        "Diluted EPS": -0.15,
        "Total Revenue": NaN,
        "Gross Profit": NaN,
        "Operating Income": -299,
        "EBIT": -299,
        "Net Income": -198
    },
    "2015-06-30": {
        "Diluted EPS": 0.08,
        "Total Revenue": NaN,
        "Gross Profit": NaN,
        "Operating Income": 219,
        "EBIT": 219,
        "Net Income": 102
    },
    "2015-03-31": {
        "Diluted EPS": 0.0,
        "Total Revenue": NaN,
        "Gross Profit": NaN,
        "Operating Income": 24,
        "EBIT": 24,
        "Net Income": -1
    },
    "2014-12-31": {
        "Diluted EPS": -0.22,
        "Total Revenue": NaN,
        "Gross Profit": NaN,
        "Operating Income": -493,
        "EBIT": -493,
        "Net Income": -299
    },
    "2014-09-30": {
        "Diluted EPS": 0.03,
        "Total Revenue": NaN,
        "Gross Profit": NaN,
        "Operating Income": 64,
        "EBIT": 64,
        "Net Income": 43
    },
    "2014-06-30": {
        "Diluted EPS": 0.0,
        "Total Revenue": NaN,
        "Gross Profit": NaN,
        "Operating Income": -69,
        "EBIT": -69,
        "Net Income": 4
    },
    "2014-03-31": {
        "Diluted EPS": 0.1,
        "Total Revenue": NaN,
        "Gross Profit": NaN,
        "Operating Income": 197,
        "EBIT": 197,
        "Net Income": 133
    },
    "2013-12-31": {
        "Diluted EPS": 0.07,
        "Total Revenue": NaN,
        "Gross Profit": NaN,
        "Operating Income": 127,
        "EBIT": 127,
        "Net Income": 108
    },
    "2013-09-30": {
        "Diluted EPS": 0.0,
        "Total Revenue": NaN,
        "Gross Profit": NaN,
        "Operating Income": 103,
        "EBIT": 103,
        "Net Income": -5
    },
    "2013-06-30": {
        "Diluted EPS": 0.1,
        "Total Revenue": NaN,
        "Gross Profit": NaN,
        "Operating Income": 220,
        "EBIT": 220,
        "Net Income": 130
    },
    "2013-03-31": {
        "Diluted EPS": -0.26,
        "Total Revenue": NaN,
        "Gross Profit": NaN,
        "Operating Income": -330,
        "EBIT": -330,
        "Net Income": -354
    },
    "2012-12-31": {
        "Diluted EPS": 0.02,
        "Total Revenue": NaN,
        "Gross Profit": NaN,
        "Operating Income": 117,
        "EBIT": 117,
        "Net Income": 61
    },
    "2012-09-30": {
        "Diluted EPS": -0.48,
        "Total Revenue": NaN,
        "Gross Profit": NaN,
        "Operating Income": -594,
        "EBIT": -594,
        "Net Income": -664
    },
    "2012-06-30": {
        "Diluted EPS": -2.51,
        "Total Revenue": NaN,
        "Gross Profit": NaN,
        "Operating Income": NaN,
        "EBIT": NaN,
        "Net Income": NaN
    },
    "2012-03-31": {
        "Diluted EPS": 0.08,
        "Total Revenue": NaN,
        "Gross Profit": NaN,
        "Operating Income": 196,
        "EBIT": 196,
        "Net Income": 113
    },
    "2011-12-31": {
        "Diluted EPS": 0.07,
        "Total Revenue": NaN,
        "Gross Profit": NaN,
        "Operating Income": 171,
        "EBIT": 171,
        "Net Income": 107
    },
    "2011-09-30": {
        "Diluted EPS": 0.09,
        "Total Revenue": NaN,
        "Gross Profit": NaN,
        "Operating Income": 174,
        "EBIT": 174,
        "Net Income": 142
    },
    "2011-06-30": {
        "Diluted EPS": 0.1,
        "Total Revenue": NaN,
        "Gross Profit": NaN,
        "Operating Income": 237,
        "EBIT": 237,
        "Net Income": 146
    },
    "2011-03-31": {
        "Diluted EPS": 0.03,
        "Total Revenue": NaN,
        "Gross Profit": NaN,
        "Operating Income": 322,
        "EBIT": 322,
        "Net Income": 46
    },
    "2010-12-31": {
        "Diluted EPS": 0.17,
        "Total Revenue": NaN,
        "Gross Profit": NaN,
        "Operating Income": 348,
        "EBIT": 348,
        "Net Income": 236
    },
    "2010-09-30": {
        "Diluted EPS": 0.12,
        "Total Revenue": NaN,
        "Gross Profit": NaN,
        "Operating Income": 251,
        "EBIT": 251,
        "Net Income": 190
    },
    "2010-06-30": {
        "Diluted EPS": 0.06,
        "Total Revenue": NaN,
        "Gross Profit": NaN,
        "Operating Income": 231,
        "EBIT": 231,
        "Net Income": 98
    },
    "2010-03-31": {
        "Diluted EPS": -1.05,
        "Total Revenue": NaN,
        "Gross Profit": NaN,
        "Operating Income": NaN,
        "EBIT": NaN,
        "Net Income": NaN
    },
    "2009-12-31": {
        "Diluted EPS": -0.71,
        "Total Revenue": NaN,
        "Gross Profit": NaN,
        "Operating Income": NaN,
        "EBIT": NaN,
        "Net Income": NaN
    },
    "2009-09-30": {
        "Diluted EPS": -0.06,
        "Total Revenue": NaN,
        "Gross Profit": NaN,
        "Operating Income": 51,
        "EBIT": 51,
        "Net Income": -94
    },
    "2009-06-30": {
        "Diluted EPS": 0.1,
        "Total Revenue": NaN,
        "Gross Profit": NaN,
        "Operating Income": 275,
        "EBIT": 275,
        "Net Income": 158
    },
    "2009-03-31": {
        "Diluted EPS": -0.01,
        "Total Revenue": NaN,
        "Gross Profit": NaN,
        "Operating Income": 11,
        "EBIT": 11,
        "Net Income": -13
    },
    "2023-09-30": {
        "Tax Effect Of Unusual Items": 14705000.0,
        "Tax Rate For Calcs": 0.173,
        "Normalized EBITDA": 891000000.0,
        "Total Unusual Items": 85000000.0,
        "Total Unusual Items Excluding Goodwill": 85000000.0,
        "Net Income From Continuing Operation Net Minority Interest": 504000000.0,
        "Reconciled Depreciation": 300000000.0,
        "Reconciled Cost Of Revenue": 1009000000.0,
        "EBITDA": 976000000.0,
        "EBIT": 676000000.0,
        "Net Interest Income": -66000000.0,
        "Interest Expense": 66000000.0,
        "Normalized Income": 433705000.0,
        "Net Income From Continuing And Discontinued Operation": 504000000.0,
        "Total Expenses": 2918000000.0,
        "Total Operating Income As Reported": 693000000.0,
        "Diluted Average Shares": 1475000000.0,
        "Basic Average Shares": 1464500000.0,
        "Diluted EPS": 0.34,
        "Basic EPS": 0.34,
        "Diluted NI Availto Com Stockholders": 505000000.0,
        "Net Income Common Stockholders": 505000000.0,
        "Preferred Stock Dividends": NaN,
        "Net Income": 504000000.0,
        "Minority Interests": 0.0,
        "Net Income Including Noncontrolling Interests": 504000000.0,
        "Net Income Continuous Operations": 504000000.0,
        "Tax Provision": 105000000.0,
        "Pretax Income": 610000000.0,
        "Other Income Expense": 67000000.0,
        "Other Non Operating Income Expenses": -18000000.0,
        "Special Income Charges": 85000000.0,
        "Other Special Charges": -111000000.0,
        "Impairment Of Capital Assets": -1000000.0,
        "Restructuring And Mergern Acquisition": 27000000.0,
        "Net Non Operating Interest Income Expense": -66000000.0,
        "Interest Expense Non Operating": 66000000.0,
        "Operating Income": 609000000.0,
        "Operating Expense": 1817000000.0,
        "Other Operating Expenses": 11000000.0,
        "Depreciation Amortization Depletion Income Statement": 208000000.0,
        "Depreciation And Amortization In Income Statement": 208000000.0,
        "Amortization": 208000000.0,
        "Amortization Of Intangibles Income Statement": 208000000.0,
        "Research And Development": 356000000.0,
        "Selling General And Administration": 1242000000.0,
        "Gross Profit": 2426000000.0,
        "Cost Of Revenue": 1101000000.0,
        "Total Revenue": 3527000000.0,
        "Operating Revenue": 3527000000.0
    },
    "2023-12-31": {
        "Tax Effect Of Unusual Items": -263366.336634,
        "Tax Rate For Calcs": 0.00198,
        "Normalized EBITDA": 1016000000.0,
        "Total Unusual Items": -133000000.0,
        "Total Unusual Items Excluding Goodwill": -133000000.0,
        "Net Income From Continuing Operation Net Minority Interest": 505000000.0,
        "Reconciled Depreciation": 313000000.0,
        "Reconciled Cost Of Revenue": 1042000000.0,
        "EBITDA": 883000000.0,
        "EBIT": 570000000.0,
        "Net Interest Income": -43000000.0,
        "Interest Expense": 65000000.0,
        "Normalized Income": 637736633.663366,
        "Net Income From Continuing And Discontinued Operation": 505000000.0,
        "Total Expenses": 3108000000.0,
        "Total Operating Income As Reported": 584000000.0,
        "Diluted Average Shares": 1476900000.0,
        "Basic Average Shares": 1465300000.0,
        "Diluted EPS": 0.34,
        "Basic EPS": 0.34,
        "Diluted NI Availto Com Stockholders": 505000000.0,
        "Net Income Common Stockholders": 505000000.0,
        "Preferred Stock Dividends": 0.0,
        "Net Income": 505000000.0,
        "Minority Interests": 1000000.0,
        "Net Income Including Noncontrolling Interests": 504000000.0,
        "Net Income Continuous Operations": 504000000.0,
        "Tax Provision": 1000000.0,
        "Pretax Income": 505000000.0,
        "Other Income Expense": -69000000.0,
        "Other Non Operating Income Expenses": 64000000.0,
        "Special Income Charges": -33000000.0,
        "Other Special Charges": 0.0,
        "Impairment Of Capital Assets": 0.0,
        "Restructuring And Mergern Acquisition": 33000000.0,
        "Net Non Operating Interest Income Expense": -43000000.0,
        "Interest Expense Non Operating": 65000000.0,
        "Operating Income": 617000000.0,
        "Operating Expense": 1961000000.0,
        "Other Operating Expenses": 11000000.0,
        "Depreciation Amortization Depletion Income Statement": 208000000.0,
        "Depreciation And Amortization In Income Statement": 208000000.0,
        "Amortization": 208000000.0,
        "Amortization Of Intangibles Income Statement": 208000000.0,
        "Research And Development": 363000000.0,
        "Selling General And Administration": 1379000000.0,
        "Gross Profit": 2578000000.0,
        "Cost Of Revenue": 1147000000.0,
        "Total Revenue": 3725000000.0,
        "Operating Revenue": 3725000000.0
    },
    "2024-03-31": {
        "Tax Effect Of Unusual Items": -3780000.0,
        "Tax Rate For Calcs": 0.189,
        "Normalized EBITDA": 1001000000.0,
        "Total Unusual Items": -20000000.0,
        "Total Unusual Items Excluding Goodwill": -20000000.0,
        "Net Income From Continuing Operation Net Minority Interest": 492000000.0,
        "Reconciled Depreciation": 304000000.0,
        "Reconciled Cost Of Revenue": 1119000000.0,
        "EBITDA": 981000000.0,
        "EBIT": 677000000.0,
        "Net Interest Income": -69000000.0,
        "Interest Expense": 69000000.0,
        "Normalized Income": 508220000.0,
        "Net Income From Continuing And Discontinued Operation": 492000000.0,
        "Total Expenses": 3163000000.0,
        "Total Operating Income As Reported": 675000000.0,
        "Diluted Average Shares": 1481700000.0,
        "Basic Average Shares": 1468400000.0,
        "Diluted EPS": 0.33,
        "Basic EPS": 0.34,
        "Diluted NI Availto Com Stockholders": 495000000.0,
        "Net Income Common Stockholders": 495000000.0,
        "Preferred Stock Dividends": NaN,
        "Net Income": 492000000.0,
        "Minority Interests": -1000000.0,
        "Net Income Including Noncontrolling Interests": 493000000.0,
        "Net Income Continuous Operations": 493000000.0,
        "Tax Provision": 115000000.0,
        "Pretax Income": 608000000.0,
        "Other Income Expense": -18000000.0,
        "Other Non Operating Income Expenses": 2000000.0,
        "Special Income Charges": -20000000.0,
        "Other Special Charges": NaN,
        "Impairment Of Capital Assets": NaN,
        "Restructuring And Mergern Acquisition": 20000000.0,
        "Net Non Operating Interest Income Expense": -69000000.0,
        "Interest Expense Non Operating": 69000000.0,
        "Operating Income": 693000000.0,
        "Operating Expense": 1954000000.0,
        "Other Operating Expenses": 10000000.0,
        "Depreciation Amortization Depletion Income Statement": 214000000.0,
        "Depreciation And Amortization In Income Statement": 214000000.0,
        "Amortization": 214000000.0,
        "Amortization Of Intangibles Income Statement": 214000000.0,
        "Research And Development": 366000000.0,
        "Selling General And Administration": 1364000000.0,
        "Gross Profit": 2647000000.0,
        "Cost Of Revenue": 1209000000.0,
        "Total Revenue": 3856000000.0,
        "Operating Revenue": 3856000000.0
    },
    "2024-06-30": {
        "Tax Effect Of Unusual Items": -65286000.0,
        "Tax Rate For Calcs": 0.234,
        "Normalized EBITDA": 1087000000.0,
        "Total Unusual Items": -279000000.0,
        "Total Unusual Items Excluding Goodwill": -279000000.0,
        "Net Income From Continuing Operation Net Minority Interest": 324000000.0,
        "Reconciled Depreciation": 311000000.0,
        "Reconciled Cost Of Revenue": 1172000000.0,
        "EBITDA": 808000000.0,
        "EBIT": 497000000.0,
        "Net Interest Income": -77000000.0,
        "Interest Expense": 77000000.0,
        "Normalized Income": 537714000.0,
        "Net Income From Continuing And Discontinued Operation": 324000000.0,
        "Total Expenses": 3321000000.0,
        "Total Operating Income As Reported": 520000000.0,
        "Diluted Average Shares": 1484200000.0,
        "Basic Average Shares": 1470600000.0,
        "Diluted EPS": 0.22,
        "Basic EPS": 0.22,
        "Diluted NI Availto Com Stockholders": 324000000.0,
        "Net Income Common Stockholders": 324000000.0,
        "Preferred Stock Dividends": NaN,
        "Net Income": 324000000.0,
        "Minority Interests": 2000000.0,
        "Net Income Including Noncontrolling Interests": 322000000.0,
        "Net Income Continuous Operations": 322000000.0,
        "Tax Provision": 98000000.0,
        "Pretax Income": 420000000.0,
        "Other Income Expense": -302000000.0,
        "Other Non Operating Income Expenses": -23000000.0,
        "Special Income Charges": -279000000.0,
        "Other Special Charges": NaN,
        "Impairment Of Capital Assets": 276000000.0,
        "Restructuring And Mergern Acquisition": 3000000.0,
        "Net Non Operating Interest Income Expense": -77000000.0,
        "Interest Expense Non Operating": 77000000.0,
        "Operating Income": 799000000.0,
        "Operating Expense": 2051000000.0,
        "Other Operating Expenses": 9000000.0,
        "Depreciation Amortization Depletion Income Statement": 213000000.0,
        "Depreciation And Amortization In Income Statement": 213000000.0,
        "Amortization": 213000000.0,
        "Amortization Of Intangibles Income Statement": 213000000.0,
        "Research And Development": 383000000.0,
        "Selling General And Administration": 1446000000.0,
        "Gross Profit": 2850000000.0,
        "Cost Of Revenue": 1270000000.0,
        "Total Revenue": 4120000000.0,
        "Operating Revenue": 4120000000.0
    }
}