{
    "2023-03-31": {
        "Tax Effect Of Unusual Items": 0.0,
        "Tax Rate For Calcs": 0.0,
        "Normalized EBITDA": -49429000.0,
        "Total Unusual Items": NaN,
        "Total Unusual Items Excluding Goodwill": NaN,
        "Net Income From Continuing Operation Net Minority Interest": -52796000.0,
        "Reconciled Depreciation": 80000.0,
        "Reconciled Cost Of Revenue": 9000.0,
        "EBITDA": -49429000.0,
        "EBIT": -49429000.0,
        "Net Interest Income": -1352000.0,
        "Interest Expense": 3367000.0,
        "Interest Income": 2015000.0,
        "Normalized Income": -52796000.0,
        "Net Income From Continuing And Discontinued Operation": -52796000.0,
        "Total Expenses": 51404000.0,
        "Total Operating Income As Reported": -51198000.0,
        "Diluted Average Shares": 28616000.0,
        "Basic Average Shares": 28616000.0,
        "Diluted EPS": -1.84,
        "Basic EPS": -1.84,
        "Diluted NI Availto Com Stockholders": -52796000.0,
        "Net Income Common Stockholders": -52796000.0,
        "Net Income": -52796000.0,
        "Net Income Including Noncontrolling Interests": -52796000.0,
        "Net Income Continuous Operations": -52796000.0,
        "Pretax Income": -52796000.0,
        "Other Income Expense": -246000.0,
        "Other Non Operating Income Expenses": -246000.0,
        "Special Income Charges": NaN,
        "Restructuring And Mergern Acquisition": NaN,
        "Net Non Operating Interest Income Expense": -1352000.0,
        "Total Other Finance Cost": NaN,
        "Interest Expense Non Operating": 3367000.0,
        "Interest Income Non Operating": 2015000.0,
        "Operating Income": -51198000.0,
        "Operating Expense": 51395000.0,
        "Research And Development": 27800000.0,
        "Selling General And Administration": 23595000.0,
        "Selling And Marketing Expense": NaN,
        "General And Administrative Expense": 23595000.0,
        "Other Gand A": 23595000.0,
        "Insurance And Claims": 555000.0,
        "Salaries And Wages": 13031000.0,
        "Gross Profit": 197000.0,
        "Cost Of Revenue": 9000.0,
        "Total Revenue": 206000.0,
        "Operating Revenue": 206000.0
    },
    "2022-12-31": {
        "Tax Effect Of Unusual Items": 0.0,
        "Tax Rate For Calcs": 0.0,
        "Normalized EBITDA": -51887000.0,
        "Total Unusual Items": NaN,
        "Total Unusual Items Excluding Goodwill": NaN,
        "Net Income From Continuing Operation Net Minority Interest": -54808000.0,
        "Reconciled Depreciation": 81000.0,
        "Reconciled Cost Of Revenue": 9000.0,
        "EBITDA": -51887000.0,
        "EBIT": -51887000.0,
        "Net Interest Income": -1434000.0,
        "Interest Expense": 2921000.0,
        "Interest Income": 1487000.0,
        "Normalized Income": -54808000.0,
        "Net Income From Continuing And Discontinued Operation": -54808000.0,
        "Total Expenses": 53132000.0,
        "Total Operating Income As Reported": -52894000.0,
        "Diluted Average Shares": 28068000.0,
        "Basic Average Shares": 28068000.0,
        "Diluted EPS": -1.95,
        "Basic EPS": -1.95,
        "Diluted NI Availto Com Stockholders": -54808000.0,
        "Net Income Common Stockholders": -54808000.0,
        "Net Income": -54808000.0,
        "Net Income Including Noncontrolling Interests": -54808000.0,
        "Net Income Continuous Operations": -54808000.0,
        "Pretax Income": -54808000.0,
        "Other Income Expense": -480000.0,
        "Other Non Operating Income Expenses": -480000.0,
        "Special Income Charges": NaN,
        "Restructuring And Mergern Acquisition": NaN,
        "Net Non Operating Interest Income Expense": -1434000.0,
        "Total Other Finance Cost": NaN,
        "Interest Expense Non Operating": 2921000.0,
        "Interest Income Non Operating": 1487000.0,
        "Operating Income": -52894000.0,
        "Operating Expense": 53123000.0,
        "Research And Development": 32459000.0,
        "Selling General And Administration": 20664000.0,
        "Selling And Marketing Expense": NaN,
        "General And Administrative Expense": 20664000.0,
        "Other Gand A": 20664000.0,
        "Insurance And Claims": 599000.0,
        "Salaries And Wages": 10835000.0,
        "Gross Profit": 229000.0,
        "Cost Of Revenue": 9000.0,
        "Total Revenue": 238000.0,
        "Operating Revenue": 238000.0
    },
    "2022-09-30": {
        "Tax Effect Of Unusual Items": 0.0,
        "Tax Rate For Calcs": 0.0,
        "Normalized EBITDA": -38990000.0,
        "Total Unusual Items": NaN,
        "Total Unusual Items Excluding Goodwill": NaN,
        "Net Income From Continuing Operation Net Minority Interest": -41805000.0,
        "Reconciled Depreciation": 85000.0,
        "Reconciled Cost Of Revenue": 11000.0,
        "EBITDA": -38990000.0,
        "EBIT": -38990000.0,
        "Net Interest Income": -2877000.0,
        "Interest Expense": NaN,
        "Interest Income": NaN,
        "Normalized Income": -41805000.0,
        "Net Income From Continuing And Discontinued Operation": -41805000.0,
        "Total Expenses": 39127000.0,
        "Total Operating Income As Reported": -38990000.0,
        "Diluted Average Shares": 28022000.0,
        "Basic Average Shares": 28022000.0,
        "Diluted EPS": -1.49,
        "Basic EPS": -1.49,
        "Diluted NI Availto Com Stockholders": -41805000.0,
        "Net Income Common Stockholders": -41805000.0,
        "Net Income": -41805000.0,
        "Net Income Including Noncontrolling Interests": -41805000.0,
        "Net Income Continuous Operations": -41805000.0,
        "Pretax Income": -41805000.0,
        "Other Income Expense": 62000.0,
        "Other Non Operating Income Expenses": 62000.0,
        "Special Income Charges": NaN,
        "Restructuring And Mergern Acquisition": NaN,
        "Net Non Operating Interest Income Expense": -2877000.0,
        "Total Other Finance Cost": 2877000.0,
        "Interest Expense Non Operating": NaN,
        "Interest Income Non Operating": NaN,
        "Operating Income": -38990000.0,
        "Operating Expense": 39116000.0,
        "Research And Development": 22062000.0,
        "Selling General And Administration": 17054000.0,
        "Selling And Marketing Expense": NaN,
        "General And Administrative Expense": 17054000.0,
        "Other Gand A": 17054000.0,
        "Insurance And Claims": 599000.0,
        "Salaries And Wages": 8796000.0,
        "Gross Profit": 126000.0,
        "Cost Of Revenue": 11000.0,
        "Total Revenue": 137000.0,
        "Operating Revenue": 137000.0
    },
    "2022-06-30": {
        "Tax Effect Of Unusual Items": 0.0,
        "Tax Rate For Calcs": 0.0,
        "Normalized EBITDA": -36084000.0,
        "Net Income From Continuing Operation Net Minority Interest": -37670000.0,
        "Reconciled Depreciation": 84000.0,
        "Reconciled Cost Of Revenue": NaN,
        "EBITDA": -36084000.0,
        "EBIT": -36084000.0,
        "Net Interest Income": -1382000.0,
        "Interest Expense": 1586000.0,
        "Interest Income": 204000.0,
        "Normalized Income": -37670000.0,
        "Net Income From Continuing And Discontinued Operation": -37670000.0,
        "Total Expenses": 36288000.0,
        "Total Operating Income As Reported": -36288000.0,
        "Diluted Average Shares": 27989000.0,
        "Basic Average Shares": 27989000.0,
        "Diluted EPS": -1.35,
        "Basic EPS": -1.35,
        "Diluted NI Availto Com Stockholders": -37670000.0,
        "Net Income Common Stockholders": -37670000.0,
        "Net Income": -37670000.0,
        "Net Income Including Noncontrolling Interests": -37670000.0,
        "Net Income Continuous Operations": -37670000.0,
        "Pretax Income": -37670000.0,
        "Other Income Expense": NaN,
        "Other Non Operating Income Expenses": NaN,
        "Net Non Operating Interest Income Expense": -1382000.0,
        "Total Other Finance Cost": NaN,
        "Interest Expense Non Operating": 1586000.0,
        "Interest Income Non Operating": 204000.0,
        "Operating Income": -36288000.0,
        "Operating Expense": 36288000.0,
        "Research And Development": 17906000.0,
        "Selling General And Administration": 18382000.0,
        "Selling And Marketing Expense": 4719000.0,
        "General And Administrative Expense": 18382000.0,
        "Other Gand A": 18382000.0,
        "Insurance And Claims": 603000.0,
        "Salaries And Wages": 7776000.0,
        "Gross Profit": NaN,
        "Cost Of Revenue": NaN,
        "Total Revenue": 0.0,
        "Operating Revenue": 0.0
    },
    "2022-03-31": {
        "Diluted EPS": -1.12,
        "Total Revenue": NaN,
        "Gross Profit": NaN,
        "Operating Income": -31,
        "EBIT": -31,
        "Net Income": -31
    },
    "2021-12-31": {
        "Diluted EPS": -0.9,
        "Total Revenue": NaN,
        "Gross Profit": NaN,
        "Operating Income": -26,
        "EBIT": -26,
        "Net Income": -26
    },
    "2021-09-30": {
        "Diluted EPS": -0.96,
        "Total Revenue": NaN,
        "Gross Profit": NaN,
        "Operating Income": -27,
        "EBIT": -27,
        "Net Income": -27
    },
    "2021-06-30": {
        "Diluted EPS": -1.11,
        "Total Revenue": NaN,
        "Gross Profit": NaN,
        "Operating Income": -28,
        "EBIT": -28,
        "Net Income": -28
    },
    "2021-03-31": {
        "Diluted EPS": -1.08,
        "Total Revenue": NaN,
        "Gross Profit": NaN,
        "Operating Income": -26,
        "EBIT": -26,
        "Net Income": -26
    },
    "2020-12-31": {
        "Diluted EPS": -0.87,
        "Total Revenue": NaN,
        "Gross Profit": NaN,
        "Operating Income": -21,
        "EBIT": -21,
        "Net Income": -21
    },
    "2020-09-30": {
        "Diluted EPS": -1.07,
        "Total Revenue": NaN,
        "Gross Profit": NaN,
        "Operating Income": -25,
        "EBIT": -25,
        "Net Income": -25
    },
    "2020-06-30": {
        "Diluted EPS": -1.06,
        "Total Revenue": NaN,
        "Gross Profit": NaN,
        "Operating Income": -21,
        "EBIT": -21,
        "Net Income": -21
    },
    "2020-03-31": {
        "Diluted EPS": -0.79,
        "Total Revenue": NaN,
        "Gross Profit": NaN,
        "Operating Income": -15,
        "EBIT": -15,
        "Net Income": -15
    },
    "2019-12-31": {
        "Diluted EPS": -0.45,
        "Total Revenue": NaN,
        "Gross Profit": NaN,
        "Operating Income": -8,
        "EBIT": -8,
        "Net Income": -8
    },
    "2019-09-30": {
        "Diluted EPS": -0.57,
        "Total Revenue": NaN,
        "Gross Profit": NaN,
        "Operating Income": -9,
        "EBIT": -9,
        "Net Income": -9
    },
    "2019-06-30": {
        "Diluted EPS": -0.54,
        "Total Revenue": NaN,
        "Gross Profit": NaN,
        "Operating Income": -9,
        "EBIT": -9,
        "Net Income": -8
    },
    "2019-03-31": {
        "Diluted EPS": -0.46,
        "Total Revenue": NaN,
        "Gross Profit": NaN,
        "Operating Income": -7,
        "EBIT": -7,
        "Net Income": -7
    },
    "2018-12-31": {
        "Diluted EPS": -0.45,
        "Total Revenue": NaN,
        "Gross Profit": NaN,
        "Operating Income": -7,
        "EBIT": -7,
        "Net Income": -7
    },
    "2018-09-30": {
        "Diluted EPS": -0.31,
        "Total Revenue": NaN,
        "Gross Profit": NaN,
        "Operating Income": -5,
        "EBIT": -5,
        "Net Income": -5
    },
    "2018-06-30": {
        "Diluted EPS": -0.19,
        "Total Revenue": NaN,
        "Gross Profit": NaN,
        "Operating Income": -3,
        "EBIT": -3,
        "Net Income": -3
    },
    "2018-03-31": {
        "Diluted EPS": -0.37,
        "Total Revenue": NaN,
        "Gross Profit": NaN,
        "Operating Income": -4,
        "EBIT": -4,
        "Net Income": -4
    },
    "2017-12-31": {
        "Diluted EPS": -0.25,
        "Total Revenue": NaN,
        "Gross Profit": NaN,
        "Operating Income": -3,
        "EBIT": -3,
        "Net Income": -3
    },
    "2017-09-30": {
        "Diluted EPS": -0.1,
        "Total Revenue": NaN,
        "Gross Profit": NaN,
        "Operating Income": -1,
        "EBIT": -1,
        "Net Income": -1
    },
    "2017-06-30": {
        "Diluted EPS": -0.06,
        "Total Revenue": NaN,
        "Gross Profit": NaN,
        "Operating Income": -1,
        "EBIT": -1,
        "Net Income": -1
    },
    "2017-03-31": {
        "Diluted EPS": -0.06,
        "Total Revenue": NaN,
        "Gross Profit": NaN,
        "Operating Income": -1,
        "EBIT": -1,
        "Net Income": -1
    },
    "2016-12-31": {
        "Diluted EPS": 0.0,
        "Total Revenue": NaN,
        "Gross Profit": NaN,
        "Operating Income": NaN,
        "EBIT": NaN,
        "Net Income": NaN
    },
    "2023-06-30": {
        "Tax Effect Of Unusual Items": 0.0,
        "Tax Rate For Calcs": 0.0,
        "Normalized EBITDA": -50175000.0,
        "Total Unusual Items": NaN,
        "Total Unusual Items Excluding Goodwill": NaN,
        "Net Income From Continuing Operation Net Minority Interest": -53515000.0,
        "Reconciled Depreciation": 81000.0,
        "Reconciled Cost Of Revenue": 26000.0,
        "EBITDA": -50175000.0,
        "EBIT": -50256000.0,
        "Net Interest Income": -1638000.0,
        "Interest Expense": 3259000.0,
        "Interest Income": 1621000.0,
        "Normalized Income": -53515000.0,
        "Net Income From Continuing And Discontinued Operation": -53515000.0,
        "Total Expenses": 52871000.0,
        "Total Operating Income As Reported": -52414000.0,
        "Diluted Average Shares": 29187000.0,
        "Basic Average Shares": 29187000.0,
        "Diluted EPS": -1.83,
        "Basic EPS": -1.83,
        "Diluted NI Availto Com Stockholders": -53515000.0,
        "Net Income Common Stockholders": -53515000.0,
        "Net Income": -53515000.0,
        "Net Income Including Noncontrolling Interests": -53515000.0,
        "Net Income Continuous Operations": -53515000.0,
        "Pretax Income": -53515000.0,
        "Other Income Expense": 537000.0,
        "Other Non Operating Income Expenses": 537000.0,
        "Special Income Charges": NaN,
        "Restructuring And Mergern Acquisition": NaN,
        "Net Non Operating Interest Income Expense": -1638000.0,
        "Total Other Finance Cost": NaN,
        "Interest Expense Non Operating": 3259000.0,
        "Interest Income Non Operating": 1621000.0,
        "Operating Income": -52414000.0,
        "Operating Expense": 52845000.0,
        "Research And Development": 26973000.0,
        "Selling General And Administration": 25872000.0,
        "Selling And Marketing Expense": 4808000.0,
        "General And Administrative Expense": 21064000.0,
        "Other Gand A": 7873000.0,
        "Insurance And Claims": 396000.0,
        "Salaries And Wages": 12795000.0,
        "Gross Profit": 431000.0,
        "Cost Of Revenue": 26000.0,
        "Total Revenue": 457000.0,
        "Operating Revenue": 457000.0
    },
    "2023-09-30": {
        "Tax Effect Of Unusual Items": 0.0,
        "Tax Rate For Calcs": 0.0,
        "Normalized EBITDA": -42992000.0,
        "Total Unusual Items": -4163000.0,
        "Total Unusual Items Excluding Goodwill": -4163000.0,
        "Net Income From Continuing Operation Net Minority Interest": -50486000.0,
        "Reconciled Depreciation": 79000.0,
        "Reconciled Cost Of Revenue": 512000.0,
        "EBITDA": -47155000.0,
        "EBIT": -47234000.0,
        "Net Interest Income": -2184000.0,
        "Interest Expense": 3252000.0,
        "Interest Income": 1068000.0,
        "Normalized Income": -46323000.0,
        "Net Income From Continuing And Discontinued Operation": -50486000.0,
        "Total Expenses": 44475000.0,
        "Total Operating Income As Reported": -48297000.0,
        "Diluted Average Shares": 29268000.0,
        "Basic Average Shares": 29268000.0,
        "Diluted EPS": -1.72,
        "Basic EPS": -1.72,
        "Diluted NI Availto Com Stockholders": -50486000.0,
        "Net Income Common Stockholders": -50486000.0,
        "Net Income": -50486000.0,
        "Net Income Including Noncontrolling Interests": -50486000.0,
        "Net Income Continuous Operations": -50486000.0,
        "Pretax Income": -50486000.0,
        "Other Income Expense": -4168000.0,
        "Other Non Operating Income Expenses": -5000.0,
        "Special Income Charges": -4163000.0,
        "Restructuring And Mergern Acquisition": 4163000.0,
        "Net Non Operating Interest Income Expense": -2184000.0,
        "Total Other Finance Cost": NaN,
        "Interest Expense Non Operating": 3252000.0,
        "Interest Income Non Operating": 1068000.0,
        "Operating Income": -44134000.0,
        "Operating Expense": 43963000.0,
        "Research And Development": 19619000.0,
        "Selling General And Administration": 24344000.0,
        "Selling And Marketing Expense": 2989000.0,
        "General And Administrative Expense": 21355000.0,
        "Other Gand A": 10794000.0,
        "Insurance And Claims": 396000.0,
        "Salaries And Wages": 10165000.0,
        "Gross Profit": -171000.0,
        "Cost Of Revenue": 512000.0,
        "Total Revenue": 341000.0,
        "Operating Revenue": 341000.0
    }
}