{
    "2023-03-31": {
        "Tax Effect Of Unusual Items": NaN,
        "Tax Rate For Calcs": NaN,
        "Normalized EBITDA": NaN,
        "Total Unusual Items": NaN,
        "Total Unusual Items Excluding Goodwill": NaN,
        "Net Income From Continuing Operation Net Minority Interest": NaN,
        "Reconciled Depreciation": NaN,
        "Reconciled Cost Of Revenue": NaN,
        "EBITDA": NaN,
        "EBIT": NaN,
        "Normalized Income": NaN,
        "Net Income From Continuing And Discontinued Operation": NaN,
        "Total Expenses": NaN,
        "Diluted Average Shares": NaN,
        "Basic Average Shares": NaN,
        "Diluted EPS": NaN,
        "Basic EPS": NaN,
        "Diluted NI Availto Com Stockholders": NaN,
        "Net Income Common Stockholders": NaN,
        "Otherunder Preferred Stock Dividend": 0.0,
        "Net Income": NaN,
        "Net Income Including Noncontrolling Interests": NaN,
        "Net Income Continuous Operations": NaN,
        "Pretax Income": NaN,
        "Other Income Expense": NaN,
        "Other Non Operating Income Expenses": NaN,
        "Special Income Charges": -94907.0,
        "Write Off": NaN,
        "Impairment Of Capital Assets": 94907.0,
        "Gain On Sale Of Security": NaN,
        "Operating Income": NaN,
        "Operating Expense": NaN,
        "Research And Development": NaN,
        "Selling General And Administration": NaN,
        "Selling And Marketing Expense": NaN,
        "General And Administrative Expense": NaN,
        "Other Gand A": NaN,
        "Salaries And Wages": NaN,
        "Gross Profit": NaN,
        "Cost Of Revenue": NaN,
        "Total Revenue": NaN,
        "Operating Revenue": NaN
    },
    "2022-12-31": {
        "Tax Effect Of Unusual Items": NaN,
        "Tax Rate For Calcs": NaN,
        "Normalized EBITDA": NaN,
        "Total Unusual Items": NaN,
        "Total Unusual Items Excluding Goodwill": NaN,
        "Net Income From Continuing Operation Net Minority Interest": NaN,
        "Reconciled Depreciation": NaN,
        "Reconciled Cost Of Revenue": NaN,
        "EBITDA": NaN,
        "EBIT": NaN,
        "Net Interest Income": 0.0,
        "Interest Expense": 0.0,
        "Normalized Income": NaN,
        "Net Income From Continuing And Discontinued Operation": NaN,
        "Total Expenses": NaN,
        "Diluted Average Shares": NaN,
        "Basic Average Shares": NaN,
        "Diluted EPS": NaN,
        "Basic EPS": NaN,
        "Diluted NI Availto Com Stockholders": NaN,
        "Net Income Common Stockholders": NaN,
        "Otherunder Preferred Stock Dividend": 0.0,
        "Net Income": NaN,
        "Net Income Including Noncontrolling Interests": NaN,
        "Net Income Continuous Operations": NaN,
        "Pretax Income": NaN,
        "Other Income Expense": NaN,
        "Special Income Charges": -1001402.0,
        "Write Off": NaN,
        "Impairment Of Capital Assets": NaN,
        "Gain On Sale Of Security": NaN,
        "Net Non Operating Interest Income Expense": 0.0,
        "Interest Expense Non Operating": 0.0,
        "Operating Income": NaN,
        "Operating Expense": NaN,
        "Research And Development": NaN,
        "Selling General And Administration": NaN,
        "Selling And Marketing Expense": NaN,
        "General And Administrative Expense": NaN,
        "Other Gand A": NaN,
        "Salaries And Wages": NaN,
        "Gross Profit": NaN,
        "Cost Of Revenue": NaN,
        "Total Revenue": NaN,
        "Operating Revenue": NaN
    },
    "2022-09-30": {
        "Tax Effect Of Unusual Items": NaN,
        "Tax Rate For Calcs": NaN,
        "Normalized EBITDA": NaN,
        "Total Unusual Items": NaN,
        "Total Unusual Items Excluding Goodwill": NaN,
        "Net Income From Continuing Operation Net Minority Interest": NaN,
        "Reconciled Depreciation": NaN,
        "Reconciled Cost Of Revenue": NaN,
        "EBITDA": NaN,
        "EBIT": NaN,
        "Net Interest Income": 0.0,
        "Interest Expense": 0.0,
        "Normalized Income": NaN,
        "Net Income From Continuing And Discontinued Operation": NaN,
        "Total Expenses": NaN,
        "Diluted Average Shares": 12952645.0,
        "Basic Average Shares": 12952645.0,
        "Diluted EPS": -0.08,
        "Basic EPS": -0.08,
        "Diluted NI Availto Com Stockholders": NaN,
        "Net Income Common Stockholders": NaN,
        "Otherunder Preferred Stock Dividend": 0.0,
        "Net Income": NaN,
        "Net Income Including Noncontrolling Interests": NaN,
        "Net Income Continuous Operations": NaN,
        "Pretax Income": NaN,
        "Other Income Expense": NaN,
        "Special Income Charges": NaN,
        "Write Off": 145247.0,
        "Impairment Of Capital Assets": 145247.0,
        "Gain On Sale Of Security": NaN,
        "Net Non Operating Interest Income Expense": 0.0,
        "Interest Expense Non Operating": 0.0,
        "Operating Income": NaN,
        "Operating Expense": NaN,
        "Research And Development": NaN,
        "Selling General And Administration": NaN,
        "Selling And Marketing Expense": NaN,
        "General And Administrative Expense": NaN,
        "Other Gand A": NaN,
        "Salaries And Wages": NaN,
        "Gross Profit": NaN,
        "Cost Of Revenue": NaN,
        "Total Revenue": NaN,
        "Operating Revenue": NaN
    },
    "2022-06-30": {
        "Tax Effect Of Unusual Items": 0.0,
        "Tax Rate For Calcs": 0.0,
        "Normalized EBITDA": -937392.0,
        "Total Unusual Items": -6786351.0,
        "Total Unusual Items Excluding Goodwill": -6786351.0,
        "Net Income From Continuing Operation Net Minority Interest": -7724673.0,
        "Reconciled Depreciation": 930.0,
        "Reconciled Cost Of Revenue": 93900.0,
        "EBITDA": -7723743.0,
        "EBIT": -7724673.0,
        "Net Interest Income": 0.0,
        "Interest Expense": 0.0,
        "Normalized Income": -938322.0,
        "Net Income From Continuing And Discontinued Operation": -7724673.0,
        "Total Expenses": 1452671.0,
        "Diluted Average Shares": 12644719.0,
        "Basic Average Shares": 12644719.0,
        "Diluted EPS": -0.61,
        "Basic EPS": -0.61,
        "Diluted NI Availto Com Stockholders": -7724673.0,
        "Net Income Common Stockholders": -7724673.0,
        "Otherunder Preferred Stock Dividend": 0.0,
        "Net Income": -7724673.0,
        "Net Income Including Noncontrolling Interests": -7724673.0,
        "Net Income Continuous Operations": -7724673.0,
        "Pretax Income": -7724673.0,
        "Other Income Expense": -6786351.0,
        "Special Income Charges": -8894797.0,
        "Write Off": NaN,
        "Impairment Of Capital Assets": 8894797.0,
        "Gain On Sale Of Security": 2108446.0,
        "Net Non Operating Interest Income Expense": 0.0,
        "Interest Expense Non Operating": 0.0,
        "Operating Income": -938322.0,
        "Operating Expense": 1358771.0,
        "Research And Development": 185004.0,
        "Selling General And Administration": 1173767.0,
        "Selling And Marketing Expense": 23691.0,
        "General And Administrative Expense": 1150076.0,
        "Other Gand A": 512051.0,
        "Salaries And Wages": 638025.0,
        "Gross Profit": 420449.0,
        "Cost Of Revenue": 93900.0,
        "Total Revenue": 514349.0,
        "Operating Revenue": 514349.0
    },
    "2022-03-31": {
        "Diluted EPS": -0.47,
        "Total Revenue": 1,
        "Gross Profit": 0,
        "Operating Income": -5,
        "EBIT": -5,
        "Net Income": -6
    },
    "2021-12-31": {
        "Diluted EPS": 0.82,
        "Total Revenue": 0,
        "Gross Profit": 0,
        "Operating Income": -1,
        "EBIT": 0,
        "Net Income": -1
    },
    "2021-09-30": {
        "Diluted EPS": -0.59,
        "Total Revenue": 0,
        "Gross Profit": 0,
        "Operating Income": -5,
        "EBIT": -5,
        "Net Income": -4
    },
    "2021-06-30": {
        "Diluted EPS": -0.89,
        "Total Revenue": 0,
        "Gross Profit": 0,
        "Operating Income": -4,
        "EBIT": -4,
        "Net Income": -5
    },
    "2021-03-31": {
        "Diluted EPS": -2.43,
        "Total Revenue": 0,
        "Gross Profit": 0,
        "Operating Income": -8,
        "EBIT": -7,
        "Net Income": -12
    },
    "2020-12-31": {
        "Diluted EPS": -0.13,
        "Total Revenue": NaN,
        "Gross Profit": NaN,
        "Operating Income": -1,
        "EBIT": 0,
        "Net Income": -1
    },
    "2020-09-30": {
        "Diluted EPS": -0.33,
        "Total Revenue": NaN,
        "Gross Profit": NaN,
        "Operating Income": -1,
        "EBIT": -1,
        "Net Income": -1
    },
    "2020-06-30": {
        "Diluted EPS": -0.2,
        "Total Revenue": NaN,
        "Gross Profit": NaN,
        "Operating Income": 0,
        "EBIT": 0,
        "Net Income": 0
    },
    "2020-03-31": {
        "Diluted EPS": -0.2,
        "Total Revenue": NaN,
        "Gross Profit": NaN,
        "Operating Income": 0,
        "EBIT": 0,
        "Net Income": 0
    },
    "2019-12-31": {
        "Diluted EPS": -0.4,
        "Total Revenue": NaN,
        "Gross Profit": NaN,
        "Operating Income": -1,
        "EBIT": -1,
        "Net Income": -1
    },
    "2019-09-30": {
        "Diluted EPS": -0.2,
        "Total Revenue": NaN,
        "Gross Profit": NaN,
        "Operating Income": 0,
        "EBIT": 0,
        "Net Income": 0
    },
    "2019-06-30": {
        "Diluted EPS": -0.2,
        "Total Revenue": NaN,
        "Gross Profit": NaN,
        "Operating Income": 0,
        "EBIT": 0,
        "Net Income": 0
    },
    "2019-03-31": {
        "Diluted EPS": -0.3,
        "Total Revenue": NaN,
        "Gross Profit": NaN,
        "Operating Income": 0,
        "EBIT": 0,
        "Net Income": 0
    },
    "2018-12-31": {
        "Diluted EPS": -0.2,
        "Total Revenue": NaN,
        "Gross Profit": NaN,
        "Operating Income": 0,
        "EBIT": 0,
        "Net Income": 0
    },
    "2018-09-30": {
        "Diluted EPS": -0.2,
        "Total Revenue": NaN,
        "Gross Profit": NaN,
        "Operating Income": 0,
        "EBIT": 0,
        "Net Income": 0
    },
    "2018-06-30": {
        "Diluted EPS": -0.2,
        "Total Revenue": NaN,
        "Gross Profit": NaN,
        "Operating Income": 0,
        "EBIT": 0,
        "Net Income": 0
    },
    "2018-03-31": {
        "Diluted EPS": -0.1,
        "Total Revenue": NaN,
        "Gross Profit": NaN,
        "Operating Income": 0,
        "EBIT": 0,
        "Net Income": 0
    },
    "2017-12-31": {
        "Diluted EPS": 447.45,
        "Total Revenue": 0,
        "Gross Profit": 0,
        "Operating Income": -1,
        "EBIT": -1,
        "Net Income": 0
    },
    "2017-09-30": {
        "Diluted EPS": -27.03,
        "Total Revenue": 0,
        "Gross Profit": 0,
        "Operating Income": 0,
        "EBIT": 0,
        "Net Income": -11
    },
    "2017-06-30": {
        "Diluted EPS": 3.0,
        "Total Revenue": 0,
        "Gross Profit": 0,
        "Operating Income": 0,
        "EBIT": 0,
        "Net Income": 1
    },
    "2017-03-31": {
        "Diluted EPS": -534.54,
        "Total Revenue": 0,
        "Gross Profit": 0,
        "Operating Income": 0,
        "EBIT": 0,
        "Net Income": -35
    },
    "2016-12-31": {
        "Diluted EPS": NaN,
        "Total Revenue": 0,
        "Gross Profit": 0,
        "Operating Income": 0,
        "EBIT": 0,
        "Net Income": -17
    },
    "2016-09-30": {
        "Diluted EPS": 3.0,
        "Total Revenue": 0,
        "Gross Profit": 0,
        "Operating Income": 0,
        "EBIT": 0,
        "Net Income": 3
    },
    "2016-06-30": {
        "Diluted EPS": NaN,
        "Total Revenue": 0,
        "Gross Profit": 0,
        "Operating Income": -1,
        "EBIT": -1,
        "Net Income": -28
    },
    "2016-03-31": {
        "Diluted EPS": -216.22,
        "Total Revenue": 0,
        "Gross Profit": 0,
        "Operating Income": 0,
        "EBIT": 0,
        "Net Income": -2
    },
    "2015-12-31": {
        "Diluted EPS": -187.98,
        "Total Revenue": 0,
        "Gross Profit": 0,
        "Operating Income": -1,
        "EBIT": 0,
        "Net Income": -2
    },
    "2015-09-30": {
        "Diluted EPS": -359.64,
        "Total Revenue": 0,
        "Gross Profit": 0,
        "Operating Income": -4,
        "EBIT": -4,
        "Net Income": -4
    },
    "2015-06-30": {
        "Diluted EPS": -179.82,
        "Total Revenue": 0,
        "Gross Profit": 0,
        "Operating Income": -2,
        "EBIT": -2,
        "Net Income": -1
    },
    "2015-03-31": {
        "Diluted EPS": -359.64,
        "Total Revenue": 0,
        "Gross Profit": 0,
        "Operating Income": -2,
        "EBIT": -2,
        "Net Income": -3
    },
    "2014-12-31": {
        "Diluted EPS": NaN,
        "Total Revenue": 0,
        "Gross Profit": 0,
        "Operating Income": -8,
        "EBIT": -8,
        "Net Income": -8
    },
    "2014-09-30": {
        "Diluted EPS": -359.64,
        "Total Revenue": 0,
        "Gross Profit": 0,
        "Operating Income": -3,
        "EBIT": -3,
        "Net Income": -3
    },
    "2014-06-30": {
        "Diluted EPS": -359.64,
        "Total Revenue": 0,
        "Gross Profit": 0,
        "Operating Income": -3,
        "EBIT": -3,
        "Net Income": -3
    },
    "2014-03-31": {
        "Diluted EPS": -179.82,
        "Total Revenue": 0,
        "Gross Profit": 0,
        "Operating Income": -2,
        "EBIT": -2,
        "Net Income": -1
    },
    "2013-12-31": {
        "Diluted EPS": 0.0,
        "Total Revenue": 0,
        "Gross Profit": 0,
        "Operating Income": 0,
        "EBIT": 0,
        "Net Income": 0
    },
    "2013-09-30": {
        "Diluted EPS": 0.0,
        "Total Revenue": 1,
        "Gross Profit": 0,
        "Operating Income": 0,
        "EBIT": 0,
        "Net Income": 0
    },
    "2013-06-30": {
        "Diluted EPS": 0.0,
        "Total Revenue": 1,
        "Gross Profit": 0,
        "Operating Income": 0,
        "EBIT": 0,
        "Net Income": 0
    },
    "2013-03-31": {
        "Diluted EPS": 0.0,
        "Total Revenue": 0,
        "Gross Profit": 0,
        "Operating Income": 0,
        "EBIT": 0,
        "Net Income": 0
    },
    "2012-12-31": {
        "Diluted EPS": 0.0,
        "Total Revenue": 0,
        "Gross Profit": 0,
        "Operating Income": 0,
        "EBIT": 0,
        "Net Income": 0
    },
    "2012-09-30": {
        "Diluted EPS": 0.0,
        "Total Revenue": 0,
        "Gross Profit": 0,
        "Operating Income": 0,
        "EBIT": 0,
        "Net Income": 0
    },
    "2012-06-30": {
        "Diluted EPS": 0.0,
        "Total Revenue": 1,
        "Gross Profit": 0,
        "Operating Income": 0,
        "EBIT": 0,
        "Net Income": 0
    },
    "2012-03-31": {
        "Diluted EPS": 0.0,
        "Total Revenue": 0,
        "Gross Profit": 0,
        "Operating Income": 0,
        "EBIT": 0,
        "Net Income": 0
    },
    "2011-12-31": {
        "Diluted EPS": 0.0,
        "Total Revenue": -1,
        "Gross Profit": 0,
        "Operating Income": 2,
        "EBIT": 2,
        "Net Income": 1
    },
    "2011-09-30": {
        "Diluted EPS": 0.0,
        "Total Revenue": 1,
        "Gross Profit": 0,
        "Operating Income": -1,
        "EBIT": -1,
        "Net Income": 0
    },
    "2011-06-30": {
        "Diluted EPS": 0.0,
        "Total Revenue": 1,
        "Gross Profit": 0,
        "Operating Income": 0,
        "EBIT": 0,
        "Net Income": -1
    },
    "2011-03-31": {
        "Diluted EPS": 0.0,
        "Total Revenue": 1,
        "Gross Profit": 0,
        "Operating Income": 0,
        "EBIT": 0,
        "Net Income": 0
    },
    "2023-06-30": {
        "Tax Effect Of Unusual Items": NaN,
        "Tax Rate For Calcs": NaN,
        "Normalized EBITDA": NaN,
        "Total Unusual Items": NaN,
        "Total Unusual Items Excluding Goodwill": NaN,
        "Net Income From Continuing Operation Net Minority Interest": NaN,
        "Reconciled Depreciation": NaN,
        "Reconciled Cost Of Revenue": NaN,
        "EBITDA": NaN,
        "EBIT": NaN,
        "Normalized Income": NaN,
        "Net Income From Continuing And Discontinued Operation": NaN,
        "Total Expenses": NaN,
        "Diluted Average Shares": 13873331.0,
        "Basic Average Shares": 13873331.0,
        "Diluted EPS": -0.08,
        "Basic EPS": -0.08,
        "Diluted NI Availto Com Stockholders": NaN,
        "Net Income Common Stockholders": NaN,
        "Net Income": NaN,
        "Net Income Including Noncontrolling Interests": NaN,
        "Net Income Continuous Operations": NaN,
        "Pretax Income": NaN,
        "Other Income Expense": NaN,
        "Other Non Operating Income Expenses": NaN,
        "Special Income Charges": -784602.0,
        "Write Off": 784602.0,
        "Gain On Sale Of Security": NaN,
        "Operating Income": NaN,
        "Operating Expense": NaN,
        "Research And Development": NaN,
        "Selling General And Administration": NaN,
        "Selling And Marketing Expense": NaN,
        "General And Administrative Expense": NaN,
        "Other Gand A": NaN,
        "Salaries And Wages": NaN,
        "Gross Profit": NaN,
        "Cost Of Revenue": NaN,
        "Total Revenue": NaN,
        "Operating Revenue": NaN
    },
    "2023-09-30": {
        "Tax Effect Of Unusual Items": 0.0,
        "Tax Rate For Calcs": 0.0,
        "Normalized EBITDA": 2063286.0,
        "Total Unusual Items": -2672820.0,
        "Total Unusual Items Excluding Goodwill": -2672820.0,
        "Net Income From Continuing Operation Net Minority Interest": -3283557.0,
        "Reconciled Depreciation": 1203.0,
        "Reconciled Cost Of Revenue": 83100.0,
        "EBITDA": -609534.0,
        "EBIT": -610737.0,
        "Normalized Income": -610737.0,
        "Net Income From Continuing And Discontinued Operation": -3283557.0,
        "Total Expenses": 926979.0,
        "Diluted Average Shares": 14317750.0,
        "Basic Average Shares": 14317750.0,
        "Diluted EPS": -0.23,
        "Basic EPS": -0.23,
        "Diluted NI Availto Com Stockholders": -3283557.0,
        "Net Income Common Stockholders": -3283557.0,
        "Net Income": -3283557.0,
        "Net Income Including Noncontrolling Interests": -3283557.0,
        "Net Income Continuous Operations": -3283557.0,
        "Pretax Income": -3283557.0,
        "Other Income Expense": -2672820.0,
        "Other Non Operating Income Expenses": NaN,
        "Special Income Charges": -372441.0,
        "Write Off": 372441.0,
        "Gain On Sale Of Security": -2672820.0,
        "Operating Income": -610737.0,
        "Operating Expense": 843879.0,
        "Research And Development": 148525.0,
        "Selling General And Administration": 695354.0,
        "Selling And Marketing Expense": 2155.0,
        "General And Administrative Expense": 693199.0,
        "Other Gand A": 283239.0,
        "Salaries And Wages": 409960.0,
        "Gross Profit": 233142.0,
        "Cost Of Revenue": 83100.0,
        "Total Revenue": 316242.0,
        "Operating Revenue": 316242.0
    },
    "2023-12-31": {
        "Tax Effect Of Unusual Items": 2485285.32,
        "Tax Rate For Calcs": 0.21,
        "Normalized EBITDA": -12777251.0,
        "Total Unusual Items": 11834692.0,
        "Total Unusual Items Excluding Goodwill": 11834692.0,
        "Net Income From Continuing Operation Net Minority Interest": 10890621.0,
        "Reconciled Depreciation": 1512.0,
        "Reconciled Cost Of Revenue": 81052.0,
        "EBITDA": -942559.0,
        "EBIT": -944071.0,
        "Normalized Income": 1541214.32,
        "Net Income From Continuing And Discontinued Operation": 10890621.0,
        "Total Expenses": 1270196.0,
        "Diluted Average Shares": NaN,
        "Basic Average Shares": NaN,
        "Diluted EPS": NaN,
        "Basic EPS": NaN,
        "Diluted NI Availto Com Stockholders": 10890621.0,
        "Net Income Common Stockholders": 10890621.0,
        "Net Income": 10890621.0,
        "Net Income Including Noncontrolling Interests": 10890621.0,
        "Net Income Continuous Operations": 10890621.0,
        "Pretax Income": 10890621.0,
        "Other Income Expense": 11834692.0,
        "Other Non Operating Income Expenses": NaN,
        "Special Income Charges": 1251950.0,
        "Write Off": -1251950.0,
        "Gain On Sale Of Security": 10582742.0,
        "Operating Income": -944071.0,
        "Operating Expense": 1189144.0,
        "Research And Development": 156235.0,
        "Selling General And Administration": 1032909.0,
        "Selling And Marketing Expense": 1032.0,
        "General And Administrative Expense": 1031877.0,
        "Other Gand A": 353279.0,
        "Salaries And Wages": 678598.0,
        "Gross Profit": 245073.0,
        "Cost Of Revenue": 81052.0,
        "Total Revenue": 326125.0,
        "Operating Revenue": 326125.0
    },
    "2024-03-31": {
        "Tax Effect Of Unusual Items": 2753804.34,
        "Tax Rate For Calcs": 0.21,
        "Normalized EBITDA": -13968627.0,
        "Total Unusual Items": 13113354.0,
        "Total Unusual Items Excluding Goodwill": 13113354.0,
        "Net Income From Continuing Operation Net Minority Interest": 12256586.0,
        "Reconciled Depreciation": 1495.0,
        "Reconciled Cost Of Revenue": 95012.0,
        "EBITDA": -855273.0,
        "EBIT": -856768.0,
        "Normalized Income": 1897036.34,
        "Net Income From Continuing And Discontinued Operation": 12256586.0,
        "Total Expenses": 1242541.0,
        "Diluted Average Shares": 19410550.0,
        "Basic Average Shares": 15691677.0,
        "Diluted EPS": 0.63,
        "Basic EPS": 0.78,
        "Diluted NI Availto Com Stockholders": 12256586.0,
        "Net Income Common Stockholders": 12256586.0,
        "Net Income": 12256586.0,
        "Net Income Including Noncontrolling Interests": 12256586.0,
        "Net Income Continuous Operations": 12256586.0,
        "Pretax Income": 12256586.0,
        "Other Income Expense": 13113354.0,
        "Other Non Operating Income Expenses": NaN,
        "Special Income Charges": NaN,
        "Write Off": NaN,
        "Gain On Sale Of Security": 13113354.0,
        "Operating Income": -856768.0,
        "Operating Expense": 1147529.0,
        "Research And Development": 146549.0,
        "Selling General And Administration": 1000980.0,
        "Selling And Marketing Expense": 57602.0,
        "General And Administrative Expense": 943378.0,
        "Other Gand A": 487599.0,
        "Salaries And Wages": 455779.0,
        "Gross Profit": 290761.0,
        "Cost Of Revenue": 95012.0,
        "Total Revenue": 385773.0,
        "Operating Revenue": 385773.0
    },
    "2024-06-30": {
        "Tax Effect Of Unusual Items": 0.0,
        "Tax Rate For Calcs": 0.0,
        "Normalized EBITDA": 4300650.0,
        "Total Unusual Items": -5513512.0,
        "Total Unusual Items Excluding Goodwill": -5513512.0,
        "Net Income From Continuing Operation Net Minority Interest": -6727869.0,
        "Reconciled Depreciation": 1495.0,
        "Reconciled Cost Of Revenue": 168848.0,
        "EBITDA": -1212862.0,
        "EBIT": -1214357.0,
        "Normalized Income": -1214357.0,
        "Net Income From Continuing And Discontinued Operation": -6727869.0,
        "Total Expenses": 1775549.0,
        "Diluted Average Shares": 15758157.0,
        "Basic Average Shares": 15758157.0,
        "Diluted EPS": -0.43,
        "Basic EPS": -0.43,
        "Diluted NI Availto Com Stockholders": -6727869.0,
        "Net Income Common Stockholders": -6727869.0,
        "Net Income": -6727869.0,
        "Net Income Including Noncontrolling Interests": -6727869.0,
        "Net Income Continuous Operations": -6727869.0,
        "Pretax Income": -6727869.0,
        "Other Income Expense": -5513512.0,
        "Other Non Operating Income Expenses": NaN,
        "Special Income Charges": NaN,
        "Write Off": NaN,
        "Gain On Sale Of Security": -5513512.0,
        "Operating Income": -1214357.0,
        "Operating Expense": 1606701.0,
        "Research And Development": 163777.0,
        "Selling General And Administration": 1442924.0,
        "Selling And Marketing Expense": 28477.0,
        "General And Administrative Expense": 1414447.0,
        "Other Gand A": 538956.0,
        "Salaries And Wages": 875491.0,
        "Gross Profit": 392344.0,
        "Cost Of Revenue": 168848.0,
        "Total Revenue": 561192.0,
        "Operating Revenue": 561192.0
    },
    "2024-09-30": {
        "Tax Effect Of Unusual Items": 0.0,
        "Tax Rate For Calcs": 0.0,
        "Normalized EBITDA": 5863512.0,
        "Total Unusual Items": -7464907.0,
        "Total Unusual Items Excluding Goodwill": -7464907.0,
        "Net Income From Continuing Operation Net Minority Interest": -9039787.0,
        "Reconciled Depreciation": 1485.0,
        "Reconciled Cost Of Revenue": 543308.0,
        "EBITDA": -1601395.0,
        "EBIT": -1602880.0,
        "Normalized Income": -1574880.0,
        "Net Income From Continuing And Discontinued Operation": -9039787.0,
        "Total Expenses": 2342037.0,
        "Diluted Average Shares": 16158032.0,
        "Basic Average Shares": 16158032.0,
        "Diluted EPS": -0.56,
        "Basic EPS": -0.56,
        "Diluted NI Availto Com Stockholders": -9039787.0,
        "Net Income Common Stockholders": -9039787.0,
        "Net Income": -9039787.0,
        "Net Income Including Noncontrolling Interests": -9039787.0,
        "Net Income Continuous Operations": -9039787.0,
        "Pretax Income": -9039787.0,
        "Other Income Expense": -7436907.0,
        "Other Non Operating Income Expenses": 28000.0,
        "Special Income Charges": NaN,
        "Write Off": NaN,
        "Gain On Sale Of Security": -7464907.0,
        "Operating Income": -1602880.0,
        "Operating Expense": 1798729.0,
        "Research And Development": 213332.0,
        "Selling General And Administration": 1585397.0,
        "Selling And Marketing Expense": 55611.0,
        "General And Administrative Expense": 1529786.0,
        "Other Gand A": 586926.0,
        "Salaries And Wages": 942860.0,
        "Gross Profit": 195849.0,
        "Cost Of Revenue": 543308.0,
        "Total Revenue": 739157.0,
        "Operating Revenue": 739157.0
    }
}