{
    "2024-03-31": {
        "Tax Effect Of Unusual Items": -3440700.0,
        "Tax Rate For Calcs": 0.15,
        "Normalized EBITDA": 253050000.0,
        "Total Unusual Items": -22938000.0,
        "Total Unusual Items Excluding Goodwill": -22938000.0,
        "Net Income From Continuing Operation Net Minority Interest": 39751000.0,
        "Reconciled Depreciation": 90446000.0,
        "Reconciled Cost Of Revenue": 277218000.0,
        "EBITDA": 230112000.0,
        "EBIT": 139666000.0,
        "Net Interest Income": -4116000.0,
        "Interest Expense": 9571000.0,
        "Interest Income": 5455000.0,
        "Normalized Income": 59248300.0,
        "Net Income From Continuing And Discontinued Operation": 39751000.0,
        "Total Expenses": 306535000.0,
        "Total Operating Income As Reported": 154627000.0,
        "Diluted Average Shares": 1307674000.0,
        "Basic Average Shares": 1303191000.0,
        "Diluted EPS": 0.03,
        "Basic EPS": 0.03,
        "Diluted NI Availto Com Stockholders": 39751000.0,
        "Net Income Common Stockholders": 39751000.0,
        "Net Income": 39751000.0,
        "Minority Interests": -8730000.0,
        "Net Income Including Noncontrolling Interests": 48481000.0,
        "Net Income Continuous Operations": 48481000.0,
        "Tax Provision": 81614000.0,
        "Pretax Income": 130095000.0,
        "Other Income Expense": -20698000.0,
        "Other Non Operating Income Expenses": 143000.0,
        "Special Income Charges": -9982000.0,
        "Gain On Sale Of Ppe": NaN,
        "Gain On Sale Of Business": -9982000.0,
        "Impairment Of Capital Assets": 0.0,
        "Restructuring And Mergern Acquisition": NaN,
        "Earnings From Equity Interest": 2097000.0,
        "Gain On Sale Of Security": -12956000.0,
        "Net Non Operating Interest Income Expense": -4116000.0,
        "Interest Expense Non Operating": 9571000.0,
        "Interest Income Non Operating": 5455000.0,
        "Operating Income": 154909000.0,
        "Operating Expense": 29317000.0,
        "Other Operating Expenses": 5921000.0,
        "Other Taxes": 4304000.0,
        "Selling General And Administration": 19092000.0,
        "General And Administrative Expense": 19092000.0,
        "Other Gand A": 14138000.0,
        "Salaries And Wages": 4954000.0,
        "Gross Profit": 184226000.0,
        "Cost Of Revenue": 277218000.0,
        "Total Revenue": 461444000.0,
        "Operating Revenue": 461444000.0
    },
    "2023-12-31": {
        "Tax Effect Of Unusual Items": -92069600.0,
        "Tax Rate For Calcs": 0.4,
        "Normalized EBITDA": 287570000.0,
        "Total Unusual Items": -230174000.0,
        "Total Unusual Items Excluding Goodwill": -230174000.0,
        "Net Income From Continuing Operation Net Minority Interest": -113224000.0,
        "Reconciled Depreciation": 108983000.0,
        "Reconciled Cost Of Revenue": 306431000.0,
        "EBITDA": 57396000.0,
        "EBIT": -51587000.0,
        "Net Interest Income": -2115000.0,
        "Interest Expense": 4893000.0,
        "Interest Income": 2778000.0,
        "Normalized Income": 24880400.0,
        "Net Income From Continuing And Discontinued Operation": -113224000.0,
        "Total Expenses": 339499000.0,
        "Total Operating Income As Reported": -35184000.0,
        "Diluted Average Shares": 1300791000.0,
        "Basic Average Shares": 1300791000.0,
        "Diluted EPS": -0.09,
        "Basic EPS": -0.09,
        "Diluted NI Availto Com Stockholders": -113224000.0,
        "Net Income Common Stockholders": -113224000.0,
        "Net Income": -113224000.0,
        "Minority Interests": 4172000.0,
        "Net Income Including Noncontrolling Interests": -117396000.0,
        "Net Income Continuous Operations": -117396000.0,
        "Tax Provision": 60916000.0,
        "Pretax Income": -56480000.0,
        "Other Income Expense": -226840000.0,
        "Other Non Operating Income Expenses": 1012000.0,
        "Special Income Charges": -208549000.0,
        "Gain On Sale Of Ppe": 0.0,
        "Gain On Sale Of Business": NaN,
        "Impairment Of Capital Assets": 208549000.0,
        "Restructuring And Mergern Acquisition": 0.0,
        "Earnings From Equity Interest": 2322000.0,
        "Gain On Sale Of Security": -21625000.0,
        "Net Non Operating Interest Income Expense": -2115000.0,
        "Interest Expense Non Operating": 4893000.0,
        "Interest Income Non Operating": 2778000.0,
        "Operating Income": 172475000.0,
        "Operating Expense": 33068000.0,
        "Other Operating Expenses": 6687000.0,
        "Other Taxes": NaN,
        "Selling General And Administration": 26381000.0,
        "General And Administrative Expense": 26381000.0,
        "Other Gand A": 21194000.0,
        "Salaries And Wages": 5187000.0,
        "Gross Profit": 205543000.0,
        "Cost Of Revenue": 306431000.0,
        "Total Revenue": 511974000.0,
        "Operating Revenue": 511974000.0
    },
    "2023-09-30": {
        "Tax Effect Of Unusual Items": -46282000.0,
        "Tax Rate For Calcs": 0.4,
        "Normalized EBITDA": 260999000.0,
        "Total Unusual Items": -115705000.0,
        "Total Unusual Items Excluding Goodwill": -115705000.0,
        "Net Income From Continuing Operation Net Minority Interest": -43070000.0,
        "Reconciled Depreciation": 101568000.0,
        "Reconciled Cost Of Revenue": 307382000.0,
        "EBITDA": 145294000.0,
        "EBIT": 43726000.0,
        "Net Interest Income": 697000.0,
        "Interest Expense": 3190000.0,
        "Interest Income": 3887000.0,
        "Normalized Income": 26353000.0,
        "Net Income From Continuing And Discontinued Operation": -43070000.0,
        "Total Expenses": 326954000.0,
        "Total Operating Income As Reported": 27523000.0,
        "Diluted Average Shares": 1297175000.0,
        "Basic Average Shares": 1297175000.0,
        "Diluted EPS": -0.03,
        "Basic EPS": -0.03,
        "Diluted NI Availto Com Stockholders": -43070000.0,
        "Net Income Common Stockholders": -43070000.0,
        "Net Income": -43070000.0,
        "Minority Interests": -8300000.0,
        "Net Income Including Noncontrolling Interests": -34770000.0,
        "Net Income Continuous Operations": -34770000.0,
        "Tax Provision": 75306000.0,
        "Pretax Income": 40536000.0,
        "Other Income Expense": -111095000.0,
        "Other Non Operating Income Expenses": -951000.0,
        "Special Income Charges": -117233000.0,
        "Gain On Sale Of Ppe": 0.0,
        "Gain On Sale Of Business": 0.0,
        "Impairment Of Capital Assets": 112162000.0,
        "Restructuring And Mergern Acquisition": 5071000.0,
        "Earnings From Equity Interest": 5561000.0,
        "Gain On Sale Of Security": 1528000.0,
        "Net Non Operating Interest Income Expense": 697000.0,
        "Interest Expense Non Operating": 3190000.0,
        "Interest Income Non Operating": 3887000.0,
        "Operating Income": 150934000.0,
        "Operating Expense": 19572000.0,
        "Other Operating Expenses": 1028000.0,
        "Other Taxes": 1191000.0,
        "Selling General And Administration": 17353000.0,
        "General And Administrative Expense": 17353000.0,
        "Other Gand A": 13064000.0,
        "Salaries And Wages": 4289000.0,
        "Gross Profit": 170506000.0,
        "Cost Of Revenue": 307382000.0,
        "Total Revenue": 477888000.0,
        "Operating Revenue": 477888000.0
    },
    "2023-06-30": {
        "Tax Effect Of Unusual Items": NaN,
        "Tax Rate For Calcs": NaN,
        "Normalized EBITDA": NaN,
        "Total Unusual Items": NaN,
        "Total Unusual Items Excluding Goodwill": NaN,
        "Net Income From Continuing Operation Net Minority Interest": NaN,
        "Reconciled Depreciation": NaN,
        "Reconciled Cost Of Revenue": NaN,
        "EBITDA": NaN,
        "EBIT": NaN,
        "Net Interest Income": NaN,
        "Interest Expense": NaN,
        "Interest Income": NaN,
        "Normalized Income": NaN,
        "Net Income From Continuing And Discontinued Operation": NaN,
        "Total Expenses": NaN,
        "Total Operating Income As Reported": NaN,
        "Diluted Average Shares": NaN,
        "Basic Average Shares": NaN,
        "Diluted EPS": NaN,
        "Basic EPS": NaN,
        "Diluted NI Availto Com Stockholders": NaN,
        "Net Income Common Stockholders": NaN,
        "Net Income": NaN,
        "Minority Interests": NaN,
        "Net Income Including Noncontrolling Interests": NaN,
        "Net Income Continuous Operations": NaN,
        "Tax Provision": NaN,
        "Pretax Income": NaN,
        "Other Income Expense": NaN,
        "Other Non Operating Income Expenses": NaN,
        "Special Income Charges": NaN,
        "Gain On Sale Of Ppe": 0.0,
        "Gain On Sale Of Business": 7009000.0,
        "Impairment Of Capital Assets": NaN,
        "Restructuring And Mergern Acquisition": 7080000.0,
        "Earnings From Equity Interest": 7009000.0,
        "Gain On Sale Of Security": NaN,
        "Net Non Operating Interest Income Expense": NaN,
        "Interest Expense Non Operating": NaN,
        "Interest Income Non Operating": NaN,
        "Operating Income": NaN,
        "Operating Expense": NaN,
        "Other Operating Expenses": NaN,
        "Other Taxes": 1139000.0,
        "Selling General And Administration": NaN,
        "General And Administrative Expense": NaN,
        "Other Gand A": NaN,
        "Salaries And Wages": NaN,
        "Gross Profit": NaN,
        "Cost Of Revenue": NaN,
        "Total Revenue": NaN,
        "Operating Revenue": NaN
    },
    "2023-03-31": {
        "Tax Effect Of Unusual Items": NaN,
        "Tax Rate For Calcs": NaN,
        "Normalized EBITDA": NaN,
        "Total Unusual Items": NaN,
        "Total Unusual Items Excluding Goodwill": NaN,
        "Net Income From Continuing Operation Net Minority Interest": NaN,
        "Reconciled Depreciation": NaN,
        "Reconciled Cost Of Revenue": NaN,
        "EBITDA": NaN,
        "EBIT": NaN,
        "Net Interest Income": NaN,
        "Interest Expense": NaN,
        "Interest Income": NaN,
        "Normalized Income": NaN,
        "Net Income From Continuing And Discontinued Operation": NaN,
        "Total Expenses": NaN,
        "Total Operating Income As Reported": NaN,
        "Diluted Average Shares": NaN,
        "Basic Average Shares": NaN,
        "Diluted EPS": NaN,
        "Basic EPS": NaN,
        "Diluted NI Availto Com Stockholders": NaN,
        "Net Income Common Stockholders": NaN,
        "Net Income": NaN,
        "Minority Interests": NaN,
        "Net Income Including Noncontrolling Interests": NaN,
        "Net Income Continuous Operations": NaN,
        "Tax Provision": NaN,
        "Pretax Income": NaN,
        "Other Income Expense": NaN,
        "Other Non Operating Income Expenses": NaN,
        "Special Income Charges": NaN,
        "Gain On Sale Of Ppe": NaN,
        "Gain On Sale Of Business": 0.0,
        "Impairment Of Capital Assets": NaN,
        "Restructuring And Mergern Acquisition": NaN,
        "Earnings From Equity Interest": 4979000.0,
        "Gain On Sale Of Security": NaN,
        "Net Non Operating Interest Income Expense": NaN,
        "Interest Expense Non Operating": NaN,
        "Interest Income Non Operating": NaN,
        "Operating Income": NaN,
        "Operating Expense": NaN,
        "Other Operating Expenses": NaN,
        "Other Taxes": 1907000.0,
        "Selling General And Administration": NaN,
        "General And Administrative Expense": NaN,
        "Other Gand A": NaN,
        "Salaries And Wages": NaN,
        "Gross Profit": NaN,
        "Cost Of Revenue": NaN,
        "Total Revenue": NaN,
        "Operating Revenue": NaN
    },
    "2022-12-31": {
        "Tax Effect Of Unusual Items": NaN,
        "Tax Rate For Calcs": NaN,
        "Normalized EBITDA": NaN,
        "Total Unusual Items": NaN,
        "Total Unusual Items Excluding Goodwill": NaN,
        "Net Income From Continuing Operation Net Minority Interest": NaN,
        "Reconciled Depreciation": NaN,
        "Reconciled Cost Of Revenue": NaN,
        "EBITDA": NaN,
        "EBIT": NaN,
        "Net Interest Income": NaN,
        "Interest Expense": NaN,
        "Interest Income": NaN,
        "Normalized Income": NaN,
        "Net Income From Continuing And Discontinued Operation": NaN,
        "Total Expenses": NaN,
        "Total Operating Income As Reported": NaN,
        "Diluted Average Shares": NaN,
        "Basic Average Shares": NaN,
        "Diluted EPS": NaN,
        "Basic EPS": NaN,
        "Diluted NI Availto Com Stockholders": NaN,
        "Net Income Common Stockholders": NaN,
        "Net Income": NaN,
        "Minority Interests": NaN,
        "Net Income Including Noncontrolling Interests": NaN,
        "Net Income Continuous Operations": NaN,
        "Tax Provision": NaN,
        "Pretax Income": NaN,
        "Other Income Expense": NaN,
        "Other Non Operating Income Expenses": NaN,
        "Special Income Charges": NaN,
        "Gain On Sale Of Ppe": 0.0,
        "Gain On Sale Of Business": NaN,
        "Impairment Of Capital Assets": NaN,
        "Restructuring And Mergern Acquisition": NaN,
        "Earnings From Equity Interest": NaN,
        "Gain On Sale Of Security": NaN,
        "Net Non Operating Interest Income Expense": NaN,
        "Interest Expense Non Operating": NaN,
        "Interest Income Non Operating": NaN,
        "Operating Income": NaN,
        "Operating Expense": NaN,
        "Other Operating Expenses": NaN,
        "Other Taxes": NaN,
        "Selling General And Administration": NaN,
        "General And Administrative Expense": NaN,
        "Other Gand A": NaN,
        "Salaries And Wages": NaN,
        "Gross Profit": NaN,
        "Cost Of Revenue": NaN,
        "Total Revenue": NaN,
        "Operating Revenue": NaN
    },
    "2022-09-30": {
        "Tax Effect Of Unusual Items": NaN,
        "Tax Rate For Calcs": NaN,
        "Normalized EBITDA": NaN,
        "Total Unusual Items": NaN,
        "Total Unusual Items Excluding Goodwill": NaN,
        "Net Income From Continuing Operation Net Minority Interest": NaN,
        "Reconciled Depreciation": NaN,
        "Reconciled Cost Of Revenue": NaN,
        "EBITDA": NaN,
        "EBIT": NaN,
        "Net Interest Income": NaN,
        "Interest Expense": NaN,
        "Interest Income": NaN,
        "Normalized Income": NaN,
        "Net Income From Continuing And Discontinued Operation": NaN,
        "Total Expenses": NaN,
        "Total Operating Income As Reported": NaN,
        "Diluted Average Shares": NaN,
        "Basic Average Shares": NaN,
        "Diluted EPS": NaN,
        "Basic EPS": NaN,
        "Diluted NI Availto Com Stockholders": NaN,
        "Net Income Common Stockholders": NaN,
        "Net Income": NaN,
        "Minority Interests": NaN,
        "Net Income Including Noncontrolling Interests": NaN,
        "Net Income Continuous Operations": NaN,
        "Tax Provision": NaN,
        "Pretax Income": NaN,
        "Other Income Expense": NaN,
        "Other Non Operating Income Expenses": NaN,
        "Special Income Charges": NaN,
        "Gain On Sale Of Ppe": -2804000.0,
        "Gain On Sale Of Business": NaN,
        "Impairment Of Capital Assets": NaN,
        "Restructuring And Mergern Acquisition": 0.0,
        "Earnings From Equity Interest": NaN,
        "Gain On Sale Of Security": NaN,
        "Net Non Operating Interest Income Expense": NaN,
        "Interest Expense Non Operating": NaN,
        "Interest Income Non Operating": NaN,
        "Operating Income": NaN,
        "Operating Expense": NaN,
        "Other Operating Expenses": NaN,
        "Other Taxes": NaN,
        "Selling General And Administration": NaN,
        "General And Administrative Expense": NaN,
        "Other Gand A": NaN,
        "Salaries And Wages": NaN,
        "Gross Profit": NaN,
        "Cost Of Revenue": NaN,
        "Total Revenue": NaN,
        "Operating Revenue": NaN
    },
    "2024-06-30": {
        "Tax Effect Of Unusual Items": -24915300.0,
        "Tax Rate For Calcs": 0.15,
        "Normalized EBITDA": 292645000.0,
        "Total Unusual Items": -166102000.0,
        "Total Unusual Items Excluding Goodwill": -166102000.0,
        "Net Income From Continuing Operation Net Minority Interest": -24004000.0,
        "Reconciled Depreciation": 95008000.0,
        "Reconciled Cost Of Revenue": 279396000.0,
        "EBITDA": 126543000.0,
        "EBIT": 31535000.0,
        "Net Interest Income": 206000.0,
        "Interest Expense": 7465000.0,
        "Interest Income": 7671000.0,
        "Normalized Income": 117182700.0,
        "Net Income From Continuing And Discontinued Operation": -24004000.0,
        "Total Expenses": 302615000.0,
        "Total Operating Income As Reported": 30812000.0,
        "Diluted Average Shares": 1307176000.0,
        "Basic Average Shares": 1307176000.0,
        "Diluted EPS": -0.02,
        "Basic EPS": -0.02,
        "Diluted NI Availto Com Stockholders": -24004000.0,
        "Net Income Common Stockholders": -24004000.0,
        "Net Income": -24004000.0,
        "Minority Interests": 10773000.0,
        "Net Income Including Noncontrolling Interests": -34777000.0,
        "Net Income Continuous Operations": -34777000.0,
        "Tax Provision": 58847000.0,
        "Pretax Income": 24070000.0,
        "Other Income Expense": -166090000.0,
        "Other Non Operating Income Expenses": 12000.0,
        "Special Income Charges": -146788000.0,
        "Gain On Sale Of Ppe": 48662000.0,
        "Gain On Sale Of Business": 20402000.0,
        "Impairment Of Capital Assets": 215852000.0,
        "Restructuring And Mergern Acquisition": 0.0,
        "Earnings From Equity Interest": NaN,
        "Gain On Sale Of Security": -19314000.0,
        "Net Non Operating Interest Income Expense": 206000.0,
        "Interest Expense Non Operating": 7465000.0,
        "Interest Income Non Operating": 7671000.0,
        "Operating Income": 189954000.0,
        "Operating Expense": 23219000.0,
        "Other Operating Expenses": 2764000.0,
        "Other Taxes": 2695000.0,
        "Selling General And Administration": 17760000.0,
        "General And Administrative Expense": 17760000.0,
        "Other Gand A": 12968000.0,
        "Salaries And Wages": 4792000.0,
        "Gross Profit": 213173000.0,
        "Cost Of Revenue": 279396000.0,
        "Total Revenue": 492569000.0,
        "Operating Revenue": 492569000.0
    },
    "2024-09-30": {
        "Tax Effect Of Unusual Items": -98422350.0,
        "Tax Rate For Calcs": 0.15,
        "Normalized EBITDA": 179472000.0,
        "Total Unusual Items": -656149000.0,
        "Total Unusual Items Excluding Goodwill": -656149000.0,
        "Net Income From Continuing Operation Net Minority Interest": -633757000.0,
        "Reconciled Depreciation": 88051000.0,
        "Reconciled Cost Of Revenue": 313388000.0,
        "EBITDA": -476677000.0,
        "EBIT": -564728000.0,
        "Net Interest Income": -2955000.0,
        "Interest Expense": 6966000.0,
        "Interest Income": 4011000.0,
        "Normalized Income": -76030350.0,
        "Net Income From Continuing And Discontinued Operation": -633757000.0,
        "Total Expenses": 362498000.0,
        "Total Operating Income As Reported": -562181000.0,
        "Diluted Average Shares": 1310994000.0,
        "Basic Average Shares": 1310994000.0,
        "Diluted EPS": -0.48,
        "Basic EPS": -0.48,
        "Diluted NI Availto Com Stockholders": -633757000.0,
        "Net Income Common Stockholders": -633757000.0,
        "Net Income": -633757000.0,
        "Minority Interests": -2725000.0,
        "Net Income Including Noncontrolling Interests": -631032000.0,
        "Net Income Continuous Operations": -631032000.0,
        "Tax Provision": 59338000.0,
        "Pretax Income": -571694000.0,
        "Other Income Expense": -654470000.0,
        "Other Non Operating Income Expenses": 1777000.0,
        "Special Income Charges": -653707000.0,
        "Gain On Sale Of Ppe": 7453000.0,
        "Gain On Sale Of Business": 0.0,
        "Impairment Of Capital Assets": 661160000.0,
        "Restructuring And Mergern Acquisition": 0.0,
        "Earnings From Equity Interest": -98000.0,
        "Gain On Sale Of Security": -2442000.0,
        "Net Non Operating Interest Income Expense": -2955000.0,
        "Interest Expense Non Operating": 6966000.0,
        "Interest Income Non Operating": 4011000.0,
        "Operating Income": 85731000.0,
        "Operating Expense": 49110000.0,
        "Other Operating Expenses": 27405000.0,
        "Other Taxes": 3353000.0,
        "Selling General And Administration": 18352000.0,
        "General And Administrative Expense": 18352000.0,
        "Other Gand A": 13283000.0,
        "Salaries And Wages": 5069000.0,
        "Gross Profit": 134841000.0,
        "Cost Of Revenue": 313388000.0,
        "Total Revenue": 448229000.0,
        "Operating Revenue": 448229000.0
    }
}