{
    "2024-03-31": {
        "Tax Effect Of Unusual Items": -4250484.0,
        "Tax Rate For Calcs": 0.334,
        "Normalized EBITDA": 56989000.0,
        "Total Unusual Items": -12726000.0,
        "Total Unusual Items Excluding Goodwill": -12726000.0,
        "Net Income From Continuing Operation Net Minority Interest": -45750000.0,
        "Reconciled Depreciation": 48922000.0,
        "Reconciled Cost Of Revenue": 2207247000.0,
        "EBITDA": 44263000.0,
        "EBIT": -4659000.0,
        "Net Interest Income": -65020000.0,
        "Interest Expense": 65020000.0,
        "Normalized Income": -37274484.0,
        "Net Income From Continuing And Discontinued Operation": -45750000.0,
        "Total Expenses": 2568571000.0,
        "Total Operating Income As Reported": 8067000.0,
        "Diluted Average Shares": 175531000.0,
        "Basic Average Shares": 175531000.0,
        "Diluted EPS": -0.26,
        "Basic EPS": -0.26,
        "Diluted NI Availto Com Stockholders": -45750000.0,
        "Net Income Common Stockholders": -45750000.0,
        "Net Income": -45750000.0,
        "Minority Interests": 635000.0,
        "Net Income Including Noncontrolling Interests": -46385000.0,
        "Net Income Continuous Operations": -46385000.0,
        "Tax Provision": -23294000.0,
        "Pretax Income": -69679000.0,
        "Other Income Expense": -12726000.0,
        "Special Income Charges": -12726000.0,
        "Other Special Charges": 12726000.0,
        "Impairment Of Capital Assets": NaN,
        "Net Non Operating Interest Income Expense": -65020000.0,
        "Interest Expense Non Operating": 65020000.0,
        "Operating Income": 8067000.0,
        "Operating Expense": 361324000.0,
        "Selling General And Administration": 361324000.0,
        "Gross Profit": 369391000.0,
        "Cost Of Revenue": 2207247000.0,
        "Total Revenue": 2576638000.0,
        "Operating Revenue": 2576638000.0
    },
    "2023-12-31": {
        "Tax Effect Of Unusual Items": 0.0,
        "Tax Rate For Calcs": 0.21,
        "Normalized EBITDA": 119274000.0,
        "Total Unusual Items": 0.0,
        "Total Unusual Items Excluding Goodwill": 0.0,
        "Net Income From Continuing Operation Net Minority Interest": -6537000.0,
        "Reconciled Depreciation": 51012000.0,
        "Reconciled Cost Of Revenue": 2005829000.0,
        "EBITDA": 119274000.0,
        "EBIT": 68262000.0,
        "Net Interest Income": -83054000.0,
        "Interest Expense": 83054000.0,
        "Normalized Income": -6537000.0,
        "Net Income From Continuing And Discontinued Operation": -6537000.0,
        "Total Expenses": 2306282000.0,
        "Total Operating Income As Reported": 68262000.0,
        "Diluted Average Shares": NaN,
        "Basic Average Shares": NaN,
        "Diluted EPS": NaN,
        "Basic EPS": NaN,
        "Diluted NI Availto Com Stockholders": -6537000.0,
        "Net Income Common Stockholders": -6537000.0,
        "Net Income": -6537000.0,
        "Minority Interests": 664000.0,
        "Net Income Including Noncontrolling Interests": -7201000.0,
        "Net Income Continuous Operations": -7201000.0,
        "Tax Provision": -7591000.0,
        "Pretax Income": -14792000.0,
        "Other Income Expense": NaN,
        "Special Income Charges": 0.0,
        "Other Special Charges": NaN,
        "Impairment Of Capital Assets": 0.0,
        "Net Non Operating Interest Income Expense": -83054000.0,
        "Interest Expense Non Operating": 83054000.0,
        "Operating Income": 68262000.0,
        "Operating Expense": 300453000.0,
        "Selling General And Administration": 300453000.0,
        "Gross Profit": 368715000.0,
        "Cost Of Revenue": 2005829000.0,
        "Total Revenue": 2374544000.0,
        "Operating Revenue": 2374544000.0
    },
    "2023-09-30": {
        "Tax Effect Of Unusual Items": 0.0,
        "Tax Rate For Calcs": 0.043,
        "Normalized EBITDA": -1479000.0,
        "Total Unusual Items": 0.0,
        "Total Unusual Items Excluding Goodwill": 0.0,
        "Net Income From Continuing Operation Net Minority Interest": -130672000.0,
        "Reconciled Depreciation": 50774000.0,
        "Reconciled Cost Of Revenue": 1898233000.0,
        "EBITDA": -1479000.0,
        "EBIT": -52253000.0,
        "Net Interest Income": -83678000.0,
        "Interest Expense": 83678000.0,
        "Normalized Income": -130672000.0,
        "Net Income From Continuing And Discontinued Operation": -130672000.0,
        "Total Expenses": 2308782000.0,
        "Total Operating Income As Reported": -52253000.0,
        "Diluted Average Shares": 171190389.0,
        "Basic Average Shares": 171190389.0,
        "Diluted EPS": -0.763314,
        "Basic EPS": -0.763314,
        "Diluted NI Availto Com Stockholders": -130672000.0,
        "Net Income Common Stockholders": -130672000.0,
        "Net Income": -130672000.0,
        "Minority Interests": -548000.0,
        "Net Income Including Noncontrolling Interests": -130124000.0,
        "Net Income Continuous Operations": -130124000.0,
        "Tax Provision": -5807000.0,
        "Pretax Income": -135931000.0,
        "Other Income Expense": NaN,
        "Special Income Charges": 0.0,
        "Other Special Charges": NaN,
        "Impairment Of Capital Assets": NaN,
        "Net Non Operating Interest Income Expense": -83678000.0,
        "Interest Expense Non Operating": 83678000.0,
        "Operating Income": -52253000.0,
        "Operating Expense": 410549000.0,
        "Selling General And Administration": 410549000.0,
        "Gross Profit": 358296000.0,
        "Cost Of Revenue": 1898233000.0,
        "Total Revenue": 2256529000.0,
        "Operating Revenue": 2256529000.0
    },
    "2023-06-30": {
        "Tax Effect Of Unusual Items": NaN,
        "Tax Rate For Calcs": NaN,
        "Normalized EBITDA": NaN,
        "Total Unusual Items": NaN,
        "Total Unusual Items Excluding Goodwill": NaN,
        "Net Income From Continuing Operation Net Minority Interest": NaN,
        "Reconciled Depreciation": NaN,
        "Reconciled Cost Of Revenue": NaN,
        "EBITDA": NaN,
        "EBIT": NaN,
        "Net Interest Income": NaN,
        "Interest Expense": NaN,
        "Normalized Income": NaN,
        "Net Income From Continuing And Discontinued Operation": NaN,
        "Total Expenses": NaN,
        "Total Operating Income As Reported": NaN,
        "Diluted Average Shares": 171190389.0,
        "Basic Average Shares": 171190389.0,
        "Diluted EPS": 0.023296,
        "Basic EPS": 0.023296,
        "Diluted NI Availto Com Stockholders": NaN,
        "Net Income Common Stockholders": NaN,
        "Net Income": NaN,
        "Minority Interests": NaN,
        "Net Income Including Noncontrolling Interests": NaN,
        "Net Income Continuous Operations": NaN,
        "Tax Provision": NaN,
        "Pretax Income": NaN,
        "Other Income Expense": NaN,
        "Special Income Charges": NaN,
        "Other Special Charges": NaN,
        "Impairment Of Capital Assets": NaN,
        "Net Non Operating Interest Income Expense": NaN,
        "Interest Expense Non Operating": NaN,
        "Operating Income": NaN,
        "Operating Expense": NaN,
        "Selling General And Administration": NaN,
        "Gross Profit": NaN,
        "Cost Of Revenue": NaN,
        "Total Revenue": NaN,
        "Operating Revenue": NaN
    },
    "2023-03-31": {
        "Tax Effect Of Unusual Items": NaN,
        "Tax Rate For Calcs": NaN,
        "Normalized EBITDA": NaN,
        "Total Unusual Items": 0.0,
        "Total Unusual Items Excluding Goodwill": 0.0,
        "Net Income From Continuing Operation Net Minority Interest": NaN,
        "Reconciled Depreciation": NaN,
        "Reconciled Cost Of Revenue": NaN,
        "EBITDA": NaN,
        "EBIT": NaN,
        "Net Interest Income": NaN,
        "Interest Expense": NaN,
        "Normalized Income": NaN,
        "Net Income From Continuing And Discontinued Operation": NaN,
        "Total Expenses": NaN,
        "Total Operating Income As Reported": NaN,
        "Diluted Average Shares": 171190389.0,
        "Basic Average Shares": 171190389.0,
        "Diluted EPS": -0.124902,
        "Basic EPS": -0.124902,
        "Diluted NI Availto Com Stockholders": NaN,
        "Net Income Common Stockholders": NaN,
        "Net Income": NaN,
        "Minority Interests": NaN,
        "Net Income Including Noncontrolling Interests": NaN,
        "Net Income Continuous Operations": NaN,
        "Tax Provision": NaN,
        "Pretax Income": NaN,
        "Other Income Expense": NaN,
        "Special Income Charges": 0.0,
        "Other Special Charges": NaN,
        "Impairment Of Capital Assets": NaN,
        "Net Non Operating Interest Income Expense": NaN,
        "Interest Expense Non Operating": NaN,
        "Operating Income": NaN,
        "Operating Expense": NaN,
        "Selling General And Administration": NaN,
        "Gross Profit": NaN,
        "Cost Of Revenue": NaN,
        "Total Revenue": NaN,
        "Operating Revenue": NaN
    },
    "2022-12-31": {
        "Tax Effect Of Unusual Items": NaN,
        "Tax Rate For Calcs": NaN,
        "Normalized EBITDA": NaN,
        "Total Unusual Items": NaN,
        "Total Unusual Items Excluding Goodwill": NaN,
        "Net Income From Continuing Operation Net Minority Interest": NaN,
        "Reconciled Depreciation": NaN,
        "Reconciled Cost Of Revenue": NaN,
        "EBITDA": NaN,
        "EBIT": NaN,
        "Net Interest Income": NaN,
        "Interest Expense": NaN,
        "Normalized Income": NaN,
        "Net Income From Continuing And Discontinued Operation": NaN,
        "Total Expenses": NaN,
        "Total Operating Income As Reported": NaN,
        "Diluted Average Shares": NaN,
        "Basic Average Shares": NaN,
        "Diluted EPS": NaN,
        "Basic EPS": NaN,
        "Diluted NI Availto Com Stockholders": NaN,
        "Net Income Common Stockholders": NaN,
        "Net Income": NaN,
        "Minority Interests": NaN,
        "Net Income Including Noncontrolling Interests": NaN,
        "Net Income Continuous Operations": NaN,
        "Tax Provision": NaN,
        "Pretax Income": NaN,
        "Other Income Expense": -25456000.0,
        "Special Income Charges": NaN,
        "Other Special Charges": NaN,
        "Impairment Of Capital Assets": 25456000.0,
        "Net Non Operating Interest Income Expense": NaN,
        "Interest Expense Non Operating": NaN,
        "Operating Income": NaN,
        "Operating Expense": NaN,
        "Selling General And Administration": NaN,
        "Gross Profit": NaN,
        "Cost Of Revenue": NaN,
        "Total Revenue": NaN,
        "Operating Revenue": NaN
    },
    "2024-06-30": {
        "Tax Effect Of Unusual Items": 0.0,
        "Tax Rate For Calcs": 0.21,
        "Normalized EBITDA": 112485000.0,
        "Total Unusual Items": 0.0,
        "Total Unusual Items Excluding Goodwill": 0.0,
        "Net Income From Continuing Operation Net Minority Interest": 19919000.0,
        "Reconciled Depreciation": 50071000.0,
        "Reconciled Cost Of Revenue": 2341177000.0,
        "EBITDA": 112485000.0,
        "EBIT": 62414000.0,
        "Net Interest Income": -52439000.0,
        "Interest Expense": 52439000.0,
        "Normalized Income": 19919000.0,
        "Net Income From Continuing And Discontinued Operation": 19919000.0,
        "Total Expenses": 2667796000.0,
        "Total Operating Income As Reported": 62414000.0,
        "Diluted Average Shares": 208987000.0,
        "Basic Average Shares": 197515000.0,
        "Diluted EPS": 0.1,
        "Basic EPS": 0.1,
        "Diluted NI Availto Com Stockholders": 19919000.0,
        "Net Income Common Stockholders": 19919000.0,
        "Net Income": 19919000.0,
        "Minority Interests": 478000.0,
        "Net Income Including Noncontrolling Interests": 19441000.0,
        "Net Income Continuous Operations": 19441000.0,
        "Tax Provision": -9466000.0,
        "Pretax Income": 9975000.0,
        "Other Income Expense": NaN,
        "Special Income Charges": 0.0,
        "Other Special Charges": NaN,
        "Impairment Of Capital Assets": NaN,
        "Net Non Operating Interest Income Expense": -52439000.0,
        "Interest Expense Non Operating": 52439000.0,
        "Operating Income": 62414000.0,
        "Operating Expense": 326619000.0,
        "Selling General And Administration": 326619000.0,
        "Gross Profit": 389033000.0,
        "Cost Of Revenue": 2341177000.0,
        "Total Revenue": 2730210000.0,
        "Operating Revenue": 2730210000.0
    },
    "2024-09-30": {
        "Tax Effect Of Unusual Items": 0.0,
        "Tax Rate For Calcs": 0.21,
        "Normalized EBITDA": 107448000.0,
        "Total Unusual Items": 0.0,
        "Total Unusual Items Excluding Goodwill": 0.0,
        "Net Income From Continuing Operation Net Minority Interest": -8230000.0,
        "Reconciled Depreciation": 50608000.0,
        "Reconciled Cost Of Revenue": 2498711000.0,
        "EBITDA": 107448000.0,
        "EBIT": 56840000.0,
        "Net Interest Income": -56061000.0,
        "Interest Expense": 56061000.0,
        "Normalized Income": -8230000.0,
        "Net Income From Continuing And Discontinued Operation": -8230000.0,
        "Total Expenses": 2849983000.0,
        "Total Operating Income As Reported": 56840000.0,
        "Diluted Average Shares": 198491000.0,
        "Basic Average Shares": 198491000.0,
        "Diluted EPS": -0.04,
        "Basic EPS": -0.04,
        "Diluted NI Availto Com Stockholders": -8230000.0,
        "Net Income Common Stockholders": -8230000.0,
        "Net Income": -8230000.0,
        "Minority Interests": 751000.0,
        "Net Income Including Noncontrolling Interests": -8981000.0,
        "Net Income Continuous Operations": -8981000.0,
        "Tax Provision": 9760000.0,
        "Pretax Income": 779000.0,
        "Other Income Expense": NaN,
        "Special Income Charges": 0.0,
        "Other Special Charges": NaN,
        "Impairment Of Capital Assets": NaN,
        "Net Non Operating Interest Income Expense": -56061000.0,
        "Interest Expense Non Operating": 56061000.0,
        "Operating Income": 56840000.0,
        "Operating Expense": 351272000.0,
        "Selling General And Administration": 351272000.0,
        "Gross Profit": 408112000.0,
        "Cost Of Revenue": 2498711000.0,
        "Total Revenue": 2906823000.0,
        "Operating Revenue": 2906823000.0
    }
}