{
    "2023-06-30": {
        "Tax Effect Of Unusual Items": 319942.508085,
        "Tax Rate For Calcs": 0.266619,
        "Normalized EBITDA": 371000000.0,
        "Total Unusual Items": 1200000.0,
        "Total Unusual Items Excluding Goodwill": 1200000.0,
        "Net Income From Continuing Operation Net Minority Interest": 180500000.0,
        "Reconciled Depreciation": 80600000.0,
        "Reconciled Cost Of Revenue": 862000000.0,
        "EBITDA": 372200000.0,
        "EBIT": 291600000.0,
        "Net Interest Income": 9800000.0,
        "Interest Expense": 13300000.0,
        "Interest Income": 23100000.0,
        "Normalized Income": 179619942.508085,
        "Net Income From Continuing And Discontinued Operation": 179200000.0,
        "Total Expenses": 1013500000.0,
        "Total Operating Income As Reported": 260800000.0,
        "Diluted Average Shares": 159000000.0,
        "Basic Average Shares": 135900000.0,
        "Diluted EPS": 1.15,
        "Basic EPS": 1.318617,
        "Diluted NI Availto Com Stockholders": 179200000.0,
        "Average Dilution Earnings": NaN,
        "Net Income Common Stockholders": 179200000.0,
        "Net Income": 179200000.0,
        "Minority Interests": -23600000.0,
        "Net Income Including Noncontrolling Interests": 202800000.0,
        "Net Income Discontinuous Operations": -1300000.0,
        "Net Income Continuous Operations": 204100000.0,
        "Tax Provision": 74200000.0,
        "Pretax Income": 278300000.0,
        "Other Income Expense": 13200000.0,
        "Other Non Operating Income Expenses": 9700000.0,
        "Special Income Charges": 1200000.0,
        "Gain On Sale Of Ppe": 5200000.0,
        "Other Special Charges": 2000000.0,
        "Write Off": 0.0,
        "Impairment Of Capital Assets": NaN,
        "Restructuring And Mergern Acquisition": 2000000.0,
        "Earnings From Equity Interest": 2300000.0,
        "Net Non Operating Interest Income Expense": 9800000.0,
        "Interest Expense Non Operating": 13300000.0,
        "Interest Income Non Operating": 23100000.0,
        "Operating Income": 255300000.0,
        "Operating Expense": 151500000.0,
        "Other Operating Expenses": 49200000.0,
        "Depreciation Amortization Depletion Income Statement": 80600000.0,
        "Selling General And Administration": 21700000.0,
        "Gross Profit": 406800000.0,
        "Cost Of Revenue": 862000000.0,
        "Total Revenue": 1268800000.0,
        "Operating Revenue": 1268800000.0
    },
    "2023-03-31": {
        "Tax Effect Of Unusual Items": -2054215.369311,
        "Tax Rate For Calcs": 0.293459,
        "Normalized EBITDA": 503800000.0,
        "Total Unusual Items": -7000000.0,
        "Total Unusual Items Excluding Goodwill": -7000000.0,
        "Net Income From Continuing Operation Net Minority Interest": 269800000.0,
        "Reconciled Depreciation": 76300000.0,
        "Reconciled Cost Of Revenue": 846600000.0,
        "EBITDA": 496800000.0,
        "EBIT": 420500000.0,
        "Net Interest Income": -5300000.0,
        "Interest Expense": 18400000.0,
        "Interest Income": 13100000.0,
        "Normalized Income": 274745784.630689,
        "Net Income From Continuing And Discontinued Operation": 268500000.0,
        "Total Expenses": 961100000.0,
        "Total Operating Income As Reported": 404500000.0,
        "Diluted Average Shares": 161400000.0,
        "Basic Average Shares": 144700000.0,
        "Diluted EPS": 1.68,
        "Basic EPS": 1.855563,
        "Diluted NI Availto Com Stockholders": 268500000.0,
        "Average Dilution Earnings": NaN,
        "Net Income Common Stockholders": 268500000.0,
        "Net Income": 268500000.0,
        "Minority Interests": -14300000.0,
        "Net Income Including Noncontrolling Interests": 282800000.0,
        "Net Income Discontinuous Operations": -1300000.0,
        "Net Income Continuous Operations": 284100000.0,
        "Tax Provision": 118000000.0,
        "Pretax Income": 402100000.0,
        "Other Income Expense": 4500000.0,
        "Other Non Operating Income Expenses": 9700000.0,
        "Special Income Charges": -7000000.0,
        "Gain On Sale Of Ppe": 1900000.0,
        "Other Special Charges": 6800000.0,
        "Write Off": 2000000.0,
        "Impairment Of Capital Assets": NaN,
        "Restructuring And Mergern Acquisition": 100000.0,
        "Earnings From Equity Interest": 1800000.0,
        "Net Non Operating Interest Income Expense": -5300000.0,
        "Interest Expense Non Operating": 18400000.0,
        "Interest Income Non Operating": 13100000.0,
        "Operating Income": 402900000.0,
        "Operating Expense": 114500000.0,
        "Other Operating Expenses": 15400000.0,
        "Depreciation Amortization Depletion Income Statement": 76300000.0,
        "Selling General And Administration": 22800000.0,
        "Gross Profit": 517400000.0,
        "Cost Of Revenue": 846600000.0,
        "Total Revenue": 1364000000.0,
        "Operating Revenue": 1364000000.0
    },
    "2022-12-31": {
        "Tax Effect Of Unusual Items": -13272000.0,
        "Tax Rate For Calcs": 0.21,
        "Normalized EBITDA": 764600000.0,
        "Total Unusual Items": -63200000.0,
        "Total Unusual Items Excluding Goodwill": -63200000.0,
        "Net Income From Continuing Operation Net Minority Interest": 628000000.0,
        "Reconciled Depreciation": 90200000.0,
        "Reconciled Cost Of Revenue": 927800000.0,
        "EBITDA": 701400000.0,
        "EBIT": 611200000.0,
        "Net Interest Income": -17400000.0,
        "Interest Expense": 29500000.0,
        "Interest Income": 12100000.0,
        "Normalized Income": 677928000.0,
        "Net Income From Continuing And Discontinued Operation": 632000000.0,
        "Total Expenses": 1050900000.0,
        "Total Operating Income As Reported": 582400000.0,
        "Diluted Average Shares": 161900000.0,
        "Basic Average Shares": 143900000.0,
        "Diluted EPS": 3.92,
        "Basic EPS": 4.391939,
        "Diluted NI Availto Com Stockholders": 634600000.0,
        "Average Dilution Earnings": 2600000.0,
        "Net Income Common Stockholders": 632000000.0,
        "Net Income": 632000000.0,
        "Minority Interests": -13500000.0,
        "Net Income Including Noncontrolling Interests": 645500000.0,
        "Net Income Discontinuous Operations": 4000000.0,
        "Net Income Continuous Operations": 641500000.0,
        "Tax Provision": -59800000.0,
        "Pretax Income": 581700000.0,
        "Other Income Expense": 23900000.0,
        "Other Non Operating Income Expenses": NaN,
        "Special Income Charges": -63200000.0,
        "Gain On Sale Of Ppe": 6500000.0,
        "Other Special Charges": 60100000.0,
        "Write Off": NaN,
        "Impairment Of Capital Assets": 9500000.0,
        "Restructuring And Mergern Acquisition": 100000.0,
        "Earnings From Equity Interest": 10300000.0,
        "Net Non Operating Interest Income Expense": -17400000.0,
        "Interest Expense Non Operating": 29500000.0,
        "Interest Income Non Operating": 12100000.0,
        "Operating Income": 575200000.0,
        "Operating Expense": 123100000.0,
        "Other Operating Expenses": 8600000.0,
        "Depreciation Amortization Depletion Income Statement": 90200000.0,
        "Selling General And Administration": 24300000.0,
        "Gross Profit": 698300000.0,
        "Cost Of Revenue": 927800000.0,
        "Total Revenue": 1626100000.0,
        "Operating Revenue": 1626100000.0
    },
    "2022-09-30": {
        "Tax Effect Of Unusual Items": 157074.158441,
        "Tax Rate For Calcs": 0.027082,
        "Normalized EBITDA": 503800000.0,
        "Total Unusual Items": 5800000.0,
        "Total Unusual Items Excluding Goodwill": 5800000.0,
        "Net Income From Continuing Operation Net Minority Interest": 375900000.0,
        "Reconciled Depreciation": 80700000.0,
        "Reconciled Cost Of Revenue": 838400000.0,
        "EBITDA": 509600000.0,
        "EBIT": 428900000.0,
        "Net Interest Income": -28900000.0,
        "Interest Expense": 33800000.0,
        "Interest Income": 4900000.0,
        "Normalized Income": 370257074.158441,
        "Net Income From Continuing And Discontinued Operation": 375100000.0,
        "Total Expenses": 951800000.0,
        "Total Operating Income As Reported": 420500000.0,
        "Diluted Average Shares": 161900000.0,
        "Basic Average Shares": 144100000.0,
        "Diluted EPS": 2.33,
        "Basic EPS": 2.6,
        "Diluted NI Availto Com Stockholders": 377700000.0,
        "Average Dilution Earnings": 2600000.0,
        "Net Income Common Stockholders": 375100000.0,
        "Net Income": 375100000.0,
        "Minority Interests": -8500000.0,
        "Net Income Including Noncontrolling Interests": 383600000.0,
        "Net Income Discontinuous Operations": -800000.0,
        "Net Income Continuous Operations": 384400000.0,
        "Tax Provision": 10700000.0,
        "Pretax Income": 395100000.0,
        "Other Income Expense": 33300000.0,
        "Other Non Operating Income Expenses": NaN,
        "Special Income Charges": 5800000.0,
        "Gain On Sale Of Ppe": 5000000.0,
        "Other Special Charges": -3500000.0,
        "Write Off": NaN,
        "Impairment Of Capital Assets": 1700000.0,
        "Restructuring And Mergern Acquisition": 1000000.0,
        "Earnings From Equity Interest": 27500000.0,
        "Net Non Operating Interest Income Expense": -28900000.0,
        "Interest Expense Non Operating": 33800000.0,
        "Interest Income Non Operating": 4900000.0,
        "Operating Income": 390700000.0,
        "Operating Expense": 113400000.0,
        "Other Operating Expenses": 13100000.0,
        "Depreciation Amortization Depletion Income Statement": 80700000.0,
        "Selling General And Administration": 19600000.0,
        "Gross Profit": 504100000.0,
        "Cost Of Revenue": 838400000.0,
        "Total Revenue": 1342500000.0,
        "Operating Revenue": 1342500000.0
    },
    "2022-06-30": {
        "Tax Effect Of Unusual Items": 275414.103171,
        "Tax Rate For Calcs": 0.026739,
        "Normalized EBITDA": 523700000.0,
        "Total Unusual Items": 10300000.0,
        "Total Unusual Items Excluding Goodwill": 10300000.0,
        "Net Income From Continuing Operation Net Minority Interest": 410200000.0,
        "Reconciled Depreciation": 73800000.0,
        "Reconciled Cost Of Revenue": 825600000.0,
        "EBITDA": 534000000.0,
        "EBIT": 460200000.0,
        "Net Interest Income": -36700000.0,
        "Interest Expense": 37600000.0,
        "Interest Income": 900000.0,
        "Normalized Income": 400175414.103171,
        "Net Income From Continuing And Discontinued Operation": 409500000.0,
        "Total Expenses": 933900000.0,
        "Total Operating Income As Reported": 449300000.0,
        "Diluted Average Shares": 161900000.0,
        "Basic Average Shares": 144000000.0,
        "Diluted EPS": 2.54,
        "Basic EPS": 2.84,
        "Diluted NI Availto Com Stockholders": 409500000.0,
        "Average Dilution Earnings": NaN,
        "Net Income Common Stockholders": 409500000.0,
        "Net Income": 409500000.0,
        "Minority Interests": -1100000.0,
        "Net Income Including Noncontrolling Interests": 410600000.0,
        "Net Income Discontinuous Operations": -700000.0,
        "Net Income Continuous Operations": 411300000.0,
        "Tax Provision": 11300000.0,
        "Pretax Income": 422600000.0,
        "Other Income Expense": 71300000.0,
        "Other Non Operating Income Expenses": 12300000.0,
        "Special Income Charges": 10300000.0,
        "Gain On Sale Of Ppe": 12800000.0,
        "Other Special Charges": 2300000.0,
        "Write Off": NaN,
        "Impairment Of Capital Assets": NaN,
        "Restructuring And Mergern Acquisition": 200000.0,
        "Earnings From Equity Interest": 48700000.0,
        "Net Non Operating Interest Income Expense": -36700000.0,
        "Interest Expense Non Operating": 37600000.0,
        "Interest Income Non Operating": 900000.0,
        "Operating Income": 388000000.0,
        "Operating Expense": 108300000.0,
        "Other Operating Expenses": 12700000.0,
        "Depreciation Amortization Depletion Income Statement": 73800000.0,
        "Selling General And Administration": 21800000.0,
        "Gross Profit": 496300000.0,
        "Cost Of Revenue": 825600000.0,
        "Total Revenue": 1321900000.0,
        "Operating Revenue": 1321900000.0
    },
    "2022-03-31": {
        "Diluted EPS": -0.88,
        "Total Revenue": 691,
        "Gross Profit": -8,
        "Operating Income": -71,
        "EBIT": 2,
        "Net Income": -120
    },
    "2021-12-31": {
        "Diluted EPS": 4.69,
        "Total Revenue": NaN,
        "Gross Profit": 555,
        "Operating Income": 521,
        "EBIT": 606,
        "Net Income": 513
    },
    "2021-09-30": {
        "Diluted EPS": -0.38,
        "Total Revenue": 679,
        "Gross Profit": 30,
        "Operating Income": -44,
        "EBIT": 34,
        "Net Income": -44
    },
    "2021-06-30": {
        "Diluted EPS": -0.28,
        "Total Revenue": 723,
        "Gross Profit": 112,
        "Operating Income": -4,
        "EBIT": 73,
        "Net Income": -29
    },
    "2021-03-31": {
        "Diluted EPS": -0.81,
        "Total Revenue": 651,
        "Gross Profit": 69,
        "Operating Income": -41,
        "EBIT": 28,
        "Net Income": -80
    },
    "2020-12-31": {
        "Diluted EPS": -1.34,
        "Total Revenue": 737,
        "Gross Profit": 99,
        "Operating Income": -108,
        "EBIT": -29,
        "Net Income": -129
    },
    "2020-09-30": {
        "Diluted EPS": -0.69,
        "Total Revenue": 671,
        "Gross Profit": 120,
        "Operating Income": -16,
        "EBIT": 56,
        "Net Income": -67
    },
    "2020-06-30": {
        "Diluted EPS": -15.78,
        "Total Revenue": 627,
        "Gross Profit": 70,
        "Operating Income": NaN,
        "EBIT": NaN,
        "Net Income": NaN
    },
    "2020-03-31": {
        "Diluted EPS": -1.33,
        "Total Revenue": 846,
        "Gross Profit": 67,
        "Operating Income": -94,
        "EBIT": 13,
        "Net Income": -130
    },
    "2019-12-31": {
        "Diluted EPS": -2.69,
        "Total Revenue": NaN,
        "Gross Profit": 292,
        "Operating Income": -166,
        "EBIT": -44,
        "Net Income": -290
    },
    "2019-09-30": {
        "Diluted EPS": -0.81,
        "Total Revenue": NaN,
        "Gross Profit": 201,
        "Operating Income": -37,
        "EBIT": 105,
        "Net Income": -83
    },
    "2019-06-30": {
        "Diluted EPS": 0.34,
        "Total Revenue": NaN,
        "Gross Profit": 291,
        "Operating Income": 80,
        "EBIT": 245,
        "Net Income": 37
    },
    "2019-03-31": {
        "Diluted EPS": 1.12,
        "Total Revenue": NaN,
        "Gross Profit": 302,
        "Operating Income": 185,
        "EBIT": 357,
        "Net Income": 124
    },
    "2018-12-31": {
        "Diluted EPS": 2.12,
        "Total Revenue": NaN,
        "Gross Profit": 377,
        "Operating Income": 127,
        "EBIT": 303,
        "Net Income": 253
    },
    "2018-09-30": {
        "Diluted EPS": 0.59,
        "Total Revenue": NaN,
        "Gross Profit": 365,
        "Operating Income": 130,
        "EBIT": 300,
        "Net Income": 72
    },
    "2018-06-30": {
        "Diluted EPS": 0.9,
        "Total Revenue": NaN,
        "Gross Profit": 363,
        "Operating Income": 165,
        "EBIT": 329,
        "Net Income": 114
    },
    "2018-03-31": {
        "Diluted EPS": 0.82,
        "Total Revenue": NaN,
        "Gross Profit": 406,
        "Operating Income": 239,
        "EBIT": 409,
        "Net Income": 107
    },
    "2017-12-31": {
        "Diluted EPS": -2.74,
        "Total Revenue": NaN,
        "Gross Profit": 439,
        "Operating Income": 302,
        "EBIT": 481,
        "Net Income": 193
    },
    "2017-09-30": {
        "Diluted EPS": 1.47,
        "Total Revenue": NaN,
        "Gross Profit": 438,
        "Operating Income": 210,
        "EBIT": 404,
        "Net Income": 201
    },
    "2017-06-30": {
        "Diluted EPS": -3.64,
        "Total Revenue": NaN,
        "Gross Profit": 330,
        "Operating Income": 153,
        "EBIT": 301,
        "Net Income": -352
    },
    "2017-03-31": {
        "Diluted EPS": 6.21,
        "Total Revenue": NaN,
        "Gross Profit": 376,
        "Operating Income": 213,
        "EBIT": 332,
        "Net Income": 115
    },
    "2016-12-31": {
        "Diluted EPS": -10.53,
        "Total Revenue": NaN,
        "Gross Profit": 352,
        "Operating Income": 12,
        "EBIT": 132,
        "Net Income": -193
    },
    "2016-09-30": {
        "Diluted EPS": -7.53,
        "Total Revenue": NaN,
        "Gross Profit": 142,
        "Operating Income": -22,
        "EBIT": 96,
        "Net Income": -138
    },
    "2016-06-30": {
        "Diluted EPS": -12.46,
        "Total Revenue": NaN,
        "Gross Profit": 44,
        "Operating Income": -108,
        "EBIT": 8,
        "Net Income": -228
    },
    "2016-03-31": {
        "Diluted EPS": -9.35,
        "Total Revenue": NaN,
        "Gross Profit": 107,
        "Operating Income": -103,
        "EBIT": 9,
        "Net Income": -171
    },
    "2015-12-31": {
        "Diluted EPS": -24.16,
        "Total Revenue": NaN,
        "Gross Profit": 80,
        "Operating Income": -471,
        "EBIT": -329,
        "Net Income": -439
    },
    "2015-09-30": {
        "Diluted EPS": -16.73,
        "Total Revenue": NaN,
        "Gross Profit": 165,
        "Operating Income": -20,
        "EBIT": 116,
        "Net Income": -305
    },
    "2015-06-30": {
        "Diluted EPS": -57.59,
        "Total Revenue": NaN,
        "Gross Profit": 141,
        "Operating Income": -976,
        "EBIT": -829,
        "Net Income": NaN
    },
    "2015-03-31": {
        "Diluted EPS": -9.81,
        "Total Revenue": NaN,
        "Gross Profit": 216,
        "Operating Income": 2,
        "EBIT": 150,
        "Net Income": -177
    },
    "2014-12-31": {
        "Diluted EPS": -32.19,
        "Total Revenue": NaN,
        "Gross Profit": 283,
        "Operating Income": -207,
        "EBIT": -35,
        "Net Income": -462
    },
    "2014-09-30": {
        "Diluted EPS": -8.44,
        "Total Revenue": NaN,
        "Gross Profit": 270,
        "Operating Income": 36,
        "EBIT": 200,
        "Net Income": -151
    },
    "2014-06-30": {
        "Diluted EPS": -0.27,
        "Total Revenue": NaN,
        "Gross Profit": 290,
        "Operating Income": 33,
        "EBIT": 196,
        "Net Income": -73
    },
    "2014-03-31": {
        "Diluted EPS": -0.18,
        "Total Revenue": NaN,
        "Gross Profit": 232,
        "Operating Income": 3,
        "EBIT": 160,
        "Net Income": -49
    },
    "2013-12-31": {
        "Diluted EPS": -29.67,
        "Total Revenue": NaN,
        "Gross Profit": 272,
        "Operating Income": -552,
        "EBIT": -355,
        "Net Income": -566
    },
    "2013-09-30": {
        "Diluted EPS": -0.1,
        "Total Revenue": NaN,
        "Gross Profit": 366,
        "Operating Income": 112,
        "EBIT": 299,
        "Net Income": -26
    },
    "2013-06-30": {
        "Diluted EPS": 0.33,
        "Total Revenue": NaN,
        "Gross Profit": 288,
        "Operating Income": 26,
        "EBIT": 212,
        "Net Income": 90
    },
    "2013-03-31": {
        "Diluted EPS": -0.09,
        "Total Revenue": NaN,
        "Gross Profit": 359,
        "Operating Income": 89,
        "EBIT": 260,
        "Net Income": -24
    },
    "2012-12-31": {
        "Diluted EPS": -3.73,
        "Total Revenue": NaN,
        "Gross Profit": 473,
        "Operating Income": -722,
        "EBIT": -529,
        "Net Income": NaN
    },
    "2012-09-30": {
        "Diluted EPS": 0.16,
        "Total Revenue": NaN,
        "Gross Profit": 558,
        "Operating Income": 267,
        "EBIT": 439,
        "Net Income": 43
    },
    "2012-06-30": {
        "Diluted EPS": 0.75,
        "Total Revenue": NaN,
        "Gross Profit": 515,
        "Operating Income": 277,
        "EBIT": 432,
        "Net Income": 203
    },
    "2012-03-31": {
        "Diluted EPS": 0.63,
        "Total Revenue": NaN,
        "Gross Profit": 599,
        "Operating Income": 351,
        "EBIT": 494,
        "Net Income": 172
    },
    "2011-12-31": {
        "Diluted EPS": 0.82,
        "Total Revenue": NaN,
        "Gross Profit": 706,
        "Operating Income": 417,
        "EBIT": 573,
        "Net Income": 220
    },
    "2011-09-30": {
        "Diluted EPS": 1.0,
        "Total Revenue": NaN,
        "Gross Profit": 581,
        "Operating Income": 386,
        "EBIT": 491,
        "Net Income": 274
    },
    "2011-06-30": {
        "Diluted EPS": 1.05,
        "Total Revenue": NaN,
        "Gross Profit": 635,
        "Operating Income": 479,
        "EBIT": 583,
        "Net Income": 283
    },
    "2011-03-31": {
        "Diluted EPS": 0.65,
        "Total Revenue": NaN,
        "Gross Profit": 496,
        "Operating Income": 314,
        "EBIT": 422,
        "Net Income": 176
    },
    "2010-12-31": {
        "Diluted EPS": 0.75,
        "Total Revenue": NaN,
        "Gross Profit": 516,
        "Operating Income": 340,
        "EBIT": 442,
        "Net Income": 209
    },
    "2010-09-30": {
        "Diluted EPS": 0.83,
        "Total Revenue": NaN,
        "Gross Profit": 621,
        "Operating Income": 445,
        "EBIT": 561,
        "Net Income": 222
    },
    "2010-06-30": {
        "Diluted EPS": 0.76,
        "Total Revenue": NaN,
        "Gross Profit": 487,
        "Operating Income": 324,
        "EBIT": 430,
        "Net Income": 205
    },
    "2010-03-31": {
        "Diluted EPS": 0.5,
        "Total Revenue": NaN,
        "Gross Profit": 407,
        "Operating Income": 242,
        "EBIT": 348,
        "Net Income": 133
    },
    "2009-12-31": {
        "Diluted EPS": 0.34,
        "Total Revenue": NaN,
        "Gross Profit": 363,
        "Operating Income": 167,
        "EBIT": 262,
        "Net Income": 92
    },
    "2009-09-30": {
        "Diluted EPS": 0.4,
        "Total Revenue": NaN,
        "Gross Profit": 405,
        "Operating Income": 220,
        "EBIT": 328,
        "Net Income": 106
    },
    "2009-06-30": {
        "Diluted EPS": 0.29,
        "Total Revenue": NaN,
        "Gross Profit": 368,
        "Operating Income": 215,
        "EBIT": 315,
        "Net Income": 79
    },
    "2009-03-31": {
        "Diluted EPS": 0.63,
        "Total Revenue": NaN,
        "Gross Profit": 372,
        "Operating Income": 220,
        "EBIT": 318,
        "Net Income": 169
    },
    "2023-09-30": {
        "Tax Effect Of Unusual Items": 2785225.328009,
        "Tax Rate For Calcs": 0.26526,
        "Normalized EBITDA": 260900000.0,
        "Total Unusual Items": 10500000.0,
        "Total Unusual Items Excluding Goodwill": 10500000.0,
        "Net Income From Continuing Operation Net Minority Interest": 117400000.0,
        "Reconciled Depreciation": 82300000.0,
        "Reconciled Cost Of Revenue": 803700000.0,
        "EBITDA": 271400000.0,
        "EBIT": 189100000.0,
        "Net Interest Income": 6500000.0,
        "Interest Expense": 13800000.0,
        "Interest Income": 20300000.0,
        "Normalized Income": 109685225.328009,
        "Net Income From Continuing And Discontinued Operation": 119900000.0,
        "Total Expenses": 926200000.0,
        "Total Operating Income As Reported": 158800000.0,
        "Diluted Average Shares": 149900000.0,
        "Basic Average Shares": 132200000.0,
        "Diluted EPS": 0.82,
        "Basic EPS": 0.906959,
        "Diluted NI Availto Com Stockholders": 122900000.0,
        "Average Dilution Earnings": 3000000.0,
        "Net Income Common Stockholders": 119900000.0,
        "Net Income": 119900000.0,
        "Minority Interests": -11400000.0,
        "Net Income Including Noncontrolling Interests": 131300000.0,
        "Net Income Discontinuous Operations": 2500000.0,
        "Net Income Continuous Operations": 128800000.0,
        "Tax Provision": 46500000.0,
        "Pretax Income": 175300000.0,
        "Other Income Expense": 16100000.0,
        "Other Non Operating Income Expenses": NaN,
        "Special Income Charges": 10500000.0,
        "Gain On Sale Of Ppe": 1400000.0,
        "Other Special Charges": -10000000.0,
        "Write Off": 0.0,
        "Impairment Of Capital Assets": NaN,
        "Restructuring And Mergern Acquisition": 900000.0,
        "Earnings From Equity Interest": 5600000.0,
        "Net Non Operating Interest Income Expense": 6500000.0,
        "Interest Expense Non Operating": 13800000.0,
        "Interest Income Non Operating": 20300000.0,
        "Operating Income": 152700000.0,
        "Operating Expense": 122500000.0,
        "Other Operating Expenses": 18700000.0,
        "Depreciation Amortization Depletion Income Statement": 82300000.0,
        "Selling General And Administration": 21500000.0,
        "Gross Profit": 275200000.0,
        "Cost Of Revenue": 803700000.0,
        "Total Revenue": 1078900000.0,
        "Operating Revenue": 1078900000.0
    },
    "2023-12-31": {
        "Tax Effect Of Unusual Items": NaN,
        "Tax Rate For Calcs": NaN,
        "Normalized EBITDA": NaN,
        "Total Unusual Items": NaN,
        "Total Unusual Items Excluding Goodwill": NaN,
        "Net Income From Continuing Operation Net Minority Interest": NaN,
        "Reconciled Depreciation": NaN,
        "Reconciled Cost Of Revenue": NaN,
        "EBITDA": NaN,
        "EBIT": NaN,
        "Net Interest Income": NaN,
        "Interest Expense": NaN,
        "Interest Income": NaN,
        "Normalized Income": NaN,
        "Net Income From Continuing And Discontinued Operation": NaN,
        "Total Expenses": NaN,
        "Total Operating Income As Reported": NaN,
        "Diluted Average Shares": 147200000.0,
        "Basic Average Shares": 131100000.0,
        "Diluted EPS": 1.33,
        "Basic EPS": 1.464531,
        "Diluted NI Availto Com Stockholders": NaN,
        "Average Dilution Earnings": NaN,
        "Net Income Common Stockholders": NaN,
        "Net Income": NaN,
        "Minority Interests": NaN,
        "Net Income Including Noncontrolling Interests": NaN,
        "Net Income Discontinuous Operations": NaN,
        "Net Income Continuous Operations": NaN,
        "Tax Provision": NaN,
        "Pretax Income": NaN,
        "Other Income Expense": NaN,
        "Other Non Operating Income Expenses": NaN,
        "Special Income Charges": NaN,
        "Gain On Sale Of Ppe": NaN,
        "Other Special Charges": NaN,
        "Write Off": NaN,
        "Impairment Of Capital Assets": NaN,
        "Restructuring And Mergern Acquisition": NaN,
        "Earnings From Equity Interest": NaN,
        "Net Non Operating Interest Income Expense": NaN,
        "Interest Expense Non Operating": NaN,
        "Interest Income Non Operating": NaN,
        "Operating Income": NaN,
        "Operating Expense": NaN,
        "Other Operating Expenses": NaN,
        "Depreciation Amortization Depletion Income Statement": NaN,
        "Selling General And Administration": NaN,
        "Gross Profit": NaN,
        "Cost Of Revenue": NaN,
        "Total Revenue": NaN,
        "Operating Revenue": NaN
    }
}