{
    "2023-03-31": {
        "Tax Effect Of Unusual Items": 0.0,
        "Tax Rate For Calcs": 0.259,
        "Normalized EBITDA": 36400000.0,
        "Total Unusual Items": 0.0,
        "Total Unusual Items Excluding Goodwill": 0.0,
        "Net Income From Continuing Operation Net Minority Interest": -22000000.0,
        "Reconciled Depreciation": 38400000.0,
        "Reconciled Cost Of Revenue": 475900000.0,
        "EBITDA": 36400000.0,
        "EBIT": -2000000.0,
        "Net Interest Income": -27700000.0,
        "Interest Expense": 27700000.0,
        "Normalized Income": -22000000.0,
        "Net Income From Continuing And Discontinued Operation": -22000000.0,
        "Total Expenses": 653000000.0,
        "Total Operating Income As Reported": -2600000.0,
        "Diluted Average Shares": 93475000.0,
        "Basic Average Shares": 93475000.0,
        "Diluted EPS": -0.23,
        "Basic EPS": -0.23,
        "Diluted NI Availto Com Stockholders": -22000000.0,
        "Net Income Common Stockholders": -22000000.0,
        "Preferred Stock Dividends": NaN,
        "Net Income": -22000000.0,
        "Net Income Including Noncontrolling Interests": -22000000.0,
        "Net Income Continuous Operations": -22000000.0,
        "Tax Provision": -7700000.0,
        "Pretax Income": -29700000.0,
        "Other Income Expense": 600000.0,
        "Other Non Operating Income Expenses": 600000.0,
        "Special Income Charges": 0.0,
        "Gain On Sale Of Business": 0.0,
        "Net Non Operating Interest Income Expense": -27700000.0,
        "Interest Expense Non Operating": 27700000.0,
        "Operating Income": -2600000.0,
        "Operating Expense": 149700000.0,
        "Depreciation Amortization Depletion Income Statement": 11000000.0,
        "Depreciation And Amortization In Income Statement": 11000000.0,
        "Amortization": 11000000.0,
        "Amortization Of Intangibles Income Statement": 11000000.0,
        "Selling General And Administration": 138700000.0,
        "Gross Profit": 147100000.0,
        "Cost Of Revenue": 503300000.0,
        "Total Revenue": 650400000.0,
        "Operating Revenue": 650400000.0
    },
    "2022-12-31": {
        "Tax Effect Of Unusual Items": 0.0,
        "Tax Rate For Calcs": 0.225,
        "Normalized EBITDA": 37800000.0,
        "Net Income From Continuing Operation Net Minority Interest": -18900000.0,
        "Reconciled Depreciation": 39000000.0,
        "Reconciled Cost Of Revenue": 481200000.0,
        "EBITDA": 37800000.0,
        "EBIT": -1200000.0,
        "Net Interest Income": -23200000.0,
        "Interest Expense": 23200000.0,
        "Normalized Income": -18900000.0,
        "Net Income From Continuing And Discontinued Operation": -18900000.0,
        "Total Expenses": 657800000.0,
        "Total Operating Income As Reported": -1900000.0,
        "Diluted Average Shares": 93252000.0,
        "Basic Average Shares": 93252000.0,
        "Diluted EPS": -0.2,
        "Basic EPS": -0.2,
        "Diluted NI Availto Com Stockholders": -18900000.0,
        "Net Income Common Stockholders": -18900000.0,
        "Preferred Stock Dividends": NaN,
        "Net Income": -18900000.0,
        "Net Income Including Noncontrolling Interests": -18900000.0,
        "Net Income Continuous Operations": -18900000.0,
        "Tax Provision": -5500000.0,
        "Pretax Income": -24400000.0,
        "Other Income Expense": 700000.0,
        "Other Non Operating Income Expenses": 700000.0,
        "Net Non Operating Interest Income Expense": -23200000.0,
        "Interest Expense Non Operating": 23200000.0,
        "Operating Income": -1900000.0,
        "Operating Expense": 149500000.0,
        "Depreciation Amortization Depletion Income Statement": 11900000.0,
        "Depreciation And Amortization In Income Statement": 11900000.0,
        "Amortization": 11900000.0,
        "Amortization Of Intangibles Income Statement": 11900000.0,
        "Selling General And Administration": 137600000.0,
        "Gross Profit": 147600000.0,
        "Cost Of Revenue": 508300000.0,
        "Total Revenue": 655900000.0,
        "Operating Revenue": 655900000.0
    },
    "2022-09-30": {
        "Tax Effect Of Unusual Items": 0.0,
        "Tax Rate For Calcs": 0.278302,
        "Normalized EBITDA": 52800000.0,
        "Net Income From Continuing Operation Net Minority Interest": 15300000.0,
        "Reconciled Depreciation": 12800000.0,
        "Reconciled Cost Of Revenue": 534800000.0,
        "EBITDA": 52800000.0,
        "EBIT": 40000000.0,
        "Net Interest Income": -18800000.0,
        "Interest Expense": 18800000.0,
        "Normalized Income": 15300000.0,
        "Net Income From Continuing And Discontinued Operation": 15300000.0,
        "Total Expenses": 683000000.0,
        "Total Operating Income As Reported": 40400000.0,
        "Diluted Average Shares": 93000000.0,
        "Basic Average Shares": 93000000.0,
        "Diluted EPS": 0.16,
        "Basic EPS": 0.16,
        "Diluted NI Availto Com Stockholders": 15300000.0,
        "Net Income Common Stockholders": 15300000.0,
        "Net Income": 15300000.0,
        "Net Income Including Noncontrolling Interests": 15300000.0,
        "Net Income Continuous Operations": 15300000.0,
        "Tax Provision": 5900000.0,
        "Pretax Income": 21200000.0,
        "Other Income Expense": -400000.0,
        "Other Non Operating Income Expenses": -400000.0,
        "Net Non Operating Interest Income Expense": -18800000.0,
        "Interest Expense Non Operating": 18800000.0,
        "Operating Income": 40400000.0,
        "Operating Expense": 148200000.0,
        "Depreciation Amortization Depletion Income Statement": 12800000.0,
        "Depreciation And Amortization In Income Statement": 12800000.0,
        "Amortization": 12800000.0,
        "Amortization Of Intangibles Income Statement": 12800000.0,
        "Selling General And Administration": 135400000.0,
        "Gross Profit": 188600000.0,
        "Cost Of Revenue": 534800000.0,
        "Total Revenue": 723400000.0,
        "Operating Revenue": 723400000.0
    },
    "2022-06-30": {
        "Tax Effect Of Unusual Items": 0.0,
        "Tax Rate For Calcs": 0.294,
        "Normalized EBITDA": 69000000.0,
        "Net Income From Continuing Operation Net Minority Interest": 10800000.0,
        "Reconciled Depreciation": 38900000.0,
        "Reconciled Cost Of Revenue": 532500000.0,
        "EBITDA": 69000000.0,
        "EBIT": 30100000.0,
        "Net Interest Income": -14800000.0,
        "Interest Expense": 14800000.0,
        "Normalized Income": 10800000.0,
        "Net Income From Continuing And Discontinued Operation": 10800000.0,
        "Total Expenses": 702700000.0,
        "Total Operating Income As Reported": 44700000.0,
        "Diluted Average Shares": 93436000.0,
        "Basic Average Shares": 93207000.0,
        "Diluted EPS": 0.12,
        "Basic EPS": 0.12,
        "Diluted NI Availto Com Stockholders": 10800000.0,
        "Net Income Common Stockholders": 10800000.0,
        "Net Income": 10800000.0,
        "Net Income Including Noncontrolling Interests": 10800000.0,
        "Net Income Continuous Operations": 10800000.0,
        "Tax Provision": 4500000.0,
        "Pretax Income": 15300000.0,
        "Other Income Expense": -14600000.0,
        "Other Non Operating Income Expenses": -14600000.0,
        "Net Non Operating Interest Income Expense": -14800000.0,
        "Interest Expense Non Operating": 14800000.0,
        "Operating Income": 44700000.0,
        "Operating Expense": 144500000.0,
        "Depreciation Amortization Depletion Income Statement": 13200000.0,
        "Depreciation And Amortization In Income Statement": 13200000.0,
        "Amortization": 13200000.0,
        "Amortization Of Intangibles Income Statement": 13200000.0,
        "Selling General And Administration": 131300000.0,
        "Gross Profit": 189200000.0,
        "Cost Of Revenue": 558200000.0,
        "Total Revenue": 747400000.0,
        "Operating Revenue": 747400000.0
    },
    "2023-06-30": {
        "Tax Effect Of Unusual Items": 0.0,
        "Tax Rate For Calcs": 0.311,
        "Normalized EBITDA": 89000000.0,
        "Total Unusual Items": NaN,
        "Total Unusual Items Excluding Goodwill": NaN,
        "Net Income From Continuing Operation Net Minority Interest": 16800000.0,
        "Reconciled Depreciation": 37200000.0,
        "Reconciled Cost Of Revenue": 541000000.0,
        "EBITDA": 89000000.0,
        "EBIT": 51800000.0,
        "Net Interest Income": -27400000.0,
        "Interest Expense": 27400000.0,
        "Normalized Income": 16800000.0,
        "Net Income From Continuing And Discontinued Operation": 16800000.0,
        "Total Expenses": 714800000.0,
        "Total Operating Income As Reported": 51200000.0,
        "Diluted Average Shares": 94001000.0,
        "Basic Average Shares": 93504000.0,
        "Diluted EPS": 0.18,
        "Basic EPS": 0.18,
        "Diluted NI Availto Com Stockholders": 16800000.0,
        "Net Income Common Stockholders": 16800000.0,
        "Preferred Stock Dividends": NaN,
        "Net Income": 16800000.0,
        "Net Income Including Noncontrolling Interests": 16800000.0,
        "Net Income Continuous Operations": 16800000.0,
        "Tax Provision": 7600000.0,
        "Pretax Income": 24400000.0,
        "Other Income Expense": 600000.0,
        "Other Non Operating Income Expenses": 600000.0,
        "Special Income Charges": NaN,
        "Gain On Sale Of Business": NaN,
        "Net Non Operating Interest Income Expense": -27400000.0,
        "Interest Expense Non Operating": 27400000.0,
        "Operating Income": 51200000.0,
        "Operating Expense": 147400000.0,
        "Depreciation Amortization Depletion Income Statement": 10800000.0,
        "Depreciation And Amortization In Income Statement": 10800000.0,
        "Amortization": 10800000.0,
        "Amortization Of Intangibles Income Statement": 10800000.0,
        "Selling General And Administration": 136600000.0,
        "Gross Profit": 198600000.0,
        "Cost Of Revenue": 567400000.0,
        "Total Revenue": 766000000.0,
        "Operating Revenue": 766000000.0
    },
    "2023-09-30": {
        "Tax Effect Of Unusual Items": 0.0,
        "Tax Rate For Calcs": 0.381132,
        "Normalized EBITDA": 80700000.0,
        "Total Unusual Items": NaN,
        "Total Unusual Items Excluding Goodwill": NaN,
        "Net Income From Continuing Operation Net Minority Interest": 16400000.0,
        "Reconciled Depreciation": 35100000.0,
        "Reconciled Cost Of Revenue": 533800000.0,
        "EBITDA": 80700000.0,
        "EBIT": 45600000.0,
        "Net Interest Income": -19100000.0,
        "Interest Expense": 19100000.0,
        "Normalized Income": 16400000.0,
        "Net Income From Continuing And Discontinued Operation": 16400000.0,
        "Total Expenses": 689300000.0,
        "Total Operating Income As Reported": 54400000.0,
        "Diluted Average Shares": NaN,
        "Basic Average Shares": NaN,
        "Diluted EPS": NaN,
        "Basic EPS": NaN,
        "Diluted NI Availto Com Stockholders": 16400000.0,
        "Net Income Common Stockholders": 16400000.0,
        "Preferred Stock Dividends": NaN,
        "Net Income": 16400000.0,
        "Net Income Including Noncontrolling Interests": 16400000.0,
        "Net Income Continuous Operations": 16400000.0,
        "Tax Provision": 10100000.0,
        "Pretax Income": 26500000.0,
        "Other Income Expense": -8800000.0,
        "Other Non Operating Income Expenses": -8800000.0,
        "Special Income Charges": NaN,
        "Gain On Sale Of Business": NaN,
        "Net Non Operating Interest Income Expense": -19100000.0,
        "Interest Expense Non Operating": 19100000.0,
        "Operating Income": 54400000.0,
        "Operating Expense": 131200000.0,
        "Depreciation Amortization Depletion Income Statement": 10800000.0,
        "Depreciation And Amortization In Income Statement": 10800000.0,
        "Amortization": 10800000.0,
        "Amortization Of Intangibles Income Statement": 10800000.0,
        "Selling General And Administration": 120400000.0,
        "Gross Profit": 185600000.0,
        "Cost Of Revenue": 558100000.0,
        "Total Revenue": 743700000.0,
        "Operating Revenue": 743700000.0
    },
    "2023-12-31": {
        "Tax Effect Of Unusual Items": 0.0,
        "Tax Rate For Calcs": 0.258,
        "Normalized EBITDA": 30700000.0,
        "Total Unusual Items": NaN,
        "Total Unusual Items Excluding Goodwill": NaN,
        "Net Income From Continuing Operation Net Minority Interest": -16400000.0,
        "Reconciled Depreciation": 35700000.0,
        "Reconciled Cost Of Revenue": 467300000.0,
        "EBITDA": 30700000.0,
        "EBIT": -5000000.0,
        "Net Interest Income": -17100000.0,
        "Interest Expense": 17100000.0,
        "Normalized Income": -16400000.0,
        "Net Income From Continuing And Discontinued Operation": -16400000.0,
        "Total Expenses": 632900000.0,
        "Total Operating Income As Reported": -6200000.0,
        "Diluted Average Shares": 93986000.0,
        "Basic Average Shares": 93986000.0,
        "Diluted EPS": -0.27,
        "Basic EPS": -0.27,
        "Diluted NI Availto Com Stockholders": -25300000.0,
        "Net Income Common Stockholders": -25300000.0,
        "Preferred Stock Dividends": 8900000.0,
        "Net Income": -16400000.0,
        "Net Income Including Noncontrolling Interests": -16400000.0,
        "Net Income Continuous Operations": -16400000.0,
        "Tax Provision": -5700000.0,
        "Pretax Income": -22100000.0,
        "Other Income Expense": 1200000.0,
        "Other Non Operating Income Expenses": 1200000.0,
        "Special Income Charges": NaN,
        "Gain On Sale Of Business": NaN,
        "Net Non Operating Interest Income Expense": -17100000.0,
        "Interest Expense Non Operating": 17100000.0,
        "Operating Income": -6200000.0,
        "Operating Expense": 140000000.0,
        "Depreciation Amortization Depletion Income Statement": 10100000.0,
        "Depreciation And Amortization In Income Statement": 10100000.0,
        "Amortization": 10100000.0,
        "Amortization Of Intangibles Income Statement": 10100000.0,
        "Selling General And Administration": 129900000.0,
        "Gross Profit": 133800000.0,
        "Cost Of Revenue": 492900000.0,
        "Total Revenue": 626700000.0,
        "Operating Revenue": 626700000.0
    },
    "2024-03-31": {
        "Tax Effect Of Unusual Items": 12423700.0,
        "Tax Rate For Calcs": 0.283,
        "Normalized EBITDA": 53900000.0,
        "Total Unusual Items": 43900000.0,
        "Total Unusual Items Excluding Goodwill": 43900000.0,
        "Net Income From Continuing Operation Net Minority Interest": 33700000.0,
        "Reconciled Depreciation": 34800000.0,
        "Reconciled Cost Of Revenue": 494800000.0,
        "EBITDA": 97800000.0,
        "EBIT": 63000000.0,
        "Net Interest Income": -16000000.0,
        "Interest Expense": 16000000.0,
        "Normalized Income": 2223700.0,
        "Net Income From Continuing And Discontinued Operation": 33700000.0,
        "Total Expenses": 654600000.0,
        "Total Operating Income As Reported": 62200000.0,
        "Diluted Average Shares": 95711000.0,
        "Basic Average Shares": 94436000.0,
        "Diluted EPS": 0.17,
        "Basic EPS": 0.17,
        "Diluted NI Availto Com Stockholders": 15800000.0,
        "Net Income Common Stockholders": 15800000.0,
        "Preferred Stock Dividends": 17900000.0,
        "Net Income": 33700000.0,
        "Net Income Including Noncontrolling Interests": 33700000.0,
        "Net Income Continuous Operations": 33700000.0,
        "Tax Provision": 13300000.0,
        "Pretax Income": 47000000.0,
        "Other Income Expense": 44700000.0,
        "Other Non Operating Income Expenses": 800000.0,
        "Special Income Charges": 43900000.0,
        "Gain On Sale Of Business": 43900000.0,
        "Net Non Operating Interest Income Expense": -16000000.0,
        "Interest Expense Non Operating": 16000000.0,
        "Operating Income": 18300000.0,
        "Operating Expense": 133700000.0,
        "Depreciation Amortization Depletion Income Statement": 8700000.0,
        "Depreciation And Amortization In Income Statement": 8700000.0,
        "Amortization": 8700000.0,
        "Amortization Of Intangibles Income Statement": 8700000.0,
        "Selling General And Administration": 125000000.0,
        "Gross Profit": 152000000.0,
        "Cost Of Revenue": 520900000.0,
        "Total Revenue": 672900000.0,
        "Operating Revenue": 672900000.0
    }
}