{
    "2023-03-31": {
        "Tax Effect Of Unusual Items": NaN,
        "Tax Rate For Calcs": NaN,
        "Normalized EBITDA": NaN,
        "Total Unusual Items": NaN,
        "Total Unusual Items Excluding Goodwill": NaN,
        "Net Income From Continuing Operation Net Minority Interest": NaN,
        "Reconciled Depreciation": NaN,
        "Reconciled Cost Of Revenue": NaN,
        "EBITDA": NaN,
        "EBIT": NaN,
        "Net Interest Income": NaN,
        "Interest Expense": 17000000.0,
        "Interest Income": 7000000.0,
        "Normalized Income": NaN,
        "Net Income From Continuing And Discontinued Operation": NaN,
        "Total Expenses": NaN,
        "Total Operating Income As Reported": NaN,
        "Diluted Average Shares": 234400000.0,
        "Basic Average Shares": 234373353.0,
        "Diluted EPS": 0.928202,
        "Basic EPS": 0.928202,
        "Diluted NI Availto Com Stockholders": NaN,
        "Net Income Common Stockholders": NaN,
        "Net Income": NaN,
        "Minority Interests": NaN,
        "Net Income Including Noncontrolling Interests": NaN,
        "Net Income Discontinuous Operations": 49000000.0,
        "Net Income Continuous Operations": NaN,
        "Tax Provision": NaN,
        "Pretax Income": NaN,
        "Other Income Expense": NaN,
        "Other Non Operating Income Expenses": -2000000.0,
        "Special Income Charges": NaN,
        "Gain On Sale Of Ppe": NaN,
        "Gain On Sale Of Business": 0.0,
        "Other Special Charges": NaN,
        "Impairment Of Capital Assets": NaN,
        "Restructuring And Mergern Acquisition": NaN,
        "Earnings From Equity Interest": NaN,
        "Gain On Sale Of Security": -15000000.0,
        "Net Non Operating Interest Income Expense": NaN,
        "Interest Expense Non Operating": 17000000.0,
        "Interest Income Non Operating": 7000000.0,
        "Operating Income": NaN,
        "Operating Expense": NaN,
        "Other Operating Expenses": -7000000.0,
        "Selling General And Administration": NaN,
        "General And Administrative Expense": NaN,
        "Other Gand A": NaN,
        "Salaries And Wages": 2000000.0,
        "Gross Profit": NaN,
        "Cost Of Revenue": NaN,
        "Total Revenue": NaN,
        "Operating Revenue": NaN
    },
    "2022-12-31": {
        "Tax Effect Of Unusual Items": NaN,
        "Tax Rate For Calcs": NaN,
        "Normalized EBITDA": NaN,
        "Total Unusual Items": NaN,
        "Total Unusual Items Excluding Goodwill": NaN,
        "Net Income From Continuing Operation Net Minority Interest": NaN,
        "Reconciled Depreciation": NaN,
        "Reconciled Cost Of Revenue": NaN,
        "EBITDA": NaN,
        "EBIT": NaN,
        "Net Interest Income": NaN,
        "Interest Expense": NaN,
        "Interest Income": NaN,
        "Normalized Income": NaN,
        "Net Income From Continuing And Discontinued Operation": NaN,
        "Total Expenses": NaN,
        "Total Operating Income As Reported": NaN,
        "Diluted Average Shares": NaN,
        "Basic Average Shares": NaN,
        "Diluted EPS": NaN,
        "Basic EPS": NaN,
        "Diluted NI Availto Com Stockholders": NaN,
        "Net Income Common Stockholders": NaN,
        "Net Income": NaN,
        "Minority Interests": NaN,
        "Net Income Including Noncontrolling Interests": NaN,
        "Net Income Discontinuous Operations": NaN,
        "Net Income Continuous Operations": NaN,
        "Tax Provision": NaN,
        "Pretax Income": NaN,
        "Other Income Expense": NaN,
        "Other Non Operating Income Expenses": 6000000.0,
        "Special Income Charges": NaN,
        "Gain On Sale Of Ppe": NaN,
        "Gain On Sale Of Business": -2000000.0,
        "Other Special Charges": NaN,
        "Impairment Of Capital Assets": NaN,
        "Restructuring And Mergern Acquisition": NaN,
        "Earnings From Equity Interest": NaN,
        "Gain On Sale Of Security": NaN,
        "Net Non Operating Interest Income Expense": NaN,
        "Interest Expense Non Operating": NaN,
        "Interest Income Non Operating": NaN,
        "Operating Income": NaN,
        "Operating Expense": NaN,
        "Other Operating Expenses": 5000000.0,
        "Selling General And Administration": NaN,
        "General And Administrative Expense": NaN,
        "Other Gand A": NaN,
        "Salaries And Wages": NaN,
        "Gross Profit": NaN,
        "Cost Of Revenue": NaN,
        "Total Revenue": NaN,
        "Operating Revenue": NaN
    },
    "2022-09-30": {
        "Tax Effect Of Unusual Items": NaN,
        "Tax Rate For Calcs": NaN,
        "Normalized EBITDA": NaN,
        "Total Unusual Items": NaN,
        "Total Unusual Items Excluding Goodwill": NaN,
        "Net Income From Continuing Operation Net Minority Interest": NaN,
        "Reconciled Depreciation": NaN,
        "Reconciled Cost Of Revenue": NaN,
        "EBITDA": NaN,
        "EBIT": NaN,
        "Net Interest Income": NaN,
        "Interest Expense": NaN,
        "Interest Income": NaN,
        "Normalized Income": NaN,
        "Net Income From Continuing And Discontinued Operation": NaN,
        "Total Expenses": NaN,
        "Total Operating Income As Reported": NaN,
        "Diluted Average Shares": NaN,
        "Basic Average Shares": NaN,
        "Diluted EPS": NaN,
        "Basic EPS": NaN,
        "Diluted NI Availto Com Stockholders": NaN,
        "Net Income Common Stockholders": NaN,
        "Net Income": NaN,
        "Minority Interests": NaN,
        "Net Income Including Noncontrolling Interests": NaN,
        "Net Income Discontinuous Operations": 100000000.0,
        "Net Income Continuous Operations": NaN,
        "Tax Provision": NaN,
        "Pretax Income": NaN,
        "Other Income Expense": NaN,
        "Other Non Operating Income Expenses": 3000000.0,
        "Special Income Charges": NaN,
        "Gain On Sale Of Ppe": 0.0,
        "Gain On Sale Of Business": NaN,
        "Other Special Charges": NaN,
        "Impairment Of Capital Assets": 0.0,
        "Restructuring And Mergern Acquisition": NaN,
        "Earnings From Equity Interest": NaN,
        "Gain On Sale Of Security": NaN,
        "Net Non Operating Interest Income Expense": NaN,
        "Interest Expense Non Operating": NaN,
        "Interest Income Non Operating": NaN,
        "Operating Income": NaN,
        "Operating Expense": NaN,
        "Other Operating Expenses": 3000000.0,
        "Selling General And Administration": NaN,
        "General And Administrative Expense": NaN,
        "Other Gand A": NaN,
        "Salaries And Wages": NaN,
        "Gross Profit": NaN,
        "Cost Of Revenue": NaN,
        "Total Revenue": NaN,
        "Operating Revenue": NaN
    },
    "2022-06-30": {
        "Tax Effect Of Unusual Items": -4000000.0,
        "Tax Rate For Calcs": 0.2,
        "Normalized EBITDA": 514000000.0,
        "Total Unusual Items": -20000000.0,
        "Total Unusual Items Excluding Goodwill": -20000000.0,
        "Net Income From Continuing Operation Net Minority Interest": 216000000.0,
        "Reconciled Depreciation": 185000000.0,
        "Reconciled Cost Of Revenue": 3047000000.0,
        "EBITDA": 494000000.0,
        "EBIT": 309000000.0,
        "Net Interest Income": -15000000.0,
        "Interest Expense": 21000000.0,
        "Interest Income": 6000000.0,
        "Normalized Income": 232000000.0,
        "Net Income From Continuing And Discontinued Operation": 216000000.0,
        "Total Expenses": 3446000000.0,
        "Total Operating Income As Reported": 272000000.0,
        "Diluted Average Shares": 238000000.0,
        "Basic Average Shares": 236900000.0,
        "Diluted EPS": 0.91,
        "Basic EPS": 0.91,
        "Diluted NI Availto Com Stockholders": 216000000.0,
        "Net Income Common Stockholders": 216000000.0,
        "Net Income": 216000000.0,
        "Minority Interests": -15000000.0,
        "Net Income Including Noncontrolling Interests": 231000000.0,
        "Net Income Continuous Operations": 231000000.0,
        "Tax Provision": 57000000.0,
        "Pretax Income": 288000000.0,
        "Other Income Expense": -10000000.0,
        "Other Non Operating Income Expenses": -1000000.0,
        "Special Income Charges": -31000000.0,
        "Gain On Sale Of Ppe": NaN,
        "Gain On Sale Of Business": 0.0,
        "Other Special Charges": NaN,
        "Restructuring And Mergern Acquisition": 31000000.0,
        "Earnings From Equity Interest": 11000000.0,
        "Gain On Sale Of Security": 11000000.0,
        "Net Non Operating Interest Income Expense": -15000000.0,
        "Interest Expense Non Operating": 21000000.0,
        "Interest Income Non Operating": 6000000.0,
        "Operating Income": 313000000.0,
        "Operating Expense": 399000000.0,
        "Other Operating Expenses": 5000000.0,
        "Selling General And Administration": 394000000.0,
        "General And Administrative Expense": 394000000.0,
        "Other Gand A": 394000000.0,
        "Gross Profit": 712000000.0,
        "Cost Of Revenue": 3047000000.0,
        "Total Revenue": 3759000000.0,
        "Operating Revenue": 3759000000.0
    },
    "2023-06-30": {
        "Tax Effect Of Unusual Items": -37440000.0,
        "Tax Rate For Calcs": 0.32,
        "Normalized EBITDA": 693000000.0,
        "Total Unusual Items": -117000000.0,
        "Total Unusual Items Excluding Goodwill": -117000000.0,
        "Net Income From Continuing Operation Net Minority Interest": 204000000.0,
        "Reconciled Depreciation": 227000000.0,
        "Reconciled Cost Of Revenue": 3652000000.0,
        "EBITDA": 576000000.0,
        "EBIT": 349000000.0,
        "Net Interest Income": -12000000.0,
        "Interest Expense": 21000000.0,
        "Interest Income": 9000000.0,
        "Normalized Income": 283560000.0,
        "Net Income From Continuing And Discontinued Operation": 204000000.0,
        "Total Expenses": 4077000000.0,
        "Total Operating Income As Reported": 383000000.0,
        "Diluted Average Shares": 235063020.0,
        "Basic Average Shares": 235063020.0,
        "Diluted EPS": 0.87,
        "Basic EPS": 0.870406,
        "Diluted NI Availto Com Stockholders": 204000000.0,
        "Net Income Common Stockholders": 204000000.0,
        "Net Income": 204000000.0,
        "Minority Interests": -18000000.0,
        "Net Income Including Noncontrolling Interests": 222000000.0,
        "Net Income Discontinuous Operations": NaN,
        "Net Income Continuous Operations": 222000000.0,
        "Tax Provision": 106000000.0,
        "Pretax Income": 328000000.0,
        "Other Income Expense": -103000000.0,
        "Other Non Operating Income Expenses": NaN,
        "Special Income Charges": -63000000.0,
        "Gain On Sale Of Ppe": 6000000.0,
        "Gain On Sale Of Business": 5000000.0,
        "Other Special Charges": 9000000.0,
        "Impairment Of Capital Assets": NaN,
        "Restructuring And Mergern Acquisition": 65000000.0,
        "Earnings From Equity Interest": 14000000.0,
        "Gain On Sale Of Security": -54000000.0,
        "Net Non Operating Interest Income Expense": -12000000.0,
        "Interest Expense Non Operating": 21000000.0,
        "Interest Income Non Operating": 9000000.0,
        "Operating Income": 443000000.0,
        "Operating Expense": 425000000.0,
        "Other Operating Expenses": 3000000.0,
        "Selling General And Administration": 422000000.0,
        "General And Administrative Expense": 422000000.0,
        "Other Gand A": 422000000.0,
        "Salaries And Wages": NaN,
        "Gross Profit": 868000000.0,
        "Cost Of Revenue": 3652000000.0,
        "Total Revenue": 4520000000.0,
        "Operating Revenue": 4520000000.0
    },
    "2022-03-31": {
        "Diluted EPS": 0.84,
        "Total Revenue": NaN,
        "Gross Profit": 750,
        "Operating Income": 352,
        "EBIT": 532,
        "Net Income": 200
    },
    "2021-12-31": {
        "Diluted EPS": 0.54,
        "Total Revenue": NaN,
        "Gross Profit": 625,
        "Operating Income": 178,
        "EBIT": 365,
        "Net Income": 129
    },
    "2021-09-30": {
        "Diluted EPS": 0.4,
        "Total Revenue": NaN,
        "Gross Profit": 650,
        "Operating Income": 253,
        "EBIT": 448,
        "Net Income": 96
    },
    "2021-06-30": {
        "Diluted EPS": 1.03,
        "Total Revenue": NaN,
        "Gross Profit": 762,
        "Operating Income": 317,
        "EBIT": 512,
        "Net Income": 247
    },
    "2021-03-31": {
        "Diluted EPS": 0.27,
        "Total Revenue": NaN,
        "Gross Profit": 818,
        "Operating Income": 403,
        "EBIT": 598,
        "Net Income": 65
    },
    "2020-12-31": {
        "Diluted EPS": 1.65,
        "Total Revenue": NaN,
        "Gross Profit": 772,
        "Operating Income": 214,
        "EBIT": 443,
        "Net Income": 358
    },
    "2020-09-30": {
        "Diluted EPS": 0.53,
        "Total Revenue": NaN,
        "Gross Profit": 517,
        "Operating Income": 284,
        "EBIT": 399,
        "Net Income": 111
    },
    "2020-06-30": {
        "Diluted EPS": -0.47,
        "Total Revenue": NaN,
        "Gross Profit": 174,
        "Operating Income": -78,
        "EBIT": 34,
        "Net Income": -98
    },
    "2020-03-31": {
        "Diluted EPS": 0.63,
        "Total Revenue": NaN,
        "Gross Profit": 447,
        "Operating Income": 198,
        "EBIT": 310,
        "Net Income": 129
    },
    "2019-12-31": {
        "Diluted EPS": 1.07,
        "Total Revenue": NaN,
        "Gross Profit": 545,
        "Operating Income": 478,
        "EBIT": 593,
        "Net Income": 220
    },
    "2019-09-30": {
        "Diluted EPS": 0.94,
        "Total Revenue": NaN,
        "Gross Profit": 524,
        "Operating Income": 276,
        "EBIT": 386,
        "Net Income": 194
    },
    "2019-06-30": {
        "Diluted EPS": 0.83,
        "Total Revenue": NaN,
        "Gross Profit": 513,
        "Operating Income": 285,
        "EBIT": 392,
        "Net Income": 172
    },
    "2019-03-31": {
        "Diluted EPS": 0.77,
        "Total Revenue": NaN,
        "Gross Profit": 519,
        "Operating Income": 264,
        "EBIT": 371,
        "Net Income": 160
    },
    "2018-12-31": {
        "Diluted EPS": 1.09,
        "Total Revenue": NaN,
        "Gross Profit": 544,
        "Operating Income": 266,
        "EBIT": 371,
        "Net Income": 230
    },
    "2018-09-30": {
        "Diluted EPS": 0.98,
        "Total Revenue": NaN,
        "Gross Profit": 515,
        "Operating Income": 278,
        "EBIT": 386,
        "Net Income": 204
    },
    "2018-06-30": {
        "Diluted EPS": 1.3,
        "Total Revenue": NaN,
        "Gross Profit": 580,
        "Operating Income": 313,
        "EBIT": 422,
        "Net Income": 272
    },
    "2018-03-31": {
        "Diluted EPS": 1.07,
        "Total Revenue": NaN,
        "Gross Profit": 591,
        "Operating Income": 333,
        "EBIT": 442,
        "Net Income": 225
    },
    "2017-12-31": {
        "Diluted EPS": -0.69,
        "Total Revenue": NaN,
        "Gross Profit": 564,
        "Operating Income": 208,
        "EBIT": 314,
        "Net Income": -146
    },
    "2017-09-30": {
        "Diluted EPS": 0.88,
        "Total Revenue": NaN,
        "Gross Profit": 522,
        "Operating Income": 275,
        "EBIT": 380,
        "Net Income": 185
    },
    "2017-06-30": {
        "Diluted EPS": 1.0,
        "Total Revenue": NaN,
        "Gross Profit": 513,
        "Operating Income": 298,
        "EBIT": 398,
        "Net Income": 212
    },
    "2017-03-31": {
        "Diluted EPS": 0.89,
        "Total Revenue": NaN,
        "Gross Profit": 516,
        "Operating Income": 292,
        "EBIT": 389,
        "Net Income": 189
    },
    "2016-12-31": {
        "Diluted EPS": 0.86,
        "Total Revenue": NaN,
        "Gross Profit": 497,
        "Operating Income": 289,
        "EBIT": 390,
        "Net Income": 183
    },
    "2016-09-30": {
        "Diluted EPS": 0.39,
        "Total Revenue": NaN,
        "Gross Profit": 471,
        "Operating Income": 150,
        "EBIT": 248,
        "Net Income": 83
    },
    "2016-06-30": {
        "Diluted EPS": 0.76,
        "Total Revenue": NaN,
        "Gross Profit": 497,
        "Operating Income": 269,
        "EBIT": 368,
        "Net Income": 164
    },
    "2016-03-31": {
        "Diluted EPS": 0.75,
        "Total Revenue": NaN,
        "Gross Profit": 464,
        "Operating Income": 264,
        "EBIT": 359,
        "Net Income": 164
    },
    "2015-12-31": {
        "Diluted EPS": 0.42,
        "Total Revenue": NaN,
        "Gross Profit": 447,
        "Operating Income": 149,
        "EBIT": 233,
        "Net Income": 93
    },
    "2015-09-30": {
        "Diluted EPS": 0.7,
        "Total Revenue": NaN,
        "Gross Profit": 398,
        "Operating Income": 237,
        "EBIT": 315,
        "Net Income": 157
    },
    "2015-06-30": {
        "Diluted EPS": 0.65,
        "Total Revenue": NaN,
        "Gross Profit": 429,
        "Operating Income": 243,
        "EBIT": 323,
        "Net Income": 148
    },
    "2015-03-31": {
        "Diluted EPS": 0.79,
        "Total Revenue": NaN,
        "Gross Profit": 429,
        "Operating Income": 260,
        "EBIT": 337,
        "Net Income": 179
    },
    "2014-12-31": {
        "Diluted EPS": 0.61,
        "Total Revenue": NaN,
        "Gross Profit": 413,
        "Operating Income": 212,
        "EBIT": 296,
        "Net Income": 140
    },
    "2014-09-30": {
        "Diluted EPS": 0.73,
        "Total Revenue": NaN,
        "Gross Profit": 425,
        "Operating Income": 238,
        "EBIT": 320,
        "Net Income": 167
    },
    "2014-06-30": {
        "Diluted EPS": 0.83,
        "Total Revenue": NaN,
        "Gross Profit": 473,
        "Operating Income": 281,
        "EBIT": 366,
        "Net Income": 190
    },
    "2014-03-31": {
        "Diluted EPS": 0.69,
        "Total Revenue": NaN,
        "Gross Profit": 446,
        "Operating Income": 233,
        "EBIT": 313,
        "Net Income": 159
    },
    "2013-12-31": {
        "Diluted EPS": 0.62,
        "Total Revenue": NaN,
        "Gross Profit": 407,
        "Operating Income": 188,
        "EBIT": 265,
        "Net Income": 141
    },
    "2013-09-30": {
        "Diluted EPS": 0.72,
        "Total Revenue": NaN,
        "Gross Profit": 380,
        "Operating Income": 226,
        "EBIT": 297,
        "Net Income": 167
    },
    "2013-06-30": {
        "Diluted EPS": 0.75,
        "Total Revenue": NaN,
        "Gross Profit": 397,
        "Operating Income": 243,
        "EBIT": 319,
        "Net Income": 174
    },
    "2013-03-31": {
        "Diluted EPS": 0.61,
        "Total Revenue": NaN,
        "Gross Profit": 375,
        "Operating Income": 199,
        "EBIT": 273,
        "Net Income": 142
    },
    "2012-12-31": {
        "Diluted EPS": 0.53,
        "Total Revenue": NaN,
        "Gross Profit": 344,
        "Operating Income": 171,
        "EBIT": 243,
        "Net Income": 121
    },
    "2012-09-30": {
        "Diluted EPS": 0.43,
        "Total Revenue": NaN,
        "Gross Profit": 344,
        "Operating Income": 163,
        "EBIT": 233,
        "Net Income": 101
    },
    "2012-06-30": {
        "Diluted EPS": 0.5,
        "Total Revenue": NaN,
        "Gross Profit": 383,
        "Operating Income": 194,
        "EBIT": 265,
        "Net Income": 121
    },
    "2012-03-31": {
        "Diluted EPS": 0.64,
        "Total Revenue": NaN,
        "Gross Profit": 396,
        "Operating Income": 226,
        "EBIT": 301,
        "Net Income": 158
    },
    "2011-12-31": {
        "Diluted EPS": 0.49,
        "Total Revenue": NaN,
        "Gross Profit": 360,
        "Operating Income": 191,
        "EBIT": 269,
        "Net Income": 122
    },
    "2011-09-30": {
        "Diluted EPS": 0.58,
        "Total Revenue": NaN,
        "Gross Profit": 351,
        "Operating Income": 199,
        "EBIT": 274,
        "Net Income": 142
    },
    "2011-06-30": {
        "Diluted EPS": 0.66,
        "Total Revenue": NaN,
        "Gross Profit": 357,
        "Operating Income": 228,
        "EBIT": 306,
        "Net Income": 162
    },
    "2011-03-31": {
        "Diluted EPS": 0.5,
        "Total Revenue": NaN,
        "Gross Profit": 343,
        "Operating Income": 179,
        "EBIT": 252,
        "Net Income": 125
    },
    "2010-12-31": {
        "Diluted EPS": 0.45,
        "Total Revenue": NaN,
        "Gross Profit": 306,
        "Operating Income": 157,
        "EBIT": 223,
        "Net Income": 112
    },
    "2010-09-30": {
        "Diluted EPS": 0.44,
        "Total Revenue": NaN,
        "Gross Profit": 273,
        "Operating Income": 123,
        "EBIT": 192,
        "Net Income": 107
    },
    "2010-06-30": {
        "Diluted EPS": 0.34,
        "Total Revenue": NaN,
        "Gross Profit": 275,
        "Operating Income": 117,
        "EBIT": 186,
        "Net Income": 83
    },
    "2010-03-31": {
        "Diluted EPS": 0.32,
        "Total Revenue": NaN,
        "Gross Profit": 239,
        "Operating Income": 107,
        "EBIT": 175,
        "Net Income": 76
    },
    "2009-12-31": {
        "Diluted EPS": 0.23,
        "Total Revenue": NaN,
        "Gross Profit": 213,
        "Operating Income": 67,
        "EBIT": 141,
        "Net Income": 53
    },
    "2009-09-30": {
        "Diluted EPS": 0.08,
        "Total Revenue": NaN,
        "Gross Profit": 152,
        "Operating Income": 28,
        "EBIT": 98,
        "Net Income": 17
    },
    "2009-06-30": {
        "Diluted EPS": -0.16,
        "Total Revenue": 916,
        "Gross Profit": 116,
        "Operating Income": -50,
        "EBIT": 18,
        "Net Income": -36
    },
    "2009-03-31": {
        "Diluted EPS": -0.03,
        "Total Revenue": 820,
        "Gross Profit": 80,
        "Operating Income": 6,
        "EBIT": 69,
        "Net Income": -7
    },
    "2023-09-30": {
        "Tax Effect Of Unusual Items": -23730000.0,
        "Tax Rate For Calcs": 0.21,
        "Normalized EBITDA": 490000000.0,
        "Total Unusual Items": -113000000.0,
        "Total Unusual Items Excluding Goodwill": -113000000.0,
        "Net Income From Continuing Operation Net Minority Interest": 87000000.0,
        "Reconciled Depreciation": 58000000.0,
        "Reconciled Cost Of Revenue": 2970000000.0,
        "EBITDA": 377000000.0,
        "EBIT": 319000000.0,
        "Net Interest Income": 19000000.0,
        "Interest Expense": NaN,
        "Interest Income": 19000000.0,
        "Normalized Income": 176270000.0,
        "Net Income From Continuing And Discontinued Operation": 50000000.0,
        "Total Expenses": 3303000000.0,
        "Total Operating Income As Reported": 272000000.0,
        "Diluted Average Shares": 235300000.0,
        "Basic Average Shares": 233400000.0,
        "Diluted EPS": 0.21,
        "Basic EPS": 0.21,
        "Diluted NI Availto Com Stockholders": 50000000.0,
        "Net Income Common Stockholders": 50000000.0,
        "Net Income": 50000000.0,
        "Minority Interests": -18000000.0,
        "Net Income Including Noncontrolling Interests": 68000000.0,
        "Net Income Discontinuous Operations": -37000000.0,
        "Net Income Continuous Operations": 105000000.0,
        "Tax Provision": 133000000.0,
        "Pretax Income": 238000000.0,
        "Other Income Expense": -100000000.0,
        "Other Non Operating Income Expenses": 3000000.0,
        "Special Income Charges": -53000000.0,
        "Gain On Sale Of Ppe": 7000000.0,
        "Gain On Sale Of Business": 0.0,
        "Other Special Charges": NaN,
        "Impairment Of Capital Assets": 2000000.0,
        "Restructuring And Mergern Acquisition": 58000000.0,
        "Earnings From Equity Interest": 10000000.0,
        "Gain On Sale Of Security": -60000000.0,
        "Net Non Operating Interest Income Expense": 19000000.0,
        "Interest Expense Non Operating": NaN,
        "Interest Income Non Operating": 19000000.0,
        "Operating Income": 319000000.0,
        "Operating Expense": 333000000.0,
        "Other Operating Expenses": NaN,
        "Selling General And Administration": 333000000.0,
        "General And Administrative Expense": 333000000.0,
        "Other Gand A": 330000000.0,
        "Salaries And Wages": 3000000.0,
        "Gross Profit": 652000000.0,
        "Cost Of Revenue": 2970000000.0,
        "Total Revenue": 3622000000.0,
        "Operating Revenue": 3622000000.0
    },
    "2023-12-31": {
        "Tax Effect Of Unusual Items": -10563318.777293,
        "Tax Rate For Calcs": 0.257642,
        "Normalized EBITDA": 495000000.0,
        "Total Unusual Items": -41000000.0,
        "Total Unusual Items Excluding Goodwill": -41000000.0,
        "Net Income From Continuing Operation Net Minority Interest": 149000000.0,
        "Reconciled Depreciation": 155000000.0,
        "Reconciled Cost Of Revenue": 2863000000.0,
        "EBITDA": 454000000.0,
        "EBIT": 299000000.0,
        "Net Interest Income": -35000000.0,
        "Interest Expense": 70000000.0,
        "Interest Income": NaN,
        "Normalized Income": 179436681.222707,
        "Net Income From Continuing And Discontinued Operation": 154000000.0,
        "Total Expenses": 3212000000.0,
        "Total Operating Income As Reported": 281000000.0,
        "Diluted Average Shares": 233600000.0,
        "Basic Average Shares": 229783795.0,
        "Diluted EPS": 0.66,
        "Basic EPS": 0.670195,
        "Diluted NI Availto Com Stockholders": 154000000.0,
        "Net Income Common Stockholders": 154000000.0,
        "Net Income": 154000000.0,
        "Minority Interests": -21000000.0,
        "Net Income Including Noncontrolling Interests": 175000000.0,
        "Net Income Discontinuous Operations": 5000000.0,
        "Net Income Continuous Operations": 170000000.0,
        "Tax Provision": 59000000.0,
        "Pretax Income": 229000000.0,
        "Other Income Expense": -46000000.0,
        "Other Non Operating Income Expenses": NaN,
        "Special Income Charges": 4000000.0,
        "Gain On Sale Of Ppe": 0.0,
        "Gain On Sale Of Business": 0.0,
        "Other Special Charges": -47000000.0,
        "Impairment Of Capital Assets": 27000000.0,
        "Restructuring And Mergern Acquisition": 16000000.0,
        "Earnings From Equity Interest": 7000000.0,
        "Gain On Sale Of Security": -45000000.0,
        "Net Non Operating Interest Income Expense": -35000000.0,
        "Interest Expense Non Operating": 70000000.0,
        "Interest Income Non Operating": NaN,
        "Operating Income": 310000000.0,
        "Operating Expense": 349000000.0,
        "Other Operating Expenses": NaN,
        "Selling General And Administration": 360000000.0,
        "General And Administrative Expense": 360000000.0,
        "Other Gand A": 353000000.0,
        "Salaries And Wages": 7000000.0,
        "Gross Profit": 659000000.0,
        "Cost Of Revenue": 2863000000.0,
        "Total Revenue": 3522000000.0,
        "Operating Revenue": 3522000000.0
    },
    "2024-03-31": {
        "Tax Effect Of Unusual Items": -4830000.0,
        "Tax Rate For Calcs": 0.21,
        "Normalized EBITDA": 478000000.0,
        "Total Unusual Items": -23000000.0,
        "Total Unusual Items Excluding Goodwill": -23000000.0,
        "Net Income From Continuing Operation Net Minority Interest": 213000000.0,
        "Reconciled Depreciation": 150000000.0,
        "Reconciled Cost Of Revenue": 2951000000.0,
        "EBITDA": 455000000.0,
        "EBIT": 305000000.0,
        "Net Interest Income": -5000000.0,
        "Interest Expense": 15000000.0,
        "Interest Income": 10000000.0,
        "Normalized Income": 231170000.0,
        "Net Income From Continuing And Discontinued Operation": 206000000.0,
        "Total Expenses": 3282000000.0,
        "Total Operating Income As Reported": 295000000.0,
        "Diluted Average Shares": 228300000.0,
        "Basic Average Shares": 227700000.0,
        "Diluted EPS": 0.9,
        "Basic EPS": 0.91,
        "Diluted NI Availto Com Stockholders": 206000000.0,
        "Net Income Common Stockholders": 206000000.0,
        "Net Income": 206000000.0,
        "Minority Interests": -15000000.0,
        "Net Income Including Noncontrolling Interests": 221000000.0,
        "Net Income Discontinuous Operations": -7000000.0,
        "Net Income Continuous Operations": 228000000.0,
        "Tax Provision": 62000000.0,
        "Pretax Income": 290000000.0,
        "Other Income Expense": -18000000.0,
        "Other Non Operating Income Expenses": NaN,
        "Special Income Charges": -21000000.0,
        "Gain On Sale Of Ppe": NaN,
        "Gain On Sale Of Business": NaN,
        "Other Special Charges": NaN,
        "Impairment Of Capital Assets": NaN,
        "Restructuring And Mergern Acquisition": 21000000.0,
        "Earnings From Equity Interest": 5000000.0,
        "Gain On Sale Of Security": -2000000.0,
        "Net Non Operating Interest Income Expense": -5000000.0,
        "Interest Expense Non Operating": 15000000.0,
        "Interest Income Non Operating": 10000000.0,
        "Operating Income": 313000000.0,
        "Operating Expense": 331000000.0,
        "Other Operating Expenses": -1000000.0,
        "Selling General And Administration": 332000000.0,
        "General And Administrative Expense": 332000000.0,
        "Other Gand A": 329000000.0,
        "Salaries And Wages": 3000000.0,
        "Gross Profit": 644000000.0,
        "Cost Of Revenue": 2951000000.0,
        "Total Revenue": 3595000000.0,
        "Operating Revenue": 3595000000.0
    },
    "2024-06-30": {
        "Tax Effect Of Unusual Items": -5250000.0,
        "Tax Rate For Calcs": 0.21,
        "Normalized EBITDA": 500000000.0,
        "Total Unusual Items": -25000000.0,
        "Total Unusual Items Excluding Goodwill": -25000000.0,
        "Net Income From Continuing Operation Net Minority Interest": 315000000.0,
        "Reconciled Depreciation": 160000000.0,
        "Reconciled Cost Of Revenue": 2918000000.0,
        "EBITDA": 475000000.0,
        "EBIT": 315000000.0,
        "Net Interest Income": -8000000.0,
        "Interest Expense": 17000000.0,
        "Interest Income": 9000000.0,
        "Normalized Income": 334750000.0,
        "Net Income From Continuing And Discontinued Operation": 303000000.0,
        "Total Expenses": 3284000000.0,
        "Total Operating Income As Reported": 297000000.0,
        "Diluted Average Shares": NaN,
        "Basic Average Shares": NaN,
        "Diluted EPS": NaN,
        "Basic EPS": NaN,
        "Diluted NI Availto Com Stockholders": 303000000.0,
        "Net Income Common Stockholders": 303000000.0,
        "Net Income": 303000000.0,
        "Minority Interests": -14000000.0,
        "Net Income Including Noncontrolling Interests": 317000000.0,
        "Net Income Discontinuous Operations": -12000000.0,
        "Net Income Continuous Operations": 329000000.0,
        "Tax Provision": -31000000.0,
        "Pretax Income": 298000000.0,
        "Other Income Expense": -13000000.0,
        "Other Non Operating Income Expenses": NaN,
        "Special Income Charges": -25000000.0,
        "Gain On Sale Of Ppe": NaN,
        "Gain On Sale Of Business": NaN,
        "Other Special Charges": NaN,
        "Impairment Of Capital Assets": NaN,
        "Restructuring And Mergern Acquisition": 25000000.0,
        "Earnings From Equity Interest": 12000000.0,
        "Gain On Sale Of Security": NaN,
        "Net Non Operating Interest Income Expense": -8000000.0,
        "Interest Expense Non Operating": 17000000.0,
        "Interest Income Non Operating": 9000000.0,
        "Operating Income": 319000000.0,
        "Operating Expense": 366000000.0,
        "Other Operating Expenses": 22000000.0,
        "Selling General And Administration": 344000000.0,
        "General And Administrative Expense": 344000000.0,
        "Other Gand A": 341000000.0,
        "Salaries And Wages": 3000000.0,
        "Gross Profit": 685000000.0,
        "Cost Of Revenue": 2918000000.0,
        "Total Revenue": 3603000000.0,
        "Operating Revenue": 3603000000.0
    }
}