{
    "2023-03-31": {
        "Tax Effect Of Unusual Items": NaN,
        "Tax Rate For Calcs": NaN,
        "Normalized EBITDA": NaN,
        "Net Income From Continuing Operation Net Minority Interest": NaN,
        "Reconciled Depreciation": NaN,
        "Reconciled Cost Of Revenue": NaN,
        "EBITDA": NaN,
        "EBIT": NaN,
        "Net Interest Income": NaN,
        "Interest Expense": 17000.0,
        "Interest Income": 1424000.0,
        "Normalized Income": NaN,
        "Net Income From Continuing And Discontinued Operation": NaN,
        "Total Expenses": NaN,
        "Total Operating Income As Reported": NaN,
        "Diluted Average Shares": NaN,
        "Basic Average Shares": NaN,
        "Diluted EPS": NaN,
        "Basic EPS": NaN,
        "Diluted NI Availto Com Stockholders": NaN,
        "Net Income Common Stockholders": NaN,
        "Net Income": NaN,
        "Net Income Including Noncontrolling Interests": NaN,
        "Net Income Continuous Operations": NaN,
        "Tax Provision": NaN,
        "Pretax Income": NaN,
        "Net Non Operating Interest Income Expense": NaN,
        "Total Other Finance Cost": -1407000.0,
        "Interest Expense Non Operating": 17000.0,
        "Interest Income Non Operating": 1424000.0,
        "Operating Income": NaN,
        "Operating Expense": NaN,
        "Research And Development": NaN,
        "Selling General And Administration": NaN,
        "Selling And Marketing Expense": NaN,
        "General And Administrative Expense": NaN,
        "Other Gand A": NaN,
        "Gross Profit": NaN,
        "Cost Of Revenue": NaN,
        "Total Revenue": NaN,
        "Operating Revenue": NaN
    },
    "2022-12-31": {
        "Tax Effect Of Unusual Items": NaN,
        "Tax Rate For Calcs": NaN,
        "Normalized EBITDA": NaN,
        "Net Income From Continuing Operation Net Minority Interest": NaN,
        "Reconciled Depreciation": NaN,
        "Reconciled Cost Of Revenue": NaN,
        "EBITDA": NaN,
        "EBIT": NaN,
        "Net Interest Income": NaN,
        "Interest Expense": -706000.0,
        "Interest Income": NaN,
        "Normalized Income": NaN,
        "Net Income From Continuing And Discontinued Operation": NaN,
        "Total Expenses": NaN,
        "Total Operating Income As Reported": NaN,
        "Diluted Average Shares": NaN,
        "Basic Average Shares": NaN,
        "Diluted EPS": NaN,
        "Basic EPS": NaN,
        "Diluted NI Availto Com Stockholders": NaN,
        "Net Income Common Stockholders": NaN,
        "Net Income": NaN,
        "Net Income Including Noncontrolling Interests": NaN,
        "Net Income Continuous Operations": NaN,
        "Tax Provision": NaN,
        "Pretax Income": NaN,
        "Net Non Operating Interest Income Expense": NaN,
        "Total Other Finance Cost": NaN,
        "Interest Expense Non Operating": -706000.0,
        "Interest Income Non Operating": NaN,
        "Operating Income": NaN,
        "Operating Expense": NaN,
        "Research And Development": NaN,
        "Selling General And Administration": NaN,
        "Selling And Marketing Expense": NaN,
        "General And Administrative Expense": NaN,
        "Other Gand A": NaN,
        "Gross Profit": NaN,
        "Cost Of Revenue": NaN,
        "Total Revenue": NaN,
        "Operating Revenue": NaN
    },
    "2022-09-30": {
        "Tax Effect Of Unusual Items": NaN,
        "Tax Rate For Calcs": NaN,
        "Normalized EBITDA": NaN,
        "Net Income From Continuing Operation Net Minority Interest": NaN,
        "Reconciled Depreciation": NaN,
        "Reconciled Cost Of Revenue": NaN,
        "EBITDA": NaN,
        "EBIT": NaN,
        "Net Interest Income": NaN,
        "Interest Expense": 99000.0,
        "Interest Income": NaN,
        "Normalized Income": NaN,
        "Net Income From Continuing And Discontinued Operation": NaN,
        "Total Expenses": NaN,
        "Total Operating Income As Reported": NaN,
        "Diluted Average Shares": NaN,
        "Basic Average Shares": NaN,
        "Diluted EPS": NaN,
        "Basic EPS": NaN,
        "Diluted NI Availto Com Stockholders": NaN,
        "Net Income Common Stockholders": NaN,
        "Net Income": NaN,
        "Net Income Including Noncontrolling Interests": NaN,
        "Net Income Continuous Operations": NaN,
        "Tax Provision": NaN,
        "Pretax Income": NaN,
        "Net Non Operating Interest Income Expense": NaN,
        "Total Other Finance Cost": 99000.0,
        "Interest Expense Non Operating": 99000.0,
        "Interest Income Non Operating": NaN,
        "Operating Income": NaN,
        "Operating Expense": NaN,
        "Research And Development": NaN,
        "Selling General And Administration": NaN,
        "Selling And Marketing Expense": NaN,
        "General And Administrative Expense": NaN,
        "Other Gand A": NaN,
        "Gross Profit": NaN,
        "Cost Of Revenue": NaN,
        "Total Revenue": NaN,
        "Operating Revenue": NaN
    },
    "2022-06-30": {
        "Tax Effect Of Unusual Items": 0.0,
        "Tax Rate For Calcs": 0.4,
        "Normalized EBITDA": -1608000.0,
        "Net Income From Continuing Operation Net Minority Interest": -2450000.0,
        "Reconciled Depreciation": 400000.0,
        "Reconciled Cost Of Revenue": 2192000.0,
        "EBITDA": -1608000.0,
        "EBIT": -2008000.0,
        "Net Interest Income": -329000.0,
        "Interest Expense": 329000.0,
        "Normalized Income": -2450000.0,
        "Net Income From Continuing And Discontinued Operation": -2450000.0,
        "Total Expenses": 10014000.0,
        "Total Operating Income As Reported": -2008000.0,
        "Diluted Average Shares": 17500000.0,
        "Basic Average Shares": 17500000.0,
        "Diluted EPS": -0.14,
        "Basic EPS": -0.14,
        "Diluted NI Availto Com Stockholders": -2450000.0,
        "Net Income Common Stockholders": -2450000.0,
        "Net Income": -2450000.0,
        "Net Income Including Noncontrolling Interests": -2450000.0,
        "Net Income Continuous Operations": -2450000.0,
        "Tax Provision": 113000.0,
        "Pretax Income": -2337000.0,
        "Net Non Operating Interest Income Expense": -329000.0,
        "Total Other Finance Cost": NaN,
        "Interest Expense Non Operating": 329000.0,
        "Operating Income": -2008000.0,
        "Operating Expense": 7822000.0,
        "Research And Development": 1731000.0,
        "Selling General And Administration": 6091000.0,
        "Selling And Marketing Expense": 4552000.0,
        "General And Administrative Expense": 1539000.0,
        "Other Gand A": 1539000.0,
        "Gross Profit": 5814000.0,
        "Cost Of Revenue": 2192000.0,
        "Total Revenue": 8006000.0,
        "Operating Revenue": 8006000.0
    },
    "2022-03-31": {
        "Diluted EPS": -0.1,
        "Total Revenue": 8,
        "Gross Profit": 6,
        "Operating Income": -1,
        "EBIT": -1,
        "Net Income": -2
    },
    "2021-12-31": {
        "Diluted EPS": -0.1,
        "Total Revenue": 8,
        "Gross Profit": 7,
        "Operating Income": -1,
        "EBIT": -1,
        "Net Income": -1
    },
    "2021-09-30": {
        "Diluted EPS": -0.1,
        "Total Revenue": 8,
        "Gross Profit": 6,
        "Operating Income": -1,
        "EBIT": -1,
        "Net Income": -2
    },
    "2021-06-30": {
        "Diluted EPS": -0.12,
        "Total Revenue": 7,
        "Gross Profit": 6,
        "Operating Income": -2,
        "EBIT": -1,
        "Net Income": -2
    },
    "2021-03-31": {
        "Diluted EPS": -0.1,
        "Total Revenue": 6,
        "Gross Profit": 5,
        "Operating Income": -1,
        "EBIT": 0,
        "Net Income": -1
    },
    "2020-12-31": {
        "Diluted EPS": -0.04,
        "Total Revenue": 7,
        "Gross Profit": 6,
        "Operating Income": 0,
        "EBIT": -1,
        "Net Income": 0
    },
    "2020-09-30": {
        "Diluted EPS": -0.08,
        "Total Revenue": 6,
        "Gross Profit": 5,
        "Operating Income": -1,
        "EBIT": 0,
        "Net Income": -1
    },
    "2020-06-30": {
        "Diluted EPS": -0.06,
        "Total Revenue": 5,
        "Gross Profit": 4,
        "Operating Income": 0,
        "EBIT": 0,
        "Net Income": -1
    },
    "2020-03-31": {
        "Diluted EPS": -0.3,
        "Total Revenue": 4,
        "Gross Profit": 3,
        "Operating Income": -4,
        "EBIT": -3,
        "Net Income": -3
    },
    "2019-12-31": {
        "Diluted EPS": -0.2,
        "Total Revenue": 6,
        "Gross Profit": 5,
        "Operating Income": -2,
        "EBIT": -1,
        "Net Income": -2
    },
    "2019-09-30": {
        "Diluted EPS": -0.24,
        "Total Revenue": 6,
        "Gross Profit": 5,
        "Operating Income": -2,
        "EBIT": -1,
        "Net Income": -3
    },
    "2019-06-30": {
        "Diluted EPS": -0.34,
        "Total Revenue": 6,
        "Gross Profit": 4,
        "Operating Income": -3,
        "EBIT": -2,
        "Net Income": -3
    },
    "2019-03-31": {
        "Diluted EPS": -0.22,
        "Total Revenue": 5,
        "Gross Profit": 4,
        "Operating Income": -2,
        "EBIT": -1,
        "Net Income": -2
    },
    "2018-12-31": {
        "Diluted EPS": -0.24,
        "Total Revenue": 5,
        "Gross Profit": 4,
        "Operating Income": -2,
        "EBIT": -2,
        "Net Income": -2
    },
    "2018-09-30": {
        "Diluted EPS": -0.18,
        "Total Revenue": 4,
        "Gross Profit": 3,
        "Operating Income": -1,
        "EBIT": -1,
        "Net Income": -1
    },
    "2018-06-30": {
        "Diluted EPS": -0.24,
        "Total Revenue": 4,
        "Gross Profit": 3,
        "Operating Income": -1,
        "EBIT": -1,
        "Net Income": -2
    },
    "2018-03-31": {
        "Diluted EPS": -0.12,
        "Total Revenue": 4,
        "Gross Profit": 3,
        "Operating Income": -1,
        "EBIT": -1,
        "Net Income": -1
    },
    "2017-12-31": {
        "Diluted EPS": 0.0,
        "Total Revenue": NaN,
        "Gross Profit": NaN,
        "Operating Income": NaN,
        "EBIT": NaN,
        "Net Income": NaN
    },
    "2017-09-30": {
        "Diluted EPS": -0.24,
        "Total Revenue": 3,
        "Gross Profit": 2,
        "Operating Income": -1,
        "EBIT": -1,
        "Net Income": -2
    },
    "2023-06-30": {
        "Tax Effect Of Unusual Items": 0.0,
        "Tax Rate For Calcs": 0.23,
        "Normalized EBITDA": -560000.0,
        "Net Income From Continuing Operation Net Minority Interest": -1663000.0,
        "Reconciled Depreciation": 340000.0,
        "Reconciled Cost Of Revenue": 2095000.0,
        "EBITDA": -560000.0,
        "EBIT": -900000.0,
        "Net Interest Income": -135000.0,
        "Interest Expense": 578000.0,
        "Interest Income": 443000.0,
        "Normalized Income": -1663000.0,
        "Net Income From Continuing And Discontinued Operation": -1663000.0,
        "Total Expenses": 9172000.0,
        "Total Operating Income As Reported": -1343000.0,
        "Diluted Average Shares": 16630000.0,
        "Basic Average Shares": 16630000.0,
        "Diluted EPS": -0.1,
        "Basic EPS": -0.1,
        "Diluted NI Availto Com Stockholders": -1663000.0,
        "Net Income Common Stockholders": -1663000.0,
        "Net Income": -1663000.0,
        "Net Income Including Noncontrolling Interests": -1663000.0,
        "Net Income Continuous Operations": -1663000.0,
        "Tax Provision": 185000.0,
        "Pretax Income": -1478000.0,
        "Net Non Operating Interest Income Expense": -135000.0,
        "Total Other Finance Cost": 135000.0,
        "Interest Expense Non Operating": 578000.0,
        "Interest Income Non Operating": 443000.0,
        "Operating Income": -1343000.0,
        "Operating Expense": 7077000.0,
        "Research And Development": 1902000.0,
        "Selling General And Administration": 5175000.0,
        "Selling And Marketing Expense": 3983000.0,
        "General And Administrative Expense": 1192000.0,
        "Other Gand A": 1192000.0,
        "Gross Profit": 5734000.0,
        "Cost Of Revenue": 2095000.0,
        "Total Revenue": 7829000.0,
        "Operating Revenue": 7829000.0
    },
    "2023-09-30": {
        "Tax Effect Of Unusual Items": 0.0,
        "Tax Rate For Calcs": 0.23,
        "Normalized EBITDA": 199000.0,
        "Net Income From Continuing Operation Net Minority Interest": -230000.0,
        "Reconciled Depreciation": 332000.0,
        "Reconciled Cost Of Revenue": 2131000.0,
        "EBITDA": 199000.0,
        "EBIT": -133000.0,
        "Net Interest Income": -38000.0,
        "Interest Expense": NaN,
        "Interest Income": NaN,
        "Normalized Income": -230000.0,
        "Net Income From Continuing And Discontinued Operation": -230000.0,
        "Total Expenses": 8435000.0,
        "Total Operating Income As Reported": -133000.0,
        "Diluted Average Shares": 16598527.0,
        "Basic Average Shares": 16598527.0,
        "Diluted EPS": -0.02,
        "Basic EPS": -0.02,
        "Diluted NI Availto Com Stockholders": -230000.0,
        "Net Income Common Stockholders": -230000.0,
        "Net Income": -230000.0,
        "Net Income Including Noncontrolling Interests": -230000.0,
        "Net Income Continuous Operations": -230000.0,
        "Tax Provision": 59000.0,
        "Pretax Income": -171000.0,
        "Net Non Operating Interest Income Expense": -38000.0,
        "Total Other Finance Cost": 38000.0,
        "Interest Expense Non Operating": NaN,
        "Interest Income Non Operating": NaN,
        "Operating Income": -133000.0,
        "Operating Expense": 6304000.0,
        "Research And Development": 1544000.0,
        "Selling General And Administration": 4760000.0,
        "Selling And Marketing Expense": 3602000.0,
        "General And Administrative Expense": 1158000.0,
        "Other Gand A": 1158000.0,
        "Gross Profit": 6171000.0,
        "Cost Of Revenue": 2131000.0,
        "Total Revenue": 8302000.0,
        "Operating Revenue": 8302000.0
    },
    "2023-12-31": {
        "Tax Effect Of Unusual Items": 0.0,
        "Tax Rate For Calcs": 0.23,
        "Normalized EBITDA": 1584000.0,
        "Net Income From Continuing Operation Net Minority Interest": 127000.0,
        "Reconciled Depreciation": 339000.0,
        "Reconciled Cost Of Revenue": 2290000.0,
        "EBITDA": 1584000.0,
        "EBIT": 1245000.0,
        "Net Interest Income": -160000.0,
        "Interest Expense": NaN,
        "Interest Income": NaN,
        "Normalized Income": 127000.0,
        "Net Income From Continuing And Discontinued Operation": 127000.0,
        "Total Expenses": 8845000.0,
        "Total Operating Income As Reported": 10102000.0,
        "Diluted Average Shares": 16621095.0,
        "Basic Average Shares": 16621095.0,
        "Diluted EPS": 0.007641,
        "Basic EPS": 0.007641,
        "Diluted NI Availto Com Stockholders": 127000.0,
        "Net Income Common Stockholders": 127000.0,
        "Net Income": 127000.0,
        "Net Income Including Noncontrolling Interests": 127000.0,
        "Net Income Continuous Operations": 127000.0,
        "Tax Provision": -164000.0,
        "Pretax Income": -37000.0,
        "Net Non Operating Interest Income Expense": -160000.0,
        "Total Other Finance Cost": 2283000.0,
        "Interest Expense Non Operating": NaN,
        "Interest Income Non Operating": NaN,
        "Operating Income": 184000.0,
        "Operating Expense": 6555000.0,
        "Research And Development": 1434000.0,
        "Selling General And Administration": 4988000.0,
        "Selling And Marketing Expense": -6577000.0,
        "General And Administrative Expense": 11565000.0,
        "Other Gand A": -1499000.0,
        "Gross Profit": 6739000.0,
        "Cost Of Revenue": 2290000.0,
        "Total Revenue": 9029000.0,
        "Operating Revenue": 9029000.0
    },
    "2024-03-31": {
        "Tax Effect Of Unusual Items": 0.0,
        "Tax Rate For Calcs": 0.23,
        "Normalized EBITDA": 1028000.0,
        "Net Income From Continuing Operation Net Minority Interest": 111000.0,
        "Reconciled Depreciation": 317000.0,
        "Reconciled Cost Of Revenue": 2283000.0,
        "EBITDA": 1028000.0,
        "EBIT": 711000.0,
        "Net Interest Income": 190000.0,
        "Interest Expense": 428000.0,
        "Interest Income": 618000.0,
        "Normalized Income": 111000.0,
        "Net Income From Continuing And Discontinued Operation": 111000.0,
        "Total Expenses": 9002000.0,
        "Total Operating Income As Reported": 93000.0,
        "Diluted Average Shares": 16636992.0,
        "Basic Average Shares": 16636992.0,
        "Diluted EPS": 0.006672,
        "Basic EPS": 0.006672,
        "Diluted NI Availto Com Stockholders": 111000.0,
        "Net Income Common Stockholders": 111000.0,
        "Net Income": 111000.0,
        "Net Income Including Noncontrolling Interests": 111000.0,
        "Net Income Continuous Operations": 111000.0,
        "Tax Provision": 172000.0,
        "Pretax Income": 283000.0,
        "Net Non Operating Interest Income Expense": 190000.0,
        "Total Other Finance Cost": NaN,
        "Interest Expense Non Operating": 428000.0,
        "Interest Income Non Operating": 618000.0,
        "Operating Income": 93000.0,
        "Operating Expense": 6719000.0,
        "Research And Development": 1626000.0,
        "Selling General And Administration": 5093000.0,
        "Selling And Marketing Expense": 3827000.0,
        "General And Administrative Expense": 1266000.0,
        "Other Gand A": 1266000.0,
        "Gross Profit": 6812000.0,
        "Cost Of Revenue": 2283000.0,
        "Total Revenue": 9095000.0,
        "Operating Revenue": 9095000.0
    },
    "2024-06-30": {
        "Tax Effect Of Unusual Items": 0.0,
        "Tax Rate For Calcs": 0.146515,
        "Normalized EBITDA": 1402000.0,
        "Net Income From Continuing Operation Net Minority Interest": 600000.0,
        "Reconciled Depreciation": 298000.0,
        "Reconciled Cost Of Revenue": 2468000.0,
        "EBITDA": 1402000.0,
        "EBIT": 1104000.0,
        "Net Interest Income": 117000.0,
        "Interest Expense": 401000.0,
        "Interest Income": 518000.0,
        "Normalized Income": 600000.0,
        "Net Income From Continuing And Discontinued Operation": 600000.0,
        "Total Expenses": 9419000.0,
        "Total Operating Income As Reported": 586000.0,
        "Diluted Average Shares": 15000000.0,
        "Basic Average Shares": 15000000.0,
        "Diluted EPS": 0.04,
        "Basic EPS": 0.04,
        "Diluted NI Availto Com Stockholders": 600000.0,
        "Net Income Common Stockholders": 600000.0,
        "Net Income": 600000.0,
        "Net Income Including Noncontrolling Interests": 600000.0,
        "Net Income Continuous Operations": 600000.0,
        "Tax Provision": 103000.0,
        "Pretax Income": 703000.0,
        "Net Non Operating Interest Income Expense": 117000.0,
        "Total Other Finance Cost": NaN,
        "Interest Expense Non Operating": 401000.0,
        "Interest Income Non Operating": 518000.0,
        "Operating Income": 586000.0,
        "Operating Expense": 6951000.0,
        "Research And Development": 1711000.0,
        "Selling General And Administration": 5240000.0,
        "Selling And Marketing Expense": 3796000.0,
        "General And Administrative Expense": 1444000.0,
        "Other Gand A": 1444000.0,
        "Gross Profit": 7537000.0,
        "Cost Of Revenue": 2468000.0,
        "Total Revenue": 10005000.0,
        "Operating Revenue": 10005000.0
    }
}