{
    "2023-03-31": {
        "Tax Effect Of Unusual Items": 0.0,
        "Tax Rate For Calcs": 0.0,
        "Normalized EBITDA": -4685000.0,
        "Total Unusual Items": NaN,
        "Total Unusual Items Excluding Goodwill": NaN,
        "Net Income From Continuing Operation Net Minority Interest": -7386000.0,
        "Reconciled Depreciation": 3000.0,
        "Reconciled Cost Of Revenue": NaN,
        "EBITDA": -4685000.0,
        "EBIT": -4688000.0,
        "Normalized Income": -7386000.0,
        "Net Income From Continuing And Discontinued Operation": 11404000.0,
        "Total Expenses": 4688000.0,
        "Total Operating Income As Reported": -4688000.0,
        "Diluted Average Shares": 2322607.0,
        "Basic Average Shares": 2322607.0,
        "Diluted EPS": 4.91,
        "Basic EPS": 4.91,
        "Diluted NI Availto Com Stockholders": 11404000.0,
        "Net Income Common Stockholders": 11404000.0,
        "Net Income": 11404000.0,
        "Net Income Including Noncontrolling Interests": 11404000.0,
        "Net Income Discontinuous Operations": 18790000.0,
        "Net Income Continuous Operations": -7386000.0,
        "Pretax Income": -7386000.0,
        "Other Income Expense": -2698000.0,
        "Other Non Operating Income Expenses": -2698000.0,
        "Special Income Charges": NaN,
        "Write Off": NaN,
        "Impairment Of Capital Assets": NaN,
        "Restructuring And Mergern Acquisition": NaN,
        "Gain On Sale Of Security": NaN,
        "Operating Income": -4688000.0,
        "Operating Expense": 4688000.0,
        "Depreciation Amortization Depletion Income Statement": NaN,
        "Depreciation And Amortization In Income Statement": NaN,
        "Amortization": NaN,
        "Amortization Of Intangibles Income Statement": NaN,
        "Research And Development": 2917000.0,
        "Selling General And Administration": 1771000.0,
        "General And Administrative Expense": NaN,
        "Other Gand A": NaN,
        "Gross Profit": NaN,
        "Cost Of Revenue": NaN,
        "Total Revenue": 0.0,
        "Operating Revenue": 0.0
    },
    "2022-12-31": {
        "Tax Effect Of Unusual Items": 0.0,
        "Tax Rate For Calcs": 0.0,
        "Normalized EBITDA": -6689000.0,
        "Total Unusual Items": -923000.0,
        "Total Unusual Items Excluding Goodwill": -923000.0,
        "Net Income From Continuing Operation Net Minority Interest": -9249000.0,
        "Reconciled Depreciation": 65000.0,
        "Reconciled Cost Of Revenue": 4792000.0,
        "EBITDA": -7612000.0,
        "EBIT": -7677000.0,
        "Normalized Income": -8326000.0,
        "Net Income From Continuing And Discontinued Operation": -9249000.0,
        "Total Expenses": 7987000.0,
        "Total Operating Income As Reported": -8600000.0,
        "Diluted Average Shares": 1623913.0,
        "Basic Average Shares": 1623913.0,
        "Diluted EPS": -12.33,
        "Basic EPS": -12.33,
        "Diluted NI Availto Com Stockholders": -9249000.0,
        "Net Income Common Stockholders": -9249000.0,
        "Net Income": -9249000.0,
        "Net Income Including Noncontrolling Interests": -9249000.0,
        "Net Income Discontinuous Operations": NaN,
        "Net Income Continuous Operations": -9249000.0,
        "Pretax Income": -9249000.0,
        "Other Income Expense": -1572000.0,
        "Other Non Operating Income Expenses": -649000.0,
        "Special Income Charges": -923000.0,
        "Write Off": NaN,
        "Impairment Of Capital Assets": 2430000.0,
        "Restructuring And Mergern Acquisition": -1507000.0,
        "Gain On Sale Of Security": 0.0,
        "Operating Income": -7677000.0,
        "Operating Expense": 3195000.0,
        "Depreciation Amortization Depletion Income Statement": 65000.0,
        "Depreciation And Amortization In Income Statement": 65000.0,
        "Amortization": 65000.0,
        "Amortization Of Intangibles Income Statement": 65000.0,
        "Research And Development": 1038000.0,
        "Selling General And Administration": 2092000.0,
        "General And Administrative Expense": NaN,
        "Other Gand A": NaN,
        "Gross Profit": -4482000.0,
        "Cost Of Revenue": 4792000.0,
        "Total Revenue": 310000.0,
        "Operating Revenue": 310000.0
    },
    "2022-09-30": {
        "Tax Effect Of Unusual Items": 0.0,
        "Tax Rate For Calcs": 0.0,
        "Normalized EBITDA": 17245000.0,
        "Total Unusual Items": -22629000.0,
        "Total Unusual Items Excluding Goodwill": -22629000.0,
        "Net Income From Continuing Operation Net Minority Interest": -29205000.0,
        "Reconciled Depreciation": 683000.0,
        "Reconciled Cost Of Revenue": 1169000.0,
        "EBITDA": -5384000.0,
        "EBIT": -6067000.0,
        "Normalized Income": -6576000.0,
        "Net Income From Continuing And Discontinued Operation": -29205000.0,
        "Total Expenses": 6305000.0,
        "Total Operating Income As Reported": -28696000.0,
        "Diluted Average Shares": 295903.0,
        "Basic Average Shares": 295903.0,
        "Diluted EPS": -98.8,
        "Basic EPS": -98.8,
        "Diluted NI Availto Com Stockholders": -29205000.0,
        "Net Income Common Stockholders": -29205000.0,
        "Net Income": -29205000.0,
        "Net Income Including Noncontrolling Interests": -29205000.0,
        "Net Income Discontinuous Operations": NaN,
        "Net Income Continuous Operations": -29205000.0,
        "Pretax Income": -29205000.0,
        "Other Income Expense": -23138000.0,
        "Other Non Operating Income Expenses": -509000.0,
        "Special Income Charges": -22630000.0,
        "Write Off": 17746000.0,
        "Impairment Of Capital Assets": 3662000.0,
        "Restructuring And Mergern Acquisition": 1222000.0,
        "Gain On Sale Of Security": 1000.0,
        "Operating Income": -6067000.0,
        "Operating Expense": 5097000.0,
        "Depreciation Amortization Depletion Income Statement": 644000.0,
        "Depreciation And Amortization In Income Statement": 644000.0,
        "Amortization": 644000.0,
        "Amortization Of Intangibles Income Statement": 644000.0,
        "Research And Development": 645000.0,
        "Selling General And Administration": 3808000.0,
        "General And Administrative Expense": NaN,
        "Other Gand A": NaN,
        "Gross Profit": -970000.0,
        "Cost Of Revenue": 1208000.0,
        "Total Revenue": 238000.0,
        "Operating Revenue": 238000.0
    },
    "2022-06-30": {
        "Tax Effect Of Unusual Items": 0.0,
        "Tax Rate For Calcs": 0.0,
        "Normalized EBITDA": -3633000.0,
        "Total Unusual Items": -1326000.0,
        "Total Unusual Items Excluding Goodwill": -1326000.0,
        "Net Income From Continuing Operation Net Minority Interest": -7531000.0,
        "Reconciled Depreciation": 687000.0,
        "Reconciled Cost Of Revenue": 318000.0,
        "EBITDA": -4959000.0,
        "EBIT": -5646000.0,
        "Normalized Income": -6205000.0,
        "Net Income From Continuing And Discontinued Operation": -7531000.0,
        "Total Expenses": 5946000.0,
        "Total Operating Income As Reported": -6972000.0,
        "Diluted Average Shares": 179541.0,
        "Basic Average Shares": 179541.0,
        "Diluted EPS": -41.95,
        "Basic EPS": -41.95,
        "Diluted NI Availto Com Stockholders": -7531000.0,
        "Average Dilution Earnings": 0.0,
        "Net Income Common Stockholders": -7531000.0,
        "Net Income": -7531000.0,
        "Net Income Including Noncontrolling Interests": -7531000.0,
        "Net Income Discontinuous Operations": NaN,
        "Net Income Continuous Operations": -7531000.0,
        "Pretax Income": -7531000.0,
        "Other Income Expense": -1885000.0,
        "Other Non Operating Income Expenses": -559000.0,
        "Special Income Charges": -1327000.0,
        "Write Off": NaN,
        "Impairment Of Capital Assets": NaN,
        "Restructuring And Mergern Acquisition": 1327000.0,
        "Gain On Sale Of Security": 1000.0,
        "Operating Income": -5646000.0,
        "Operating Expense": 5585000.0,
        "Depreciation Amortization Depletion Income Statement": 644000.0,
        "Depreciation And Amortization In Income Statement": 644000.0,
        "Amortization": 644000.0,
        "Amortization Of Intangibles Income Statement": 644000.0,
        "Research And Development": 912000.0,
        "Selling General And Administration": 4029000.0,
        "General And Administrative Expense": NaN,
        "Other Gand A": NaN,
        "Gross Profit": -61000.0,
        "Cost Of Revenue": 361000.0,
        "Total Revenue": 300000.0,
        "Operating Revenue": 300000.0
    },
    "2022-03-31": {
        "Diluted EPS": -126.87,
        "Total Revenue": NaN,
        "Gross Profit": NaN,
        "Operating Income": -8,
        "EBIT": -8,
        "Net Income": -13
    },
    "2021-12-31": {
        "Diluted EPS": 585.64,
        "Total Revenue": 0,
        "Gross Profit": 0,
        "Operating Income": 30,
        "EBIT": 31,
        "Net Income": 29
    },
    "2021-09-30": {
        "Diluted EPS": -281.2,
        "Total Revenue": 0,
        "Gross Profit": 0,
        "Operating Income": -16,
        "EBIT": -16,
        "Net Income": -17
    },
    "2021-06-30": {
        "Diluted EPS": -287.2,
        "Total Revenue": 0,
        "Gross Profit": 0,
        "Operating Income": -16,
        "EBIT": -16,
        "Net Income": -15
    },
    "2021-03-31": {
        "Diluted EPS": -378.4,
        "Total Revenue": 0,
        "Gross Profit": -1,
        "Operating Income": -16,
        "EBIT": -16,
        "Net Income": -17
    },
    "2020-12-31": {
        "Diluted EPS": NaN,
        "Total Revenue": 0,
        "Gross Profit": 0,
        "Operating Income": -16,
        "EBIT": -16,
        "Net Income": -17
    },
    "2020-09-30": {
        "Diluted EPS": 867.13,
        "Total Revenue": 0,
        "Gross Profit": 0,
        "Operating Income": 12,
        "EBIT": 13,
        "Net Income": 12
    },
    "2020-06-30": {
        "Diluted EPS": NaN,
        "Total Revenue": 0,
        "Gross Profit": 0,
        "Operating Income": -30,
        "EBIT": -29,
        "Net Income": -30
    },
    "2020-03-31": {
        "Diluted EPS": NaN,
        "Total Revenue": NaN,
        "Gross Profit": NaN,
        "Operating Income": -40,
        "EBIT": -40,
        "Net Income": -40
    },
    "2019-12-31": {
        "Diluted EPS": 0.0,
        "Total Revenue": NaN,
        "Gross Profit": NaN,
        "Operating Income": NaN,
        "EBIT": NaN,
        "Net Income": NaN
    },
    "2019-09-30": {
        "Diluted EPS": NaN,
        "Total Revenue": NaN,
        "Gross Profit": NaN,
        "Operating Income": -10,
        "EBIT": -10,
        "Net Income": -10
    },
    "2023-06-30": {
        "Tax Effect Of Unusual Items": 0.0,
        "Tax Rate For Calcs": 0.0,
        "Normalized EBITDA": -1020000.0,
        "Total Unusual Items": -3012000.0,
        "Total Unusual Items Excluding Goodwill": -3012000.0,
        "Net Income From Continuing Operation Net Minority Interest": -7301000.0,
        "Reconciled Depreciation": 1000.0,
        "Reconciled Cost Of Revenue": NaN,
        "EBITDA": -4032000.0,
        "EBIT": -4033000.0,
        "Normalized Income": -4289000.0,
        "Net Income From Continuing And Discontinued Operation": -7375000.0,
        "Total Expenses": 4033000.0,
        "Total Operating Income As Reported": -7045000.0,
        "Diluted Average Shares": 4885215.0,
        "Basic Average Shares": 4885215.0,
        "Diluted EPS": -1.51,
        "Basic EPS": -1.51,
        "Diluted NI Availto Com Stockholders": -7375000.0,
        "Net Income Common Stockholders": -7375000.0,
        "Net Income": -7375000.0,
        "Net Income Including Noncontrolling Interests": -7375000.0,
        "Net Income Discontinuous Operations": -74000.0,
        "Net Income Continuous Operations": -7301000.0,
        "Pretax Income": -7301000.0,
        "Other Income Expense": -3268000.0,
        "Other Non Operating Income Expenses": -256000.0,
        "Special Income Charges": -142000.0,
        "Write Off": NaN,
        "Impairment Of Capital Assets": NaN,
        "Restructuring And Mergern Acquisition": 142000.0,
        "Gain On Sale Of Security": -2870000.0,
        "Operating Income": -4033000.0,
        "Operating Expense": 4033000.0,
        "Depreciation Amortization Depletion Income Statement": NaN,
        "Depreciation And Amortization In Income Statement": NaN,
        "Amortization": NaN,
        "Amortization Of Intangibles Income Statement": NaN,
        "Research And Development": 1779000.0,
        "Selling General And Administration": 2254000.0,
        "General And Administrative Expense": 2254000.0,
        "Other Gand A": 2254000.0,
        "Gross Profit": NaN,
        "Cost Of Revenue": NaN,
        "Total Revenue": 0.0,
        "Operating Revenue": 0.0
    }
}