{
    "2023-03-31": {
        "Tax Effect Of Unusual Items": 0.0,
        "Tax Rate For Calcs": 0.297,
        "Net Income From Continuing Operation Net Minority Interest": 1573000.0,
        "Reconciled Depreciation": 270000.0,
        "Net Interest Income": 8274000.0,
        "Interest Expense": 2900000.0,
        "Interest Income": 11174000.0,
        "Normalized Income": 1573000.0,
        "Net Income From Continuing And Discontinued Operation": 1573000.0,
        "Diluted Average Shares": 8970648.0,
        "Basic Average Shares": 8930270.0,
        "Diluted EPS": 0.17,
        "Basic EPS": 0.18,
        "Diluted NI Availto Com Stockholders": 1566000.0,
        "Net Income Common Stockholders": 1566000.0,
        "Otherunder Preferred Stock Dividend": 7000.0,
        "Net Income": 1573000.0,
        "Minority Interests": -22000.0,
        "Net Income Including Noncontrolling Interests": 1595000.0,
        "Net Income Continuous Operations": 1595000.0,
        "Tax Provision": 674000.0,
        "Pretax Income": 2269000.0,
        "Depreciation Amortization Depletion Income Statement": 98000.0,
        "Depreciation And Amortization In Income Statement": 98000.0,
        "Amortization": 98000.0,
        "Amortization Of Intangibles Income Statement": 98000.0,
        "Selling General And Administration": 3879000.0,
        "Selling And Marketing Expense": 68000.0,
        "General And Administrative Expense": 3811000.0,
        "Insurance And Claims": 62000.0,
        "Salaries And Wages": 3749000.0,
        "Total Revenue": 8563000.0,
        "Operating Revenue": 8563000.0,
        "Occupancy And Equipment": 303000.0,
        "Professional Expense And Contract Services Expense": 505000.0,
        "Other Non Interest Expense": 1421000.0
    },
    "2022-12-31": {
        "Tax Effect Of Unusual Items": NaN,
        "Tax Rate For Calcs": NaN,
        "Net Income From Continuing Operation Net Minority Interest": NaN,
        "Reconciled Depreciation": NaN,
        "Net Interest Income": NaN,
        "Interest Expense": NaN,
        "Interest Income": NaN,
        "Normalized Income": NaN,
        "Net Income From Continuing And Discontinued Operation": NaN,
        "Diluted Average Shares": 9406250.0,
        "Basic Average Shares": 9406250.0,
        "Diluted EPS": 0.16,
        "Basic EPS": 0.16,
        "Diluted NI Availto Com Stockholders": NaN,
        "Net Income Common Stockholders": NaN,
        "Otherunder Preferred Stock Dividend": NaN,
        "Net Income": NaN,
        "Minority Interests": NaN,
        "Net Income Including Noncontrolling Interests": NaN,
        "Net Income Continuous Operations": NaN,
        "Tax Provision": NaN,
        "Pretax Income": NaN,
        "Depreciation Amortization Depletion Income Statement": NaN,
        "Depreciation And Amortization In Income Statement": NaN,
        "Amortization": NaN,
        "Amortization Of Intangibles Income Statement": NaN,
        "Selling General And Administration": NaN,
        "Selling And Marketing Expense": NaN,
        "General And Administrative Expense": NaN,
        "Insurance And Claims": NaN,
        "Salaries And Wages": NaN,
        "Total Revenue": NaN,
        "Operating Revenue": NaN,
        "Occupancy And Equipment": NaN,
        "Professional Expense And Contract Services Expense": NaN,
        "Other Non Interest Expense": NaN
    },
    "2022-09-30": {
        "Tax Effect Of Unusual Items": NaN,
        "Tax Rate For Calcs": NaN,
        "Net Income From Continuing Operation Net Minority Interest": NaN,
        "Reconciled Depreciation": NaN,
        "Net Interest Income": NaN,
        "Interest Expense": NaN,
        "Interest Income": NaN,
        "Normalized Income": NaN,
        "Net Income From Continuing And Discontinued Operation": NaN,
        "Diluted Average Shares": NaN,
        "Basic Average Shares": NaN,
        "Diluted EPS": NaN,
        "Basic EPS": NaN,
        "Diluted NI Availto Com Stockholders": NaN,
        "Net Income Common Stockholders": NaN,
        "Otherunder Preferred Stock Dividend": NaN,
        "Net Income": NaN,
        "Minority Interests": NaN,
        "Net Income Including Noncontrolling Interests": NaN,
        "Net Income Continuous Operations": NaN,
        "Tax Provision": NaN,
        "Pretax Income": NaN,
        "Depreciation Amortization Depletion Income Statement": NaN,
        "Depreciation And Amortization In Income Statement": NaN,
        "Amortization": NaN,
        "Amortization Of Intangibles Income Statement": NaN,
        "Selling General And Administration": NaN,
        "Selling And Marketing Expense": NaN,
        "General And Administrative Expense": NaN,
        "Other Gand A": 774000.0,
        "Insurance And Claims": NaN,
        "Salaries And Wages": NaN,
        "Total Revenue": NaN,
        "Operating Revenue": NaN
    },
    "2022-06-30": {
        "Tax Effect Of Unusual Items": 0.0,
        "Tax Rate For Calcs": 0.2938,
        "Net Income From Continuing Operation Net Minority Interest": 1854000.0,
        "Reconciled Depreciation": 651000.0,
        "Net Interest Income": 8038000.0,
        "Interest Expense": 463000.0,
        "Interest Income": 8501000.0,
        "Normalized Income": 1854000.0,
        "Net Income From Continuing And Discontinued Operation": 1854000.0,
        "Diluted Average Shares": 72989021.0,
        "Basic Average Shares": 72527974.0,
        "Diluted EPS": 0.03,
        "Basic EPS": 0.03,
        "Diluted NI Availto Com Stockholders": 1842000.0,
        "Net Income Common Stockholders": 1842000.0,
        "Otherunder Preferred Stock Dividend": 12000.0,
        "Net Income": 1854000.0,
        "Minority Interests": 1000.0,
        "Net Income Including Noncontrolling Interests": 1853000.0,
        "Net Income Continuous Operations": 1853000.0,
        "Tax Provision": 757000.0,
        "Pretax Income": 2610000.0,
        "Depreciation Amortization Depletion Income Statement": 108000.0,
        "Depreciation And Amortization In Income Statement": 108000.0,
        "Amortization": 108000.0,
        "Amortization Of Intangibles Income Statement": 108000.0,
        "Selling General And Administration": 4290000.0,
        "Selling And Marketing Expense": NaN,
        "General And Administrative Expense": 4290000.0,
        "Other Gand A": 929000.0,
        "Insurance And Claims": 54000.0,
        "Salaries And Wages": 3307000.0,
        "Total Revenue": 8299000.0,
        "Operating Revenue": 8299000.0
    },
    "2022-03-31": {
        "Diluted EPS": 0.01,
        "Total Revenue": 8,
        "Gross Profit": 7,
        "Operating Income": 1,
        "EBIT": NaN,
        "Net Income": 1
    },
    "2021-12-31": {
        "Diluted EPS": 0.05,
        "Total Revenue": 7,
        "Gross Profit": 7,
        "Operating Income": -2,
        "EBIT": NaN,
        "Net Income": -1
    },
    "2021-09-30": {
        "Diluted EPS": 0.0,
        "Total Revenue": 8,
        "Gross Profit": 7,
        "Operating Income": 0,
        "EBIT": NaN,
        "Net Income": 0
    },
    "2021-06-30": {
        "Diluted EPS": 0.01,
        "Total Revenue": 9,
        "Gross Profit": 8,
        "Operating Income": 3,
        "EBIT": NaN,
        "Net Income": 1
    },
    "2021-03-31": {
        "Diluted EPS": -0.13,
        "Total Revenue": 4,
        "Gross Profit": 3,
        "Operating Income": -6,
        "EBIT": NaN,
        "Net Income": -3
    },
    "2020-12-31": {
        "Diluted EPS": -0.02,
        "Total Revenue": 4,
        "Gross Profit": 3,
        "Operating Income": -1,
        "EBIT": NaN,
        "Net Income": -1
    },
    "2020-09-30": {
        "Diluted EPS": -0.01,
        "Total Revenue": 5,
        "Gross Profit": 4,
        "Operating Income": 0,
        "EBIT": NaN,
        "Net Income": 0
    },
    "2020-06-30": {
        "Diluted EPS": 0.01,
        "Total Revenue": 5,
        "Gross Profit": 3,
        "Operating Income": 0,
        "EBIT": NaN,
        "Net Income": 0
    },
    "2020-03-31": {
        "Diluted EPS": -0.0,
        "Total Revenue": 5,
        "Gross Profit": 3,
        "Operating Income": 0,
        "EBIT": NaN,
        "Net Income": 0
    },
    "2019-12-31": {
        "Diluted EPS": 0.0,
        "Total Revenue": 5,
        "Gross Profit": 3,
        "Operating Income": 0,
        "EBIT": NaN,
        "Net Income": 0
    },
    "2019-09-30": {
        "Diluted EPS": -0.01,
        "Total Revenue": 4,
        "Gross Profit": 3,
        "Operating Income": 0,
        "EBIT": NaN,
        "Net Income": 0
    },
    "2019-06-30": {
        "Diluted EPS": -0.01,
        "Total Revenue": 4,
        "Gross Profit": 3,
        "Operating Income": 0,
        "EBIT": NaN,
        "Net Income": 0
    },
    "2019-03-31": {
        "Diluted EPS": 0.01,
        "Total Revenue": 5,
        "Gross Profit": 3,
        "Operating Income": 0,
        "EBIT": NaN,
        "Net Income": 0
    },
    "2018-12-31": {
        "Diluted EPS": 0.0,
        "Total Revenue": 4,
        "Gross Profit": 3,
        "Operating Income": 0,
        "EBIT": NaN,
        "Net Income": 0
    },
    "2018-09-30": {
        "Diluted EPS": 0.03,
        "Total Revenue": 4,
        "Gross Profit": 3,
        "Operating Income": 1,
        "EBIT": NaN,
        "Net Income": 1
    },
    "2018-06-30": {
        "Diluted EPS": 0.0,
        "Total Revenue": 4,
        "Gross Profit": 3,
        "Operating Income": 0,
        "EBIT": NaN,
        "Net Income": 0
    },
    "2018-03-31": {
        "Diluted EPS": 0.0,
        "Total Revenue": 4,
        "Gross Profit": 3,
        "Operating Income": 0,
        "EBIT": NaN,
        "Net Income": 0
    },
    "2017-12-31": {
        "Diluted EPS": -0.02,
        "Total Revenue": 4,
        "Gross Profit": 3,
        "Operating Income": 0,
        "EBIT": NaN,
        "Net Income": 0
    },
    "2017-09-30": {
        "Diluted EPS": 0.02,
        "Total Revenue": 5,
        "Gross Profit": 4,
        "Operating Income": 1,
        "EBIT": NaN,
        "Net Income": 1
    },
    "2017-06-30": {
        "Diluted EPS": 0.02,
        "Total Revenue": 4,
        "Gross Profit": 3,
        "Operating Income": 1,
        "EBIT": NaN,
        "Net Income": 1
    },
    "2017-03-31": {
        "Diluted EPS": 0.05,
        "Total Revenue": 5,
        "Gross Profit": 4,
        "Operating Income": 2,
        "EBIT": NaN,
        "Net Income": 1
    },
    "2016-12-31": {
        "Diluted EPS": 0.08,
        "Total Revenue": 4,
        "Gross Profit": 3,
        "Operating Income": 0,
        "EBIT": NaN,
        "Net Income": 2
    },
    "2016-09-30": {
        "Diluted EPS": 0.01,
        "Total Revenue": 4,
        "Gross Profit": 3,
        "Operating Income": 0,
        "EBIT": NaN,
        "Net Income": 0
    },
    "2016-06-30": {
        "Diluted EPS": 0.01,
        "Total Revenue": 4,
        "Gross Profit": 3,
        "Operating Income": 0,
        "EBIT": NaN,
        "Net Income": 0
    },
    "2016-03-31": {
        "Diluted EPS": 0.02,
        "Total Revenue": 4,
        "Gross Profit": 3,
        "Operating Income": 1,
        "EBIT": NaN,
        "Net Income": 1
    },
    "2015-12-31": {
        "Diluted EPS": 0.2,
        "Total Revenue": 4,
        "Gross Profit": 3,
        "Operating Income": 1,
        "EBIT": NaN,
        "Net Income": 6
    },
    "2015-09-30": {
        "Diluted EPS": 0.03,
        "Total Revenue": 5,
        "Gross Profit": 4,
        "Operating Income": 1,
        "EBIT": NaN,
        "Net Income": 1
    },
    "2015-06-30": {
        "Diluted EPS": 0.04,
        "Total Revenue": 5,
        "Gross Profit": 4,
        "Operating Income": 1,
        "EBIT": NaN,
        "Net Income": 1
    },
    "2015-03-31": {
        "Diluted EPS": 0.04,
        "Total Revenue": 5,
        "Gross Profit": 4,
        "Operating Income": 1,
        "EBIT": NaN,
        "Net Income": 1
    },
    "2014-12-31": {
        "Diluted EPS": 0.02,
        "Total Revenue": 5,
        "Gross Profit": 4,
        "Operating Income": 1,
        "EBIT": NaN,
        "Net Income": 1
    },
    "2014-09-30": {
        "Diluted EPS": 0.04,
        "Total Revenue": 4,
        "Gross Profit": 3,
        "Operating Income": 1,
        "EBIT": NaN,
        "Net Income": 1
    },
    "2014-06-30": {
        "Diluted EPS": 0.0,
        "Total Revenue": 4,
        "Gross Profit": 3,
        "Operating Income": 0,
        "EBIT": NaN,
        "Net Income": 0
    },
    "2014-03-31": {
        "Diluted EPS": 0.05,
        "Total Revenue": 4,
        "Gross Profit": 3,
        "Operating Income": 1,
        "EBIT": NaN,
        "Net Income": 1
    },
    "2013-12-31": {
        "Diluted EPS": 0.16,
        "Total Revenue": 4,
        "Gross Profit": 3,
        "Operating Income": 0,
        "EBIT": NaN,
        "Net Income": 0
    },
    "2013-09-30": {
        "Diluted EPS": 0.05,
        "Total Revenue": 5,
        "Gross Profit": 4,
        "Operating Income": 1,
        "EBIT": NaN,
        "Net Income": 0
    },
    "2013-06-30": {
        "Diluted EPS": -0.29,
        "Total Revenue": 4,
        "Gross Profit": 3,
        "Operating Income": 0,
        "EBIT": NaN,
        "Net Income": -1
    },
    "2013-03-31": {
        "Diluted EPS": -0.05,
        "Total Revenue": 4,
        "Gross Profit": 3,
        "Operating Income": -1,
        "EBIT": NaN,
        "Net Income": -1
    },
    "2012-12-31": {
        "Diluted EPS": -0.63,
        "Total Revenue": 5,
        "Gross Profit": 3,
        "Operating Income": -1,
        "EBIT": NaN,
        "Net Income": -1
    },
    "2012-09-30": {
        "Diluted EPS": -0.48,
        "Total Revenue": 5,
        "Gross Profit": 3,
        "Operating Income": -1,
        "EBIT": NaN,
        "Net Income": -1
    },
    "2012-06-30": {
        "Diluted EPS": 0.81,
        "Total Revenue": 8,
        "Gross Profit": 6,
        "Operating Income": 2,
        "EBIT": NaN,
        "Net Income": 1
    },
    "2012-03-31": {
        "Diluted EPS": -0.08,
        "Total Revenue": 6,
        "Gross Profit": 4,
        "Operating Income": 0,
        "EBIT": NaN,
        "Net Income": 0
    },
    "2011-12-31": {
        "Diluted EPS": -2.95,
        "Total Revenue": 6,
        "Gross Profit": 4,
        "Operating Income": -5,
        "EBIT": NaN,
        "Net Income": -5
    },
    "2011-09-30": {
        "Diluted EPS": -4.47,
        "Total Revenue": 6,
        "Gross Profit": 4,
        "Operating Income": -4,
        "EBIT": NaN,
        "Net Income": -8
    },
    "2011-06-30": {
        "Diluted EPS": -1.15,
        "Total Revenue": 7,
        "Gross Profit": 5,
        "Operating Income": -3,
        "EBIT": NaN,
        "Net Income": -2
    },
    "2011-03-31": {
        "Diluted EPS": -0.24,
        "Total Revenue": 7,
        "Gross Profit": 5,
        "Operating Income": 0,
        "EBIT": NaN,
        "Net Income": 0
    },
    "2010-12-31": {
        "Diluted EPS": -0.02,
        "Total Revenue": 8,
        "Gross Profit": 6,
        "Operating Income": 0,
        "EBIT": NaN,
        "Net Income": -1
    },
    "2010-09-30": {
        "Diluted EPS": -0.25,
        "Total Revenue": 8,
        "Gross Profit": 6,
        "Operating Income": 0,
        "EBIT": NaN,
        "Net Income": 0
    },
    "2010-06-30": {
        "Diluted EPS": 0.32,
        "Total Revenue": 8,
        "Gross Profit": 6,
        "Operating Income": 1,
        "EBIT": NaN,
        "Net Income": 1
    },
    "2010-03-31": {
        "Diluted EPS": 0.39,
        "Total Revenue": 8,
        "Gross Profit": 6,
        "Operating Income": 2,
        "EBIT": NaN,
        "Net Income": 1
    },
    "2009-12-31": {
        "Diluted EPS": -4.44,
        "Total Revenue": 9,
        "Gross Profit": 6,
        "Operating Income": -13,
        "EBIT": NaN,
        "Net Income": -7
    },
    "2009-09-30": {
        "Diluted EPS": 0.1,
        "Total Revenue": 8,
        "Gross Profit": 5,
        "Operating Income": 1,
        "EBIT": NaN,
        "Net Income": 0
    },
    "2009-06-30": {
        "Diluted EPS": -0.09,
        "Total Revenue": 7,
        "Gross Profit": 5,
        "Operating Income": 0,
        "EBIT": NaN,
        "Net Income": 0
    },
    "2009-03-31": {
        "Diluted EPS": 0.29,
        "Total Revenue": 7,
        "Gross Profit": 4,
        "Operating Income": 1,
        "EBIT": NaN,
        "Net Income": 1
    },
    "2023-06-30": {
        "Tax Effect Of Unusual Items": 0.0,
        "Tax Rate For Calcs": 0.2743,
        "Net Income From Continuing Operation Net Minority Interest": 243000.0,
        "Reconciled Depreciation": 248000.0,
        "Net Interest Income": 7268000.0,
        "Interest Expense": 4372000.0,
        "Interest Income": 11640000.0,
        "Normalized Income": 243000.0,
        "Net Income From Continuing And Discontinued Operation": 243000.0,
        "Diluted Average Shares": 8811994.0,
        "Basic Average Shares": 8683764.0,
        "Diluted EPS": 0.027122,
        "Basic EPS": 0.027523,
        "Diluted NI Availto Com Stockholders": 239000.0,
        "Net Income Common Stockholders": 239000.0,
        "Otherunder Preferred Stock Dividend": 4000.0,
        "Net Income": 243000.0,
        "Minority Interests": -3000.0,
        "Net Income Including Noncontrolling Interests": 246000.0,
        "Net Income Continuous Operations": 246000.0,
        "Tax Provision": 93000.0,
        "Pretax Income": 339000.0,
        "Depreciation Amortization Depletion Income Statement": 97000.0,
        "Depreciation And Amortization In Income Statement": 97000.0,
        "Amortization": 97000.0,
        "Amortization Of Intangibles Income Statement": 97000.0,
        "Selling General And Administration": 3854000.0,
        "Selling And Marketing Expense": 59000.0,
        "General And Administrative Expense": 3795000.0,
        "Insurance And Claims": 61000.0,
        "Salaries And Wages": 3734000.0,
        "Total Revenue": 7528000.0,
        "Operating Revenue": 7528000.0,
        "Occupancy And Equipment": 443000.0,
        "Professional Expense And Contract Services Expense": 607000.0,
        "Other Non Interest Expense": 1420000.0
    },
    "2023-12-31": {
        "Tax Effect Of Unusual Items": 0.0,
        "Tax Rate For Calcs": 0.311082,
        "Net Income From Continuing Operation Net Minority Interest": 2607000.0,
        "Reconciled Depreciation": -8000.0,
        "Net Interest Income": 7147000.0,
        "Interest Expense": 5471000.0,
        "Interest Income": 12618000.0,
        "Normalized Income": 2607000.0,
        "Net Income From Continuing And Discontinued Operation": 2607000.0,
        "Diluted Average Shares": NaN,
        "Basic Average Shares": NaN,
        "Diluted EPS": NaN,
        "Basic EPS": NaN,
        "Diluted NI Availto Com Stockholders": 2575000.0,
        "Net Income Common Stockholders": 2575000.0,
        "Otherunder Preferred Stock Dividend": 32000.0,
        "Net Income": 2607000.0,
        "Minority Interests": -4000.0,
        "Net Income Including Noncontrolling Interests": 2611000.0,
        "Net Income Continuous Operations": 2611000.0,
        "Tax Provision": 1179000.0,
        "Pretax Income": 3790000.0,
        "Depreciation Amortization Depletion Income Statement": 97000.0,
        "Depreciation And Amortization In Income Statement": 97000.0,
        "Amortization": 97000.0,
        "Amortization Of Intangibles Income Statement": 97000.0,
        "Selling General And Administration": 3881000.0,
        "Selling And Marketing Expense": 30000.0,
        "General And Administrative Expense": 3851000.0,
        "Insurance And Claims": 61000.0,
        "Salaries And Wages": 3790000.0,
        "Total Revenue": 11624000.0,
        "Operating Revenue": 11624000.0,
        "Occupancy And Equipment": 516000.0,
        "Professional Expense And Contract Services Expense": 1385000.0,
        "Other Non Interest Expense": 1830000.0
    },
    "2023-09-30": {
        "Tax Effect Of Unusual Items": 0.0,
        "Tax Rate For Calcs": 0.312,
        "Net Income From Continuing Operation Net Minority Interest": 91000.0,
        "Reconciled Depreciation": 265000.0,
        "Net Interest Income": 6773000.0,
        "Interest Expense": 5154000.0,
        "Interest Income": 11927000.0,
        "Normalized Income": 91000.0,
        "Net Income From Continuing And Discontinued Operation": 91000.0,
        "Diluted Average Shares": 8825794.0,
        "Basic Average Shares": 8709301.0,
        "Diluted EPS": 0.01,
        "Basic EPS": 0.01,
        "Diluted NI Availto Com Stockholders": 90000.0,
        "Net Income Common Stockholders": 90000.0,
        "Otherunder Preferred Stock Dividend": 1000.0,
        "Net Income": 91000.0,
        "Minority Interests": 5000.0,
        "Net Income Including Noncontrolling Interests": 86000.0,
        "Net Income Continuous Operations": 86000.0,
        "Tax Provision": 39000.0,
        "Pretax Income": 125000.0,
        "Depreciation Amortization Depletion Income Statement": 98000.0,
        "Depreciation And Amortization In Income Statement": 98000.0,
        "Amortization": 98000.0,
        "Amortization Of Intangibles Income Statement": 98000.0,
        "Selling General And Administration": 4452000.0,
        "Selling And Marketing Expense": 11000.0,
        "General And Administrative Expense": 4441000.0,
        "Insurance And Claims": 61000.0,
        "Salaries And Wages": 4380000.0,
        "Total Revenue": 7104000.0,
        "Operating Revenue": 7104000.0,
        "Occupancy And Equipment": 466000.0,
        "Professional Expense And Contract Services Expense": 629000.0,
        "Other Non Interest Expense": 1336000.0
    },
    "2024-03-31": {
        "Tax Effect Of Unusual Items": 0.0,
        "Tax Rate For Calcs": 0.2375,
        "Net Income From Continuing Operation Net Minority Interest": -164000.0,
        "Reconciled Depreciation": 248000.0,
        "Net Interest Income": 7524000.0,
        "Interest Expense": 7269000.0,
        "Interest Income": 14793000.0,
        "Normalized Income": -164000.0,
        "Net Income From Continuing And Discontinued Operation": -164000.0,
        "Diluted Average Shares": 8412772.0,
        "Basic Average Shares": 8229774.0,
        "Diluted EPS": -0.02,
        "Basic EPS": -0.02,
        "Diluted NI Availto Com Stockholders": -168000.0,
        "Net Income Common Stockholders": -168000.0,
        "Otherunder Preferred Stock Dividend": 4000.0,
        "Net Income": -164000.0,
        "Minority Interests": 19000.0,
        "Net Income Including Noncontrolling Interests": -183000.0,
        "Net Income Continuous Operations": -183000.0,
        "Tax Provision": -57000.0,
        "Pretax Income": -240000.0,
        "Depreciation Amortization Depletion Income Statement": 84000.0,
        "Depreciation And Amortization In Income Statement": 84000.0,
        "Amortization": 84000.0,
        "Amortization Of Intangibles Income Statement": 84000.0,
        "Selling General And Administration": 4486000.0,
        "Selling And Marketing Expense": 28000.0,
        "General And Administrative Expense": 4458000.0,
        "Insurance And Claims": 61000.0,
        "Salaries And Wages": 4397000.0,
        "Total Revenue": 7830000.0,
        "Operating Revenue": 7830000.0,
        "Occupancy And Equipment": 435000.0,
        "Professional Expense And Contract Services Expense": 1410000.0,
        "Other Non Interest Expense": 1395000.0
    }
}