{
    "2023-09-30": {
        "Tax Effect Of Unusual Items": 0.0,
        "Tax Rate For Calcs": 0.175,
        "Normalized EBITDA": -36610000.0,
        "Net Income From Continuing Operation Net Minority Interest": -63049000.0,
        "Reconciled Depreciation": 4320000.0,
        "Reconciled Cost Of Revenue": 303353000.0,
        "EBITDA": -36610000.0,
        "EBIT": -40930000.0,
        "Net Interest Income": 3201000.0,
        "Interest Income": 3201000.0,
        "Normalized Income": -63049000.0,
        "Net Income From Continuing And Discontinued Operation": -63049000.0,
        "Total Expenses": 414243000.0,
        "Total Operating Income As Reported": -40930000.0,
        "Diluted Average Shares": 45225000.0,
        "Basic Average Shares": 45225000.0,
        "Diluted EPS": -1.39,
        "Basic EPS": -1.39,
        "Diluted NI Availto Com Stockholders": -63049000.0,
        "Net Income Common Stockholders": -63049000.0,
        "Otherunder Preferred Stock Dividend": 0.0,
        "Preferred Stock Dividends": NaN,
        "Net Income": -63049000.0,
        "Minority Interests": NaN,
        "Net Income Including Noncontrolling Interests": -63049000.0,
        "Net Income Discontinuous Operations": NaN,
        "Net Income Continuous Operations": -63049000.0,
        "Tax Provision": -13411000.0,
        "Pretax Income": -76460000.0,
        "Other Income Expense": -38731000.0,
        "Other Non Operating Income Expenses": -38731000.0,
        "Net Non Operating Interest Income Expense": 3201000.0,
        "Total Other Finance Cost": NaN,
        "Interest Income Non Operating": 3201000.0,
        "Operating Income": -40930000.0,
        "Operating Expense": 110890000.0,
        "Other Operating Expenses": NaN,
        "Research And Development": 29240000.0,
        "Selling General And Administration": 81650000.0,
        "Selling And Marketing Expense": 57541000.0,
        "General And Administrative Expense": 24109000.0,
        "Other Gand A": 24109000.0,
        "Gross Profit": 69960000.0,
        "Cost Of Revenue": 303353000.0,
        "Total Revenue": 373313000.0,
        "Operating Revenue": 373313000.0
    },
    "2023-06-30": {
        "Tax Effect Of Unusual Items": 0.0,
        "Tax Rate For Calcs": 0.102,
        "Normalized EBITDA": 267000.0,
        "Net Income From Continuing Operation Net Minority Interest": -73493000.0,
        "Reconciled Depreciation": 4516000.0,
        "Reconciled Cost Of Revenue": 327839000.0,
        "EBITDA": 267000.0,
        "EBIT": -4249000.0,
        "Net Interest Income": 3059000.0,
        "Interest Income": NaN,
        "Normalized Income": -73493000.0,
        "Net Income From Continuing And Discontinued Operation": -73493000.0,
        "Total Expenses": 426460000.0,
        "Total Operating Income As Reported": -4249000.0,
        "Diluted Average Shares": 45200000.0,
        "Basic Average Shares": 45200000.0,
        "Diluted EPS": -1.63,
        "Basic EPS": -1.63,
        "Diluted NI Availto Com Stockholders": -73493000.0,
        "Net Income Common Stockholders": -73493000.0,
        "Otherunder Preferred Stock Dividend": 0.0,
        "Preferred Stock Dividends": NaN,
        "Net Income": -73493000.0,
        "Minority Interests": NaN,
        "Net Income Including Noncontrolling Interests": -73493000.0,
        "Net Income Discontinuous Operations": NaN,
        "Net Income Continuous Operations": -73493000.0,
        "Tax Provision": -8370000.0,
        "Pretax Income": -81863000.0,
        "Other Income Expense": -80673000.0,
        "Other Non Operating Income Expenses": -80673000.0,
        "Net Non Operating Interest Income Expense": 3059000.0,
        "Total Other Finance Cost": -3059000.0,
        "Interest Income Non Operating": NaN,
        "Operating Income": -4249000.0,
        "Operating Expense": 98621000.0,
        "Other Operating Expenses": NaN,
        "Research And Development": 27706000.0,
        "Selling General And Administration": 70915000.0,
        "Selling And Marketing Expense": 49242000.0,
        "General And Administrative Expense": 21673000.0,
        "Other Gand A": 21673000.0,
        "Gross Profit": 94372000.0,
        "Cost Of Revenue": 327839000.0,
        "Total Revenue": 422211000.0,
        "Operating Revenue": 422211000.0
    },
    "2023-03-31": {
        "Tax Effect Of Unusual Items": NaN,
        "Tax Rate For Calcs": NaN,
        "Normalized EBITDA": NaN,
        "Net Income From Continuing Operation Net Minority Interest": NaN,
        "Reconciled Depreciation": NaN,
        "Reconciled Cost Of Revenue": NaN,
        "EBITDA": NaN,
        "EBIT": NaN,
        "Net Interest Income": NaN,
        "Interest Income": NaN,
        "Normalized Income": NaN,
        "Net Income From Continuing And Discontinued Operation": NaN,
        "Total Expenses": NaN,
        "Total Operating Income As Reported": NaN,
        "Diluted Average Shares": NaN,
        "Basic Average Shares": NaN,
        "Diluted EPS": NaN,
        "Basic EPS": NaN,
        "Diluted NI Availto Com Stockholders": NaN,
        "Net Income Common Stockholders": NaN,
        "Otherunder Preferred Stock Dividend": 0.0,
        "Preferred Stock Dividends": NaN,
        "Net Income": NaN,
        "Minority Interests": NaN,
        "Net Income Including Noncontrolling Interests": NaN,
        "Net Income Discontinuous Operations": NaN,
        "Net Income Continuous Operations": NaN,
        "Tax Provision": NaN,
        "Pretax Income": NaN,
        "Other Income Expense": NaN,
        "Other Non Operating Income Expenses": NaN,
        "Net Non Operating Interest Income Expense": NaN,
        "Total Other Finance Cost": -2559000.0,
        "Interest Income Non Operating": NaN,
        "Operating Income": NaN,
        "Operating Expense": NaN,
        "Other Operating Expenses": 11971000.0,
        "Research And Development": NaN,
        "Selling General And Administration": NaN,
        "Selling And Marketing Expense": NaN,
        "General And Administrative Expense": NaN,
        "Other Gand A": NaN,
        "Gross Profit": NaN,
        "Cost Of Revenue": NaN,
        "Total Revenue": NaN,
        "Operating Revenue": NaN
    },
    "2022-12-31": {
        "Tax Effect Of Unusual Items": NaN,
        "Tax Rate For Calcs": NaN,
        "Normalized EBITDA": NaN,
        "Net Income From Continuing Operation Net Minority Interest": NaN,
        "Reconciled Depreciation": NaN,
        "Reconciled Cost Of Revenue": NaN,
        "EBITDA": NaN,
        "EBIT": NaN,
        "Net Interest Income": NaN,
        "Interest Income": NaN,
        "Normalized Income": NaN,
        "Net Income From Continuing And Discontinued Operation": NaN,
        "Total Expenses": NaN,
        "Total Operating Income As Reported": NaN,
        "Diluted Average Shares": NaN,
        "Basic Average Shares": NaN,
        "Diluted EPS": NaN,
        "Basic EPS": NaN,
        "Diluted NI Availto Com Stockholders": NaN,
        "Net Income Common Stockholders": NaN,
        "Otherunder Preferred Stock Dividend": 1227000.0,
        "Preferred Stock Dividends": 0.0,
        "Net Income": NaN,
        "Minority Interests": 0.0,
        "Net Income Including Noncontrolling Interests": NaN,
        "Net Income Discontinuous Operations": 0.0,
        "Net Income Continuous Operations": NaN,
        "Tax Provision": NaN,
        "Pretax Income": NaN,
        "Other Income Expense": NaN,
        "Other Non Operating Income Expenses": NaN,
        "Net Non Operating Interest Income Expense": NaN,
        "Total Other Finance Cost": -1999000.0,
        "Interest Income Non Operating": NaN,
        "Operating Income": NaN,
        "Operating Expense": NaN,
        "Other Operating Expenses": NaN,
        "Research And Development": NaN,
        "Selling General And Administration": NaN,
        "Selling And Marketing Expense": NaN,
        "General And Administrative Expense": NaN,
        "Other Gand A": NaN,
        "Gross Profit": NaN,
        "Cost Of Revenue": NaN,
        "Total Revenue": NaN,
        "Operating Revenue": NaN
    },
    "2022-09-30": {
        "Tax Effect Of Unusual Items": NaN,
        "Tax Rate For Calcs": NaN,
        "Normalized EBITDA": NaN,
        "Net Income From Continuing Operation Net Minority Interest": NaN,
        "Reconciled Depreciation": NaN,
        "Reconciled Cost Of Revenue": NaN,
        "EBITDA": NaN,
        "EBIT": NaN,
        "Net Interest Income": NaN,
        "Interest Income": 976000.0,
        "Normalized Income": NaN,
        "Net Income From Continuing And Discontinued Operation": NaN,
        "Total Expenses": NaN,
        "Total Operating Income As Reported": NaN,
        "Diluted Average Shares": NaN,
        "Basic Average Shares": NaN,
        "Diluted EPS": NaN,
        "Basic EPS": NaN,
        "Diluted NI Availto Com Stockholders": NaN,
        "Net Income Common Stockholders": NaN,
        "Otherunder Preferred Stock Dividend": NaN,
        "Preferred Stock Dividends": NaN,
        "Net Income": NaN,
        "Minority Interests": 0.0,
        "Net Income Including Noncontrolling Interests": NaN,
        "Net Income Discontinuous Operations": 0.0,
        "Net Income Continuous Operations": NaN,
        "Tax Provision": NaN,
        "Pretax Income": NaN,
        "Other Income Expense": NaN,
        "Other Non Operating Income Expenses": NaN,
        "Net Non Operating Interest Income Expense": NaN,
        "Total Other Finance Cost": -976000.0,
        "Interest Income Non Operating": 976000.0,
        "Operating Income": NaN,
        "Operating Expense": NaN,
        "Other Operating Expenses": NaN,
        "Research And Development": NaN,
        "Selling General And Administration": NaN,
        "Selling And Marketing Expense": NaN,
        "General And Administrative Expense": NaN,
        "Other Gand A": NaN,
        "Gross Profit": NaN,
        "Cost Of Revenue": NaN,
        "Total Revenue": NaN,
        "Operating Revenue": NaN
    },
    "2023-12-31": {
        "Tax Effect Of Unusual Items": 0.0,
        "Tax Rate For Calcs": 0.21,
        "Normalized EBITDA": -206191000.0,
        "Net Income From Continuing Operation Net Minority Interest": -160993000.0,
        "Reconciled Depreciation": 4626000.0,
        "Reconciled Cost Of Revenue": 324497000.0,
        "EBITDA": -206191000.0,
        "EBIT": -210817000.0,
        "Net Interest Income": 3188000.0,
        "Interest Income": 4950000.0,
        "Normalized Income": -160993000.0,
        "Net Income From Continuing And Discontinued Operation": -160993000.0,
        "Total Expenses": 449020000.0,
        "Total Operating Income As Reported": -64562000.0,
        "Diluted Average Shares": 45360000.0,
        "Basic Average Shares": 45360000.0,
        "Diluted EPS": -3.55,
        "Basic EPS": -3.55,
        "Diluted NI Availto Com Stockholders": -160993000.0,
        "Net Income Common Stockholders": -160993000.0,
        "Otherunder Preferred Stock Dividend": 0.0,
        "Preferred Stock Dividends": NaN,
        "Net Income": -160993000.0,
        "Minority Interests": NaN,
        "Net Income Including Noncontrolling Interests": -160993000.0,
        "Net Income Discontinuous Operations": NaN,
        "Net Income Continuous Operations": -160993000.0,
        "Tax Provision": 66388000.0,
        "Pretax Income": -94605000.0,
        "Other Income Expense": -33231000.0,
        "Other Non Operating Income Expenses": 126723000.0,
        "Net Non Operating Interest Income Expense": 3188000.0,
        "Total Other Finance Cost": NaN,
        "Interest Income Non Operating": 4950000.0,
        "Operating Income": -64562000.0,
        "Operating Expense": 124523000.0,
        "Other Operating Expenses": NaN,
        "Research And Development": 29662000.0,
        "Selling General And Administration": 94861000.0,
        "Selling And Marketing Expense": 70716000.0,
        "General And Administrative Expense": 24145000.0,
        "Other Gand A": 24145000.0,
        "Gross Profit": 59961000.0,
        "Cost Of Revenue": 324497000.0,
        "Total Revenue": 384458000.0,
        "Operating Revenue": 384458000.0
    },
    "2024-03-31": {
        "Tax Effect Of Unusual Items": 0.0,
        "Tax Rate For Calcs": 0.21,
        "Normalized EBITDA": -53565000.0,
        "Net Income From Continuing Operation Net Minority Interest": -73928000.0,
        "Reconciled Depreciation": 3960000.0,
        "Reconciled Cost Of Revenue": 307922000.0,
        "EBITDA": -53565000.0,
        "EBIT": -57525000.0,
        "Net Interest Income": 2717000.0,
        "Interest Income": NaN,
        "Normalized Income": -73928000.0,
        "Net Income From Continuing And Discontinued Operation": -73928000.0,
        "Total Expenses": 439806000.0,
        "Total Operating Income As Reported": -57525000.0,
        "Diluted Average Shares": 45587000.0,
        "Basic Average Shares": 45587000.0,
        "Diluted EPS": -1.62,
        "Basic EPS": -1.62,
        "Diluted NI Availto Com Stockholders": -73928000.0,
        "Net Income Common Stockholders": -73928000.0,
        "Otherunder Preferred Stock Dividend": NaN,
        "Preferred Stock Dividends": NaN,
        "Net Income": -73928000.0,
        "Minority Interests": NaN,
        "Net Income Including Noncontrolling Interests": -73928000.0,
        "Net Income Discontinuous Operations": NaN,
        "Net Income Continuous Operations": -73928000.0,
        "Tax Provision": 329000.0,
        "Pretax Income": -73599000.0,
        "Other Income Expense": -18791000.0,
        "Other Non Operating Income Expenses": -18791000.0,
        "Net Non Operating Interest Income Expense": 2717000.0,
        "Total Other Finance Cost": -2717000.0,
        "Interest Income Non Operating": NaN,
        "Operating Income": -57525000.0,
        "Operating Expense": 131884000.0,
        "Other Operating Expenses": 13943000.0,
        "Research And Development": 29581000.0,
        "Selling General And Administration": 88360000.0,
        "Selling And Marketing Expense": 67906000.0,
        "General And Administrative Expense": 20454000.0,
        "Other Gand A": 20454000.0,
        "Gross Profit": 74359000.0,
        "Cost Of Revenue": 307922000.0,
        "Total Revenue": 382281000.0,
        "Operating Revenue": 382281000.0
    },
    "2024-06-30": {
        "Tax Effect Of Unusual Items": 0.0,
        "Tax Rate For Calcs": 0.21,
        "Normalized EBITDA": -42606000.0,
        "Net Income From Continuing Operation Net Minority Interest": -42578000.0,
        "Reconciled Depreciation": 4395000.0,
        "Reconciled Cost Of Revenue": 317936000.0,
        "EBITDA": -42606000.0,
        "EBIT": -47001000.0,
        "Net Interest Income": 2309000.0,
        "Interest Income": 2309000.0,
        "Normalized Income": -42578000.0,
        "Net Income From Continuing And Discontinued Operation": -42578000.0,
        "Total Expenses": 445105000.0,
        "Total Operating Income As Reported": -47001000.0,
        "Diluted Average Shares": 45742000.0,
        "Basic Average Shares": 45742000.0,
        "Diluted EPS": -0.93,
        "Basic EPS": -0.93,
        "Diluted NI Availto Com Stockholders": -42578000.0,
        "Net Income Common Stockholders": -42578000.0,
        "Otherunder Preferred Stock Dividend": NaN,
        "Preferred Stock Dividends": NaN,
        "Net Income": -42578000.0,
        "Minority Interests": NaN,
        "Net Income Including Noncontrolling Interests": -42578000.0,
        "Net Income Discontinuous Operations": NaN,
        "Net Income Continuous Operations": -42578000.0,
        "Tax Provision": 117000.0,
        "Pretax Income": -42461000.0,
        "Other Income Expense": 2231000.0,
        "Other Non Operating Income Expenses": 2231000.0,
        "Net Non Operating Interest Income Expense": 2309000.0,
        "Total Other Finance Cost": NaN,
        "Interest Income Non Operating": 2309000.0,
        "Operating Income": -47001000.0,
        "Operating Expense": 127169000.0,
        "Other Operating Expenses": 15006000.0,
        "Research And Development": 27342000.0,
        "Selling General And Administration": 84821000.0,
        "Selling And Marketing Expense": 66290000.0,
        "General And Administrative Expense": 18531000.0,
        "Other Gand A": 18531000.0,
        "Gross Profit": 80168000.0,
        "Cost Of Revenue": 317936000.0,
        "Total Revenue": 398104000.0,
        "Operating Revenue": 398104000.0
    }
}