{
    "2023-05-31": {
        "Tax Effect Of Unusual Items": -736.0,
        "Tax Rate For Calcs": 0.016,
        "Normalized EBITDA": -308000.0,
        "Total Unusual Items": -46000.0,
        "Total Unusual Items Excluding Goodwill": -46000.0,
        "Net Income From Continuing Operation Net Minority Interest": -1116000.0,
        "Reconciled Depreciation": 638000.0,
        "Reconciled Cost Of Revenue": 5309000.0,
        "EBITDA": -354000.0,
        "EBIT": -992000.0,
        "Net Interest Income": 143000.0,
        "Interest Income": 143000.0,
        "Normalized Income": -1070736.0,
        "Net Income From Continuing And Discontinued Operation": -1116000.0,
        "Total Expenses": 12500000.0,
        "Total Operating Income As Reported": -992000.0,
        "Diluted Average Shares": 21866260.0,
        "Basic Average Shares": 21866260.0,
        "Diluted EPS": -0.05,
        "Basic EPS": -0.05,
        "Diluted NI Availto Com Stockholders": -1116000.0,
        "Net Income Common Stockholders": -1116000.0,
        "Net Income": -1116000.0,
        "Net Income Including Noncontrolling Interests": -1116000.0,
        "Net Income Continuous Operations": -1116000.0,
        "Tax Provision": 17000.0,
        "Pretax Income": -1099000.0,
        "Other Income Expense": -250000.0,
        "Other Non Operating Income Expenses": -33000.0,
        "Earnings From Equity Interest": -171000.0,
        "Gain On Sale Of Security": -46000.0,
        "Net Non Operating Interest Income Expense": 143000.0,
        "Total Other Finance Cost": -143000.0,
        "Interest Income Non Operating": 143000.0,
        "Operating Income": -992000.0,
        "Operating Expense": 7191000.0,
        "Other Operating Expenses": 7191000.0,
        "Gross Profit": 6199000.0,
        "Cost Of Revenue": 5309000.0,
        "Total Revenue": 11508000.0,
        "Operating Revenue": 11508000.0
    },
    "2023-02-28": {
        "Tax Effect Of Unusual Items": NaN,
        "Tax Rate For Calcs": NaN,
        "Normalized EBITDA": NaN,
        "Total Unusual Items": NaN,
        "Total Unusual Items Excluding Goodwill": NaN,
        "Net Income From Continuing Operation Net Minority Interest": NaN,
        "Reconciled Depreciation": NaN,
        "Reconciled Cost Of Revenue": NaN,
        "EBITDA": NaN,
        "EBIT": NaN,
        "Net Interest Income": NaN,
        "Interest Income": 143000.0,
        "Normalized Income": NaN,
        "Net Income From Continuing And Discontinued Operation": NaN,
        "Total Expenses": NaN,
        "Total Operating Income As Reported": NaN,
        "Diluted Average Shares": NaN,
        "Basic Average Shares": NaN,
        "Diluted EPS": NaN,
        "Basic EPS": NaN,
        "Diluted NI Availto Com Stockholders": NaN,
        "Net Income Common Stockholders": NaN,
        "Net Income": NaN,
        "Net Income Including Noncontrolling Interests": NaN,
        "Net Income Continuous Operations": NaN,
        "Tax Provision": NaN,
        "Pretax Income": NaN,
        "Other Income Expense": NaN,
        "Other Non Operating Income Expenses": NaN,
        "Earnings From Equity Interest": NaN,
        "Gain On Sale Of Security": NaN,
        "Net Non Operating Interest Income Expense": NaN,
        "Total Other Finance Cost": NaN,
        "Interest Income Non Operating": 143000.0,
        "Operating Income": NaN,
        "Operating Expense": NaN,
        "Other Operating Expenses": NaN,
        "Gross Profit": NaN,
        "Cost Of Revenue": NaN,
        "Total Revenue": NaN,
        "Operating Revenue": NaN
    },
    "2022-11-30": {
        "Tax Effect Of Unusual Items": NaN,
        "Tax Rate For Calcs": NaN,
        "Normalized EBITDA": NaN,
        "Total Unusual Items": NaN,
        "Total Unusual Items Excluding Goodwill": NaN,
        "Net Income From Continuing Operation Net Minority Interest": NaN,
        "Reconciled Depreciation": NaN,
        "Reconciled Cost Of Revenue": NaN,
        "EBITDA": NaN,
        "EBIT": NaN,
        "Net Interest Income": NaN,
        "Interest Income": NaN,
        "Normalized Income": NaN,
        "Net Income From Continuing And Discontinued Operation": NaN,
        "Total Expenses": NaN,
        "Total Operating Income As Reported": NaN,
        "Diluted Average Shares": NaN,
        "Basic Average Shares": NaN,
        "Diluted EPS": NaN,
        "Basic EPS": NaN,
        "Diluted NI Availto Com Stockholders": NaN,
        "Net Income Common Stockholders": NaN,
        "Net Income": NaN,
        "Net Income Including Noncontrolling Interests": NaN,
        "Net Income Continuous Operations": NaN,
        "Tax Provision": NaN,
        "Pretax Income": NaN,
        "Other Income Expense": NaN,
        "Other Non Operating Income Expenses": NaN,
        "Special Income Charges": 0.0,
        "Earnings From Equity Interest": NaN,
        "Gain On Sale Of Security": NaN,
        "Net Non Operating Interest Income Expense": NaN,
        "Total Other Finance Cost": -191000.0,
        "Interest Income Non Operating": NaN,
        "Operating Income": NaN,
        "Operating Expense": NaN,
        "Other Operating Expenses": NaN,
        "Gross Profit": NaN,
        "Cost Of Revenue": NaN,
        "Total Revenue": NaN,
        "Operating Revenue": NaN
    },
    "2022-08-31": {
        "Tax Effect Of Unusual Items": NaN,
        "Tax Rate For Calcs": NaN,
        "Normalized EBITDA": NaN,
        "Total Unusual Items": NaN,
        "Total Unusual Items Excluding Goodwill": NaN,
        "Net Income From Continuing Operation Net Minority Interest": NaN,
        "Reconciled Depreciation": NaN,
        "Reconciled Cost Of Revenue": NaN,
        "EBITDA": NaN,
        "EBIT": NaN,
        "Net Interest Income": NaN,
        "Interest Income": NaN,
        "Normalized Income": NaN,
        "Net Income From Continuing And Discontinued Operation": NaN,
        "Total Expenses": NaN,
        "Total Operating Income As Reported": NaN,
        "Diluted Average Shares": NaN,
        "Basic Average Shares": NaN,
        "Diluted EPS": NaN,
        "Basic EPS": NaN,
        "Diluted NI Availto Com Stockholders": NaN,
        "Net Income Common Stockholders": NaN,
        "Net Income": NaN,
        "Net Income Including Noncontrolling Interests": NaN,
        "Net Income Continuous Operations": NaN,
        "Tax Provision": NaN,
        "Pretax Income": NaN,
        "Other Income Expense": NaN,
        "Other Non Operating Income Expenses": NaN,
        "Special Income Charges": 0.0,
        "Earnings From Equity Interest": NaN,
        "Gain On Sale Of Security": NaN,
        "Net Non Operating Interest Income Expense": NaN,
        "Total Other Finance Cost": 3000.0,
        "Interest Income Non Operating": NaN,
        "Operating Income": NaN,
        "Operating Expense": NaN,
        "Gross Profit": NaN,
        "Cost Of Revenue": NaN,
        "Total Revenue": NaN,
        "Operating Revenue": NaN
    },
    "2022-05-31": {
        "Tax Effect Of Unusual Items": -109600.0,
        "Tax Rate For Calcs": 0.4,
        "Normalized EBITDA": -2135000.0,
        "Total Unusual Items": -274000.0,
        "Total Unusual Items Excluding Goodwill": -274000.0,
        "Net Income From Continuing Operation Net Minority Interest": -2996000.0,
        "Reconciled Depreciation": 206000.0,
        "Reconciled Cost Of Revenue": 5495000.0,
        "EBIT": -2615000.0,
        "Net Interest Income": 13000.0,
        "Interest Income": 13000.0,
        "Normalized Income": -2831600.0,
        "Net Income From Continuing And Discontinued Operation": -2996000.0,
        "Total Expenses": 14234000.0,
        "Total Operating Income As Reported": -2615000.0,
        "Diluted Average Shares": 23097150.0,
        "Basic Average Shares": 23097150.0,
        "Diluted EPS": -0.13,
        "Basic EPS": -0.13,
        "Diluted NI Availto Com Stockholders": -2996000.0,
        "Net Income Common Stockholders": -2996000.0,
        "Net Income": -2996000.0,
        "Net Income Including Noncontrolling Interests": -2996000.0,
        "Net Income Continuous Operations": -2996000.0,
        "Tax Provision": 51000.0,
        "Pretax Income": -2945000.0,
        "Other Income Expense": -343000.0,
        "Other Non Operating Income Expenses": -69000.0,
        "Special Income Charges": NaN,
        "Earnings From Equity Interest": NaN,
        "Gain On Sale Of Security": -274000.0,
        "Net Non Operating Interest Income Expense": 13000.0,
        "Total Other Finance Cost": NaN,
        "Interest Income Non Operating": 13000.0,
        "Operating Income": -2615000.0,
        "Operating Expense": 8739000.0,
        "Gross Profit": 6124000.0,
        "Cost Of Revenue": 5495000.0,
        "Total Revenue": 11619000.0,
        "Operating Revenue": 11619000.0
    },
    "2022-02-28": {
        "Diluted EPS": -0.14,
        "Total Revenue": 8,
        "Gross Profit": 5,
        "Operating Income": -3,
        "EBIT": -3,
        "Net Income": -3
    },
    "2021-11-30": {
        "Diluted EPS": -0.17,
        "Total Revenue": 11,
        "Gross Profit": 6,
        "Operating Income": -3,
        "EBIT": -3,
        "Net Income": -3
    },
    "2021-08-31": {
        "Diluted EPS": -0.08,
        "Total Revenue": 9,
        "Gross Profit": 5,
        "Operating Income": -2,
        "EBIT": -2,
        "Net Income": -2
    },
    "2021-05-31": {
        "Diluted EPS": 0.05,
        "Total Revenue": 13,
        "Gross Profit": 8,
        "Operating Income": 2,
        "EBIT": 2,
        "Net Income": 1
    },
    "2021-02-28": {
        "Diluted EPS": -0.02,
        "Total Revenue": 9,
        "Gross Profit": 5,
        "Operating Income": 0,
        "EBIT": 0,
        "Net Income": 0
    },
    "2020-11-30": {
        "Diluted EPS": -0.08,
        "Total Revenue": 11,
        "Gross Profit": 5,
        "Operating Income": -1,
        "EBIT": -1,
        "Net Income": -2
    },
    "2020-08-31": {
        "Diluted EPS": -0.04,
        "Total Revenue": 4,
        "Gross Profit": 2,
        "Operating Income": -1,
        "EBIT": 0,
        "Net Income": -1
    },
    "2020-05-31": {
        "Diluted EPS": -0.66,
        "Total Revenue": 1,
        "Gross Profit": 1,
        "Operating Income": -1,
        "EBIT": -1,
        "Net Income": -8
    },
    "2020-02-29": {
        "Diluted EPS": -0.2,
        "Total Revenue": 0,
        "Gross Profit": 0,
        "Operating Income": -2,
        "EBIT": -1,
        "Net Income": -2
    },
    "2019-11-30": {
        "Diluted EPS": -0.1,
        "Total Revenue": 1,
        "Gross Profit": 0,
        "Operating Income": -1,
        "EBIT": 0,
        "Net Income": -2
    },
    "2019-08-31": {
        "Diluted EPS": -0.1,
        "Total Revenue": 0,
        "Gross Profit": 0,
        "Operating Income": -1,
        "EBIT": 0,
        "Net Income": -1
    },
    "2019-05-31": {
        "Diluted EPS": -0.1,
        "Total Revenue": 0,
        "Gross Profit": 0,
        "Operating Income": -1,
        "EBIT": 0,
        "Net Income": -1
    },
    "2019-02-28": {
        "Diluted EPS": -0.1,
        "Total Revenue": 0,
        "Gross Profit": 0,
        "Operating Income": -1,
        "EBIT": -1,
        "Net Income": -1
    },
    "2018-11-30": {
        "Diluted EPS": -0.1,
        "Total Revenue": 0,
        "Gross Profit": 0,
        "Operating Income": -1,
        "EBIT": -1,
        "Net Income": -1
    },
    "2018-08-31": {
        "Diluted EPS": -0.01,
        "Total Revenue": 0,
        "Gross Profit": 0,
        "Operating Income": 0,
        "EBIT": 0,
        "Net Income": 0
    },
    "2018-05-31": {
        "Diluted EPS": -0.05,
        "Total Revenue": 0,
        "Gross Profit": 0,
        "Operating Income": 0,
        "EBIT": 0,
        "Net Income": 0
    },
    "2018-02-28": {
        "Diluted EPS": -0.04,
        "Total Revenue": 0,
        "Gross Profit": 0,
        "Operating Income": 0,
        "EBIT": 0,
        "Net Income": 0
    },
    "2017-11-30": {
        "Diluted EPS": -0.26,
        "Total Revenue": 0,
        "Gross Profit": 0,
        "Operating Income": 0,
        "EBIT": -1,
        "Net Income": -1
    },
    "2017-08-31": {
        "Diluted EPS": -0.1,
        "Total Revenue": 0,
        "Gross Profit": 0,
        "Operating Income": -1,
        "EBIT": 0,
        "Net Income": -1
    },
    "2017-05-31": {
        "Diluted EPS": -0.12,
        "Total Revenue": 0,
        "Gross Profit": 0,
        "Operating Income": 0,
        "EBIT": 0,
        "Net Income": -1
    },
    "2017-02-28": {
        "Diluted EPS": -0.02,
        "Total Revenue": 0,
        "Gross Profit": 0,
        "Operating Income": 0,
        "EBIT": 0,
        "Net Income": 0
    },
    "2016-11-30": {
        "Diluted EPS": -0.13,
        "Total Revenue": 0,
        "Gross Profit": 0,
        "Operating Income": -1,
        "EBIT": 0,
        "Net Income": -1
    },
    "2016-08-31": {
        "Diluted EPS": -0.1,
        "Total Revenue": 0,
        "Gross Profit": 0,
        "Operating Income": 0,
        "EBIT": 0,
        "Net Income": 0
    },
    "2016-05-31": {
        "Diluted EPS": -0.1,
        "Total Revenue": 0,
        "Gross Profit": 0,
        "Operating Income": 0,
        "EBIT": 0,
        "Net Income": 0
    },
    "2016-02-29": {
        "Diluted EPS": -0.07,
        "Total Revenue": 0,
        "Gross Profit": 0,
        "Operating Income": 0,
        "EBIT": 0,
        "Net Income": 0
    },
    "2015-11-30": {
        "Diluted EPS": -0.2,
        "Total Revenue": 0,
        "Gross Profit": 0,
        "Operating Income": -1,
        "EBIT": -1,
        "Net Income": -1
    },
    "2015-08-31": {
        "Diluted EPS": -0.1,
        "Total Revenue": 0,
        "Gross Profit": 0,
        "Operating Income": 0,
        "EBIT": 0,
        "Net Income": 0
    },
    "2015-05-31": {
        "Diluted EPS": -0.1,
        "Total Revenue": 0,
        "Gross Profit": 0,
        "Operating Income": 0,
        "EBIT": 0,
        "Net Income": 0
    },
    "2015-02-28": {
        "Diluted EPS": -0.1,
        "Total Revenue": 0,
        "Gross Profit": 0,
        "Operating Income": 0,
        "EBIT": 0,
        "Net Income": 0
    },
    "2014-11-30": {
        "Diluted EPS": -0.3,
        "Total Revenue": 0,
        "Gross Profit": 0,
        "Operating Income": -1,
        "EBIT": -1,
        "Net Income": -1
    },
    "2014-08-31": {
        "Diluted EPS": -0.1,
        "Total Revenue": 0,
        "Gross Profit": 0,
        "Operating Income": 0,
        "EBIT": 0,
        "Net Income": 0
    },
    "2014-05-31": {
        "Diluted EPS": -0.1,
        "Total Revenue": 0,
        "Gross Profit": 0,
        "Operating Income": -1,
        "EBIT": -1,
        "Net Income": -1
    },
    "2014-02-28": {
        "Diluted EPS": -0.1,
        "Total Revenue": 0,
        "Gross Profit": 0,
        "Operating Income": 0,
        "EBIT": 0,
        "Net Income": 0
    },
    "2013-11-30": {
        "Diluted EPS": -0.2,
        "Total Revenue": NaN,
        "Gross Profit": NaN,
        "Operating Income": 0,
        "EBIT": 0,
        "Net Income": -1
    },
    "2013-08-31": {
        "Diluted EPS": -0.1,
        "Total Revenue": NaN,
        "Gross Profit": NaN,
        "Operating Income": 0,
        "EBIT": 0,
        "Net Income": 0
    },
    "2013-05-31": {
        "Diluted EPS": -0.2,
        "Total Revenue": NaN,
        "Gross Profit": NaN,
        "Operating Income": -1,
        "EBIT": 0,
        "Net Income": -1
    },
    "2013-02-28": {
        "Diluted EPS": -0.1,
        "Total Revenue": NaN,
        "Gross Profit": NaN,
        "Operating Income": 0,
        "EBIT": 0,
        "Net Income": 0
    },
    "2012-11-30": {
        "Diluted EPS": -0.4,
        "Total Revenue": NaN,
        "Gross Profit": NaN,
        "Operating Income": -1,
        "EBIT": -1,
        "Net Income": -1
    },
    "2012-08-31": {
        "Diluted EPS": -0.1,
        "Total Revenue": NaN,
        "Gross Profit": NaN,
        "Operating Income": 0,
        "EBIT": 0,
        "Net Income": 0
    },
    "2012-05-31": {
        "Diluted EPS": -0.1,
        "Total Revenue": NaN,
        "Gross Profit": NaN,
        "Operating Income": 0,
        "EBIT": 0,
        "Net Income": 0
    },
    "2012-02-29": {
        "Diluted EPS": -0.1,
        "Total Revenue": NaN,
        "Gross Profit": NaN,
        "Operating Income": 0,
        "EBIT": 0,
        "Net Income": 0
    },
    "2011-11-30": {
        "Diluted EPS": 0.0,
        "Total Revenue": NaN,
        "Gross Profit": NaN,
        "Operating Income": 0,
        "EBIT": 0,
        "Net Income": 0
    },
    "2011-08-31": {
        "Diluted EPS": -0.1,
        "Total Revenue": NaN,
        "Gross Profit": NaN,
        "Operating Income": 0,
        "EBIT": 0,
        "Net Income": 0
    },
    "2011-05-31": {
        "Diluted EPS": -0.1,
        "Total Revenue": NaN,
        "Gross Profit": NaN,
        "Operating Income": 0,
        "EBIT": 0,
        "Net Income": 0
    },
    "2011-02-28": {
        "Diluted EPS": -0.1,
        "Total Revenue": NaN,
        "Gross Profit": NaN,
        "Operating Income": 0,
        "EBIT": 0,
        "Net Income": 0
    },
    "2010-11-30": {
        "Diluted EPS": -0.3,
        "Total Revenue": NaN,
        "Gross Profit": NaN,
        "Operating Income": -1,
        "EBIT": -1,
        "Net Income": -1
    },
    "2010-08-31": {
        "Diluted EPS": -0.4,
        "Total Revenue": NaN,
        "Gross Profit": NaN,
        "Operating Income": -1,
        "EBIT": -1,
        "Net Income": -1
    },
    "2010-05-31": {
        "Diluted EPS": -0.2,
        "Total Revenue": NaN,
        "Gross Profit": NaN,
        "Operating Income": 0,
        "EBIT": 0,
        "Net Income": 0
    },
    "2010-02-28": {
        "Diluted EPS": -0.3,
        "Total Revenue": NaN,
        "Gross Profit": NaN,
        "Operating Income": -1,
        "EBIT": -1,
        "Net Income": -1
    },
    "2009-11-30": {
        "Diluted EPS": -0.2,
        "Total Revenue": NaN,
        "Gross Profit": NaN,
        "Operating Income": -1,
        "EBIT": -1,
        "Net Income": -1
    },
    "2009-08-31": {
        "Diluted EPS": -0.6,
        "Total Revenue": NaN,
        "Gross Profit": NaN,
        "Operating Income": -1,
        "EBIT": -1,
        "Net Income": -1
    },
    "2009-05-31": {
        "Diluted EPS": -0.6,
        "Total Revenue": NaN,
        "Gross Profit": NaN,
        "Operating Income": -1,
        "EBIT": -1,
        "Net Income": -1
    },
    "2009-02-28": {
        "Diluted EPS": -0.6,
        "Total Revenue": NaN,
        "Gross Profit": NaN,
        "Operating Income": -1,
        "EBIT": -1,
        "Net Income": -1
    },
    "2023-08-31": {
        "Tax Effect Of Unusual Items": -1512.0,
        "Tax Rate For Calcs": 0.028,
        "Normalized EBITDA": -4048000.0,
        "Total Unusual Items": -54000.0,
        "Total Unusual Items Excluding Goodwill": -54000.0,
        "Net Income From Continuing Operation Net Minority Interest": -4094000.0,
        "Reconciled Depreciation": 7000.0,
        "Reconciled Cost Of Revenue": 3927000.0,
        "EBITDA": -4102000.0,
        "EBIT": -4109000.0,
        "Net Interest Income": 239000.0,
        "Interest Income": NaN,
        "Normalized Income": -4041512.0,
        "Net Income From Continuing And Discontinued Operation": -4094000.0,
        "Total Expenses": 11194000.0,
        "Total Operating Income As Reported": -4109000.0,
        "Diluted Average Shares": 21960163.0,
        "Basic Average Shares": 21960163.0,
        "Diluted EPS": -0.19,
        "Basic EPS": -0.19,
        "Diluted NI Availto Com Stockholders": -4094000.0,
        "Net Income Common Stockholders": -4094000.0,
        "Net Income": -4094000.0,
        "Net Income Including Noncontrolling Interests": -4094000.0,
        "Net Income Continuous Operations": -4094000.0,
        "Tax Provision": -124000.0,
        "Pretax Income": -4218000.0,
        "Other Income Expense": -348000.0,
        "Other Non Operating Income Expenses": -7000.0,
        "Earnings From Equity Interest": -287000.0,
        "Gain On Sale Of Security": -54000.0,
        "Net Non Operating Interest Income Expense": 239000.0,
        "Total Other Finance Cost": -239000.0,
        "Interest Income Non Operating": NaN,
        "Operating Income": -4109000.0,
        "Operating Expense": 7267000.0,
        "Other Operating Expenses": NaN,
        "Gross Profit": 3158000.0,
        "Cost Of Revenue": 3927000.0,
        "Total Revenue": 7085000.0,
        "Operating Revenue": 7085000.0
    },
    "2023-11-30": {
        "Tax Effect Of Unusual Items": -6720.0,
        "Tax Rate For Calcs": 0.21,
        "Normalized EBITDA": -497000.0,
        "Total Unusual Items": -32000.0,
        "Total Unusual Items Excluding Goodwill": -32000.0,
        "Net Income From Continuing Operation Net Minority Interest": -829000.0,
        "Reconciled Depreciation": 341000.0,
        "Reconciled Cost Of Revenue": 6595000.0,
        "EBITDA": -529000.0,
        "EBIT": -870000.0,
        "Net Interest Income": 168000.0,
        "Interest Income": NaN,
        "Normalized Income": -803720.0,
        "Net Income From Continuing And Discontinued Operation": -829000.0,
        "Total Expenses": 16510000.0,
        "Total Operating Income As Reported": -870000.0,
        "Diluted Average Shares": 21991313.0,
        "Basic Average Shares": 21991313.0,
        "Diluted EPS": -0.04,
        "Basic EPS": -0.04,
        "Diluted NI Availto Com Stockholders": -829000.0,
        "Net Income Common Stockholders": -829000.0,
        "Net Income": -829000.0,
        "Net Income Including Noncontrolling Interests": -829000.0,
        "Net Income Continuous Operations": -829000.0,
        "Tax Provision": 330000.0,
        "Pretax Income": -499000.0,
        "Other Income Expense": 203000.0,
        "Other Non Operating Income Expenses": 213000.0,
        "Earnings From Equity Interest": 22000.0,
        "Gain On Sale Of Security": -32000.0,
        "Net Non Operating Interest Income Expense": 168000.0,
        "Total Other Finance Cost": NaN,
        "Interest Income Non Operating": NaN,
        "Operating Income": -870000.0,
        "Operating Expense": 9915000.0,
        "Other Operating Expenses": NaN,
        "Gross Profit": 9045000.0,
        "Cost Of Revenue": 6595000.0,
        "Total Revenue": 15640000.0,
        "Operating Revenue": 15640000.0
    },
    "2024-02-29": {
        "Tax Effect Of Unusual Items": 0.0,
        "Tax Rate For Calcs": 0.0,
        "Normalized EBITDA": 232000.0,
        "Total Unusual Items": -58000.0,
        "Total Unusual Items Excluding Goodwill": -58000.0,
        "Net Income From Continuing Operation Net Minority Interest": 17000.0,
        "Reconciled Depreciation": 338000.0,
        "Reconciled Cost Of Revenue": 7015000.0,
        "EBITDA": 174000.0,
        "EBIT": -164000.0,
        "Net Interest Income": 280000.0,
        "Interest Income": 280000.0,
        "Normalized Income": 75000.0,
        "Net Income From Continuing And Discontinued Operation": 17000.0,
        "Total Expenses": 16818000.0,
        "Total Operating Income As Reported": -164000.0,
        "Diluted Average Shares": 22838827.0,
        "Basic Average Shares": 22035249.0,
        "Diluted EPS": 0.000744,
        "Basic EPS": 0.000771,
        "Diluted NI Availto Com Stockholders": 17000.0,
        "Net Income Common Stockholders": 17000.0,
        "Net Income": 17000.0,
        "Net Income Including Noncontrolling Interests": 17000.0,
        "Net Income Continuous Operations": 17000.0,
        "Tax Provision": 0.0,
        "Pretax Income": 17000.0,
        "Other Income Expense": -99000.0,
        "Other Non Operating Income Expenses": 1000.0,
        "Earnings From Equity Interest": -42000.0,
        "Gain On Sale Of Security": -58000.0,
        "Net Non Operating Interest Income Expense": 280000.0,
        "Total Other Finance Cost": NaN,
        "Interest Income Non Operating": 280000.0,
        "Operating Income": -164000.0,
        "Operating Expense": 9803000.0,
        "Other Operating Expenses": NaN,
        "Gross Profit": 9639000.0,
        "Cost Of Revenue": 7015000.0,
        "Total Revenue": 16654000.0,
        "Operating Revenue": 16654000.0
    },
    "2024-05-31": {
        "Tax Effect Of Unusual Items": -220.0,
        "Tax Rate For Calcs": 0.001,
        "Normalized EBITDA": 2802000.0,
        "Total Unusual Items": -220000.0,
        "Total Unusual Items Excluding Goodwill": -220000.0,
        "Net Income From Continuing Operation Net Minority Interest": 2077000.0,
        "Reconciled Depreciation": 669000.0,
        "Reconciled Cost Of Revenue": 7709000.0,
        "EBITDA": 2582000.0,
        "EBIT": 1913000.0,
        "Net Interest Income": 323000.0,
        "Interest Income": 323000.0,
        "Normalized Income": 2296780.0,
        "Net Income From Continuing And Discontinued Operation": 2077000.0,
        "Total Expenses": 18356000.0,
        "Total Operating Income As Reported": 1913000.0,
        "Diluted Average Shares": 23731076.0,
        "Basic Average Shares": 22728500.0,
        "Diluted EPS": 0.09,
        "Basic EPS": 0.09,
        "Diluted NI Availto Com Stockholders": 2077000.0,
        "Net Income Common Stockholders": 2077000.0,
        "Net Income": 2077000.0,
        "Net Income Including Noncontrolling Interests": 2077000.0,
        "Net Income Continuous Operations": 2077000.0,
        "Tax Provision": 3000.0,
        "Pretax Income": 2080000.0,
        "Other Income Expense": -156000.0,
        "Other Non Operating Income Expenses": 2000.0,
        "Earnings From Equity Interest": 62000.0,
        "Gain On Sale Of Security": -220000.0,
        "Net Non Operating Interest Income Expense": 323000.0,
        "Total Other Finance Cost": NaN,
        "Interest Income Non Operating": 323000.0,
        "Operating Income": 1913000.0,
        "Operating Expense": 10647000.0,
        "Other Operating Expenses": 10647000.0,
        "Gross Profit": 12560000.0,
        "Cost Of Revenue": 7709000.0,
        "Total Revenue": 20269000.0,
        "Operating Revenue": 20269000.0
    }
}