{
    "2023-03-31": {
        "Tax Effect Of Unusual Items": NaN,
        "Tax Rate For Calcs": NaN,
        "Normalized EBITDA": NaN,
        "Total Unusual Items": NaN,
        "Total Unusual Items Excluding Goodwill": NaN,
        "Net Income From Continuing Operation Net Minority Interest": NaN,
        "Reconciled Cost Of Revenue": NaN,
        "EBITDA": NaN,
        "EBIT": NaN,
        "Net Interest Income": NaN,
        "Interest Income": NaN,
        "Normalized Income": NaN,
        "Net Income From Continuing And Discontinued Operation": NaN,
        "Total Expenses": NaN,
        "Total Operating Income As Reported": NaN,
        "Diluted Average Shares": NaN,
        "Basic Average Shares": NaN,
        "Diluted EPS": NaN,
        "Basic EPS": NaN,
        "Diluted NI Availto Com Stockholders": NaN,
        "Net Income Common Stockholders": NaN,
        "Net Income": NaN,
        "Minority Interests": 0.0,
        "Net Income Including Noncontrolling Interests": NaN,
        "Net Income Continuous Operations": NaN,
        "Tax Provision": NaN,
        "Pretax Income": NaN,
        "Other Income Expense": NaN,
        "Other Non Operating Income Expenses": NaN,
        "Gain On Sale Of Security": NaN,
        "Net Non Operating Interest Income Expense": NaN,
        "Interest Income Non Operating": NaN,
        "Operating Income": NaN,
        "Operating Expense": NaN,
        "Other Operating Expenses": NaN,
        "Research And Development": NaN,
        "Selling General And Administration": NaN,
        "Selling And Marketing Expense": NaN,
        "General And Administrative Expense": NaN,
        "Other Gand A": NaN,
        "Gross Profit": NaN,
        "Cost Of Revenue": NaN,
        "Total Revenue": NaN,
        "Operating Revenue": NaN
    },
    "2022-12-31": {
        "Tax Effect Of Unusual Items": NaN,
        "Tax Rate For Calcs": NaN,
        "Normalized EBITDA": NaN,
        "Total Unusual Items": NaN,
        "Total Unusual Items Excluding Goodwill": NaN,
        "Net Income From Continuing Operation Net Minority Interest": NaN,
        "Reconciled Cost Of Revenue": NaN,
        "EBITDA": NaN,
        "EBIT": NaN,
        "Net Interest Income": NaN,
        "Interest Income": NaN,
        "Normalized Income": NaN,
        "Net Income From Continuing And Discontinued Operation": NaN,
        "Total Expenses": NaN,
        "Total Operating Income As Reported": NaN,
        "Diluted Average Shares": NaN,
        "Basic Average Shares": NaN,
        "Diluted EPS": NaN,
        "Basic EPS": NaN,
        "Diluted NI Availto Com Stockholders": NaN,
        "Net Income Common Stockholders": NaN,
        "Otherunder Preferred Stock Dividend": 0.0,
        "Net Income": NaN,
        "Minority Interests": NaN,
        "Net Income Including Noncontrolling Interests": NaN,
        "Net Income Continuous Operations": NaN,
        "Tax Provision": NaN,
        "Pretax Income": NaN,
        "Other Income Expense": NaN,
        "Other Non Operating Income Expenses": NaN,
        "Gain On Sale Of Security": NaN,
        "Net Non Operating Interest Income Expense": NaN,
        "Interest Income Non Operating": NaN,
        "Operating Income": NaN,
        "Operating Expense": NaN,
        "Other Operating Expenses": NaN,
        "Research And Development": NaN,
        "Selling General And Administration": NaN,
        "Selling And Marketing Expense": NaN,
        "General And Administrative Expense": NaN,
        "Other Gand A": NaN,
        "Gross Profit": NaN,
        "Cost Of Revenue": NaN,
        "Total Revenue": NaN,
        "Operating Revenue": NaN
    },
    "2022-09-30": {
        "Tax Effect Of Unusual Items": NaN,
        "Tax Rate For Calcs": NaN,
        "Normalized EBITDA": NaN,
        "Total Unusual Items": NaN,
        "Total Unusual Items Excluding Goodwill": NaN,
        "Net Income From Continuing Operation Net Minority Interest": NaN,
        "Reconciled Cost Of Revenue": NaN,
        "EBITDA": NaN,
        "EBIT": NaN,
        "Net Interest Income": NaN,
        "Interest Income": NaN,
        "Normalized Income": NaN,
        "Net Income From Continuing And Discontinued Operation": NaN,
        "Total Expenses": NaN,
        "Total Operating Income As Reported": NaN,
        "Diluted Average Shares": NaN,
        "Basic Average Shares": NaN,
        "Diluted EPS": NaN,
        "Basic EPS": NaN,
        "Diluted NI Availto Com Stockholders": NaN,
        "Net Income Common Stockholders": NaN,
        "Otherunder Preferred Stock Dividend": 0.0,
        "Net Income": NaN,
        "Minority Interests": NaN,
        "Net Income Including Noncontrolling Interests": NaN,
        "Net Income Continuous Operations": NaN,
        "Tax Provision": NaN,
        "Pretax Income": NaN,
        "Other Income Expense": NaN,
        "Other Non Operating Income Expenses": NaN,
        "Gain On Sale Of Security": NaN,
        "Net Non Operating Interest Income Expense": NaN,
        "Interest Income Non Operating": NaN,
        "Operating Income": NaN,
        "Operating Expense": NaN,
        "Other Operating Expenses": NaN,
        "Research And Development": NaN,
        "Selling General And Administration": NaN,
        "Selling And Marketing Expense": NaN,
        "General And Administrative Expense": NaN,
        "Other Gand A": NaN,
        "Gross Profit": NaN,
        "Cost Of Revenue": NaN,
        "Total Revenue": NaN,
        "Operating Revenue": NaN
    },
    "2022-06-30": {
        "Tax Effect Of Unusual Items": 213901.784195,
        "Tax Rate For Calcs": 0.016534,
        "Normalized EBITDA": 63351000.0,
        "Total Unusual Items": 12937000.0,
        "Total Unusual Items Excluding Goodwill": 12937000.0,
        "Net Income From Continuing Operation Net Minority Interest": 92493000.0,
        "Reconciled Cost Of Revenue": 174230000.0,
        "EBITDA": 76288000.0,
        "EBIT": 76288000.0,
        "Net Interest Income": 20508000.0,
        "Interest Income": 20508000.0,
        "Normalized Income": 79769901.784195,
        "Net Income From Continuing And Discontinued Operation": 92493000.0,
        "Total Expenses": 1036056000.0,
        "Total Operating Income As Reported": 76288000.0,
        "Diluted Average Shares": 456170941.0,
        "Basic Average Shares": 434611492.0,
        "Diluted EPS": 0.2,
        "Basic EPS": 0.22,
        "Diluted NI Availto Com Stockholders": 92493000.0,
        "Net Income Common Stockholders": 92493000.0,
        "Otherunder Preferred Stock Dividend": 0.0,
        "Net Income": 92493000.0,
        "Net Income Including Noncontrolling Interests": 92493000.0,
        "Net Income Continuous Operations": 92493000.0,
        "Tax Provision": 1555000.0,
        "Pretax Income": 94048000.0,
        "Other Income Expense": -2748000.0,
        "Other Non Operating Income Expenses": -15685000.0,
        "Gain On Sale Of Security": 12937000.0,
        "Net Non Operating Interest Income Expense": 20508000.0,
        "Interest Income Non Operating": 20508000.0,
        "Operating Income": 76288000.0,
        "Operating Expense": 861826000.0,
        "Other Operating Expenses": -652000.0,
        "Research And Development": 307686000.0,
        "Selling General And Administration": 559874000.0,
        "Selling And Marketing Expense": 399526000.0,
        "General And Administrative Expense": 160348000.0,
        "Other Gand A": 160348000.0,
        "Gross Profit": 938114000.0,
        "Cost Of Revenue": 174230000.0,
        "Total Revenue": 1112344000.0,
        "Operating Revenue": 1099866000.0
    },
    "2023-06-30": {
        "Tax Effect Of Unusual Items": 231568.663914,
        "Tax Rate For Calcs": 0.05927,
        "Normalized EBITDA": 171124000.0,
        "Total Unusual Items": 3907000.0,
        "Total Unusual Items Excluding Goodwill": 3907000.0,
        "Net Income From Continuing Operation Net Minority Interest": 309597000.0,
        "Reconciled Cost Of Revenue": 270322000.0,
        "EBITDA": 175031000.0,
        "EBIT": 175031000.0,
        "Net Interest Income": 151278000.0,
        "Interest Income": 151278000.0,
        "Normalized Income": 305921568.663914,
        "Net Income From Continuing And Discontinued Operation": 309597000.0,
        "Total Expenses": 1312584000.0,
        "Total Operating Income As Reported": 175031000.0,
        "Diluted Average Shares": 450055972.0,
        "Basic Average Shares": 434321757.0,
        "Diluted EPS": 0.68,
        "Basic EPS": 0.72,
        "Diluted NI Availto Com Stockholders": 309597000.0,
        "Net Income Common Stockholders": 309597000.0,
        "Net Income": 309597000.0,
        "Minority Interests": 0.0,
        "Net Income Including Noncontrolling Interests": 309597000.0,
        "Net Income Continuous Operations": 309597000.0,
        "Tax Provision": 19506000.0,
        "Pretax Income": 329103000.0,
        "Other Income Expense": 2794000.0,
        "Other Non Operating Income Expenses": -1113000.0,
        "Gain On Sale Of Security": 3907000.0,
        "Net Non Operating Interest Income Expense": 151278000.0,
        "Interest Income Non Operating": 151278000.0,
        "Operating Income": 175031000.0,
        "Operating Expense": 1042262000.0,
        "Other Operating Expenses": 1776000.0,
        "Research And Development": 365907000.0,
        "Selling General And Administration": 674579000.0,
        "Selling And Marketing Expense": 471593000.0,
        "General And Administrative Expense": 202986000.0,
        "Other Gand A": 202986000.0,
        "Gross Profit": 1217293000.0,
        "Cost Of Revenue": 270322000.0,
        "Total Revenue": 1487615000.0,
        "Operating Revenue": 1470822000.0
    },
    "2023-09-30": {
        "Tax Effect Of Unusual Items": 10370189.750235,
        "Tax Rate For Calcs": 0.069656,
        "Normalized EBITDA": 112110000.0,
        "Total Unusual Items": 148877000.0,
        "Total Unusual Items Excluding Goodwill": 148877000.0,
        "Net Income From Continuing Operation Net Minority Interest": 425717000.0,
        "Reconciled Cost Of Revenue": 267529000.0,
        "EBITDA": 260987000.0,
        "EBIT": 260987000.0,
        "Net Interest Income": 15283000.0,
        "Interest Income": 15283000.0,
        "Normalized Income": 287210189.750235,
        "Net Income From Continuing And Discontinued Operation": 425717000.0,
        "Total Expenses": 1345649000.0,
        "Total Operating Income As Reported": 260987000.0,
        "Diluted Average Shares": 449859338.0,
        "Basic Average Shares": 435179264.0,
        "Diluted EPS": 0.94,
        "Basic EPS": 0.98,
        "Diluted NI Availto Com Stockholders": 425717000.0,
        "Net Income Common Stockholders": 425717000.0,
        "Net Income": 425717000.0,
        "Minority Interests": NaN,
        "Net Income Including Noncontrolling Interests": 425717000.0,
        "Net Income Continuous Operations": 425717000.0,
        "Tax Provision": 31874000.0,
        "Pretax Income": 457591000.0,
        "Other Income Expense": 181321000.0,
        "Other Non Operating Income Expenses": 32444000.0,
        "Gain On Sale Of Security": 148877000.0,
        "Net Non Operating Interest Income Expense": 15283000.0,
        "Interest Income Non Operating": 15283000.0,
        "Operating Income": 260987000.0,
        "Operating Expense": 1078120000.0,
        "Other Operating Expenses": -13078000.0,
        "Research And Development": 414429000.0,
        "Selling General And Administration": 676769000.0,
        "Selling And Marketing Expense": 457341000.0,
        "General And Administrative Expense": 219428000.0,
        "Other Gand A": 219428000.0,
        "Gross Profit": 1339107000.0,
        "Cost Of Revenue": 267529000.0,
        "Total Revenue": 1606636000.0,
        "Operating Revenue": 1591500000.0
    },
    "2023-12-31": {
        "Tax Effect Of Unusual Items": -38508759.907795,
        "Tax Rate For Calcs": 0.129363,
        "Normalized EBITDA": 519933000.0,
        "Total Unusual Items": -297681000.0,
        "Total Unusual Items Excluding Goodwill": -297681000.0,
        "Net Income From Continuing Operation Net Minority Interest": 331250000.0,
        "Reconciled Cost Of Revenue": 274846000.0,
        "EBITDA": 222252000.0,
        "EBIT": 222252000.0,
        "Net Interest Income": 459887000.0,
        "Interest Income": 459887000.0,
        "Normalized Income": 590422240.092205,
        "Net Income From Continuing And Discontinued Operation": 331250000.0,
        "Total Expenses": 1357979000.0,
        "Total Operating Income As Reported": 222252000.0,
        "Diluted Average Shares": 451854662.0,
        "Basic Average Shares": 438115650.0,
        "Diluted EPS": 0.74,
        "Basic EPS": 0.76,
        "Diluted NI Availto Com Stockholders": 331250000.0,
        "Net Income Common Stockholders": 331250000.0,
        "Net Income": 331250000.0,
        "Minority Interests": NaN,
        "Net Income Including Noncontrolling Interests": 331241000.0,
        "Net Income Continuous Operations": 331241000.0,
        "Tax Provision": 49217000.0,
        "Pretax Income": 380458000.0,
        "Other Income Expense": -301681000.0,
        "Other Non Operating Income Expenses": -4000000.0,
        "Gain On Sale Of Security": -297681000.0,
        "Net Non Operating Interest Income Expense": 459887000.0,
        "Interest Income Non Operating": 459887000.0,
        "Operating Income": 222252000.0,
        "Operating Expense": 1083133000.0,
        "Other Operating Expenses": -5272000.0,
        "Research And Development": 430164000.0,
        "Selling General And Administration": 658241000.0,
        "Selling And Marketing Expense": 433454000.0,
        "General And Administrative Expense": 224787000.0,
        "Other Gand A": 224787000.0,
        "Gross Profit": 1305385000.0,
        "Cost Of Revenue": 274846000.0,
        "Total Revenue": 1580231000.0,
        "Operating Revenue": 1566722000.0
    },
    "2024-03-31": {
        "Tax Effect Of Unusual Items": 2046.411225,
        "Tax Rate For Calcs": 0.068214,
        "Normalized EBITDA": 103563000.0,
        "Total Unusual Items": 30000.0,
        "Total Unusual Items Excluding Goodwill": 30000.0,
        "Net Income From Continuing Operation Net Minority Interest": 244951000.0,
        "Reconciled Cost Of Revenue": 295439000.0,
        "EBITDA": 103593000.0,
        "EBIT": 103593000.0,
        "Net Interest Income": 156056000.0,
        "Interest Income": 156056000.0,
        "Normalized Income": 244923046.411225,
        "Net Income From Continuing And Discontinued Operation": 244951000.0,
        "Total Expenses": 1600160000.0,
        "Total Operating Income As Reported": 103593000.0,
        "Diluted Average Shares": 453652698.0,
        "Basic Average Shares": 440366424.0,
        "Diluted EPS": 0.54,
        "Basic EPS": 0.56,
        "Diluted NI Availto Com Stockholders": 244951000.0,
        "Net Income Common Stockholders": 244951000.0,
        "Net Income": 244951000.0,
        "Minority Interests": 3227000.0,
        "Net Income Including Noncontrolling Interests": 241724000.0,
        "Net Income Continuous Operations": 241724000.0,
        "Tax Provision": 17696000.0,
        "Pretax Income": 259420000.0,
        "Other Income Expense": -229000.0,
        "Other Non Operating Income Expenses": -259000.0,
        "Gain On Sale Of Security": 30000.0,
        "Net Non Operating Interest Income Expense": 156056000.0,
        "Interest Income Non Operating": 156056000.0,
        "Operating Income": 103593000.0,
        "Operating Expense": 1304721000.0,
        "Other Operating Expenses": -12590000.0,
        "Research And Development": 467569000.0,
        "Selling General And Administration": 849742000.0,
        "Selling And Marketing Expense": 579270000.0,
        "General And Administrative Expense": 270472000.0,
        "Other Gand A": 270472000.0,
        "Gross Profit": 1408314000.0,
        "Cost Of Revenue": 295439000.0,
        "Total Revenue": 1703753000.0,
        "Operating Revenue": 1684087000.0
    },
    "2024-06-30": {
        "Tax Effect Of Unusual Items": 11680.943029,
        "Tax Rate For Calcs": 0.185412,
        "Normalized EBITDA": 358546000.0,
        "Total Unusual Items": 63000.0,
        "Total Unusual Items Excluding Goodwill": 63000.0,
        "Net Income From Continuing Operation Net Minority Interest": 421733000.0,
        "Reconciled Cost Of Revenue": 316532000.0,
        "EBITDA": 358609000.0,
        "EBIT": 358609000.0,
        "Net Interest Income": 153814000.0,
        "Interest Income": 153814000.0,
        "Normalized Income": 421681680.943029,
        "Net Income From Continuing And Discontinued Operation": 421733000.0,
        "Total Expenses": 1558134000.0,
        "Total Operating Income As Reported": 358609000.0,
        "Diluted Average Shares": 462026079.0,
        "Basic Average Shares": 444467220.0,
        "Diluted EPS": 0.92,
        "Basic EPS": 0.94,
        "Diluted NI Availto Com Stockholders": 421733000.0,
        "Net Income Common Stockholders": 421733000.0,
        "Net Income": 421733000.0,
        "Minority Interests": 4483000.0,
        "Net Income Including Noncontrolling Interests": 417250000.0,
        "Net Income Continuous Operations": 417250000.0,
        "Tax Provision": 94972000.0,
        "Pretax Income": 512222000.0,
        "Other Income Expense": -201000.0,
        "Other Non Operating Income Expenses": -264000.0,
        "Gain On Sale Of Security": 63000.0,
        "Net Non Operating Interest Income Expense": 153814000.0,
        "Interest Income Non Operating": 153814000.0,
        "Operating Income": 358609000.0,
        "Operating Expense": 1241602000.0,
        "Other Operating Expenses": -8506000.0,
        "Research And Development": 443729000.0,
        "Selling General And Administration": 806379000.0,
        "Selling And Marketing Expense": 545169000.0,
        "General And Administrative Expense": 261210000.0,
        "Other Gand A": 261210000.0,
        "Gross Profit": 1600211000.0,
        "Cost Of Revenue": 316532000.0,
        "Total Revenue": 1916743000.0,
        "Operating Revenue": 1892723000.0
    }
}