{
    "2023-03-31": {
        "Tax Effect Of Unusual Items": 0.0,
        "Tax Rate For Calcs": 0.0,
        "Normalized EBITDA": -16591000.0,
        "Net Income From Continuing Operation Net Minority Interest": -15854000.0,
        "Reconciled Depreciation": 365000.0,
        "EBITDA": -16591000.0,
        "EBIT": -16956000.0,
        "Net Interest Income": 1102000.0,
        "Interest Income": 1102000.0,
        "Normalized Income": -15854000.0,
        "Net Income From Continuing And Discontinued Operation": -15854000.0,
        "Total Expenses": 16956000.0,
        "Total Operating Income As Reported": -16956000.0,
        "Diluted Average Shares": 35449195.0,
        "Basic Average Shares": 33588436.0,
        "Diluted EPS": -0.45,
        "Basic EPS": -0.45,
        "Diluted NI Availto Com Stockholders": -15022000.0,
        "Average Dilution Earnings": 832000.0,
        "Net Income Common Stockholders": -15854000.0,
        "Net Income": -15854000.0,
        "Net Income Including Noncontrolling Interests": -15854000.0,
        "Net Income Continuous Operations": -15854000.0,
        "Pretax Income": -15854000.0,
        "Net Non Operating Interest Income Expense": 1102000.0,
        "Interest Income Non Operating": 1102000.0,
        "Operating Income": -16956000.0,
        "Operating Expense": 16956000.0,
        "Research And Development": 12435000.0,
        "Selling General And Administration": 4521000.0,
        "General And Administrative Expense": 4521000.0,
        "Other Gand A": 4521000.0,
        "Total Revenue": 0.0,
        "Operating Revenue": 0.0
    },
    "2022-12-31": {
        "Tax Effect Of Unusual Items": 0.0,
        "Tax Rate For Calcs": 0.0,
        "Normalized EBITDA": -15944000.0,
        "Net Income From Continuing Operation Net Minority Interest": -15692000.0,
        "Reconciled Depreciation": 358000.0,
        "EBITDA": -15944000.0,
        "EBIT": -16302000.0,
        "Net Interest Income": 610000.0,
        "Interest Income": 610000.0,
        "Normalized Income": -15692000.0,
        "Net Income From Continuing And Discontinued Operation": -15692000.0,
        "Total Expenses": 16302000.0,
        "Total Operating Income As Reported": -16302000.0,
        "Diluted Average Shares": 30176923.0,
        "Basic Average Shares": 30176923.0,
        "Diluted EPS": -0.52,
        "Basic EPS": -0.52,
        "Diluted NI Availto Com Stockholders": -15692000.0,
        "Average Dilution Earnings": NaN,
        "Net Income Common Stockholders": -15692000.0,
        "Net Income": -15692000.0,
        "Net Income Including Noncontrolling Interests": -15692000.0,
        "Net Income Continuous Operations": -15692000.0,
        "Pretax Income": -15692000.0,
        "Net Non Operating Interest Income Expense": 610000.0,
        "Interest Income Non Operating": 610000.0,
        "Operating Income": -16302000.0,
        "Operating Expense": 16302000.0,
        "Research And Development": 12400000.0,
        "Selling General And Administration": 3902000.0,
        "General And Administrative Expense": 3902000.0,
        "Other Gand A": 3902000.0,
        "Total Revenue": 0.0,
        "Operating Revenue": 0.0
    },
    "2022-09-30": {
        "Tax Effect Of Unusual Items": 0.0,
        "Tax Rate For Calcs": 0.0,
        "Normalized EBITDA": -11415000.0,
        "Net Income From Continuing Operation Net Minority Interest": -11427000.0,
        "Reconciled Depreciation": 363000.0,
        "EBITDA": -11415000.0,
        "EBIT": -11778000.0,
        "Net Interest Income": 351000.0,
        "Interest Income": 351000.0,
        "Normalized Income": -11427000.0,
        "Net Income From Continuing And Discontinued Operation": -11427000.0,
        "Total Expenses": 11778000.0,
        "Total Operating Income As Reported": -11778000.0,
        "Diluted Average Shares": 25601495.0,
        "Basic Average Shares": 25601495.0,
        "Diluted EPS": -0.39,
        "Basic EPS": -0.39,
        "Diluted NI Availto Com Stockholders": -11427000.0,
        "Average Dilution Earnings": NaN,
        "Net Income Common Stockholders": -11427000.0,
        "Net Income": -11427000.0,
        "Net Income Including Noncontrolling Interests": -11427000.0,
        "Net Income Continuous Operations": -11427000.0,
        "Pretax Income": -11427000.0,
        "Net Non Operating Interest Income Expense": 351000.0,
        "Interest Income Non Operating": 351000.0,
        "Operating Income": -11778000.0,
        "Operating Expense": 11778000.0,
        "Research And Development": 8216000.0,
        "Selling General And Administration": 3562000.0,
        "General And Administrative Expense": 3562000.0,
        "Other Gand A": 3562000.0,
        "Total Revenue": 0.0,
        "Operating Revenue": 0.0
    },
    "2022-06-30": {
        "Tax Effect Of Unusual Items": 0.0,
        "Tax Rate For Calcs": 0.0,
        "Normalized EBITDA": -12822000.0,
        "Net Income From Continuing Operation Net Minority Interest": -12910000.0,
        "Reconciled Depreciation": 238000.0,
        "EBITDA": -12822000.0,
        "EBIT": -13060000.0,
        "Net Interest Income": 150000.0,
        "Interest Income": 150000.0,
        "Normalized Income": -12910000.0,
        "Net Income From Continuing And Discontinued Operation": -12910000.0,
        "Total Expenses": 13060000.0,
        "Total Operating Income As Reported": -13060000.0,
        "Diluted Average Shares": 28986852.0,
        "Basic Average Shares": 25404022.0,
        "Diluted EPS": -0.45,
        "Basic EPS": -0.45,
        "Diluted NI Availto Com Stockholders": -12910000.0,
        "Average Dilution Earnings": -1596000.0,
        "Net Income Common Stockholders": -11314000.0,
        "Net Income": -12910000.0,
        "Net Income Including Noncontrolling Interests": -12910000.0,
        "Net Income Continuous Operations": -12910000.0,
        "Pretax Income": -12910000.0,
        "Net Non Operating Interest Income Expense": 150000.0,
        "Interest Income Non Operating": 150000.0,
        "Operating Income": -13060000.0,
        "Operating Expense": 13060000.0,
        "Research And Development": 9514000.0,
        "Selling General And Administration": 3546000.0,
        "General And Administrative Expense": 3546000.0,
        "Other Gand A": 3546000.0,
        "Total Revenue": 0.0,
        "Operating Revenue": 0.0
    },
    "2022-03-31": {
        "Diluted EPS": -0.45,
        "Total Revenue": NaN,
        "Gross Profit": NaN,
        "Operating Income": -13,
        "EBIT": -13,
        "Net Income": -13
    },
    "2021-12-31": {
        "Diluted EPS": -0.49,
        "Total Revenue": NaN,
        "Gross Profit": NaN,
        "Operating Income": -14,
        "EBIT": -14,
        "Net Income": -14
    },
    "2021-09-30": {
        "Diluted EPS": -0.45,
        "Total Revenue": NaN,
        "Gross Profit": NaN,
        "Operating Income": -12,
        "EBIT": -11,
        "Net Income": -12
    },
    "2021-06-30": {
        "Diluted EPS": -0.45,
        "Total Revenue": NaN,
        "Gross Profit": NaN,
        "Operating Income": -11,
        "EBIT": -11,
        "Net Income": -11
    },
    "2021-03-31": {
        "Diluted EPS": -0.41,
        "Total Revenue": NaN,
        "Gross Profit": NaN,
        "Operating Income": -10,
        "EBIT": -10,
        "Net Income": -10
    },
    "2020-12-31": {
        "Diluted EPS": -0.4,
        "Total Revenue": NaN,
        "Gross Profit": NaN,
        "Operating Income": -9,
        "EBIT": -9,
        "Net Income": -9
    },
    "2020-09-30": {
        "Diluted EPS": -0.36,
        "Total Revenue": NaN,
        "Gross Profit": NaN,
        "Operating Income": -8,
        "EBIT": -8,
        "Net Income": -8
    },
    "2020-06-30": {
        "Diluted EPS": -0.35,
        "Total Revenue": NaN,
        "Gross Profit": NaN,
        "Operating Income": -8,
        "EBIT": -8,
        "Net Income": -8
    },
    "2020-03-31": {
        "Diluted EPS": -0.33,
        "Total Revenue": NaN,
        "Gross Profit": NaN,
        "Operating Income": -8,
        "EBIT": -8,
        "Net Income": -7
    },
    "2019-12-31": {
        "Diluted EPS": 6.02,
        "Total Revenue": NaN,
        "Gross Profit": NaN,
        "Operating Income": -6,
        "EBIT": -6,
        "Net Income": -5
    },
    "2019-09-30": {
        "Diluted EPS": -2.17,
        "Total Revenue": NaN,
        "Gross Profit": NaN,
        "Operating Income": -5,
        "EBIT": -5,
        "Net Income": -5
    },
    "2019-06-30": {
        "Diluted EPS": -1.87,
        "Total Revenue": NaN,
        "Gross Profit": NaN,
        "Operating Income": -4,
        "EBIT": -4,
        "Net Income": -3
    },
    "2019-03-31": {
        "Diluted EPS": -6.05,
        "Total Revenue": NaN,
        "Gross Profit": NaN,
        "Operating Income": -4,
        "EBIT": -4,
        "Net Income": -9
    },
    "2018-12-31": {
        "Diluted EPS": 0.0,
        "Total Revenue": NaN,
        "Gross Profit": NaN,
        "Operating Income": NaN,
        "EBIT": NaN,
        "Net Income": NaN
    },
    "2018-09-30": {
        "Diluted EPS": -9.47,
        "Total Revenue": NaN,
        "Gross Profit": NaN,
        "Operating Income": -3,
        "EBIT": -3,
        "Net Income": -9
    },
    "2023-06-30": {
        "Tax Effect Of Unusual Items": 0.0,
        "Tax Rate For Calcs": 0.0,
        "Normalized EBITDA": -15520000.0,
        "Net Income From Continuing Operation Net Minority Interest": -14487000.0,
        "Reconciled Depreciation": 370000.0,
        "EBITDA": -15520000.0,
        "EBIT": -15890000.0,
        "Net Interest Income": 1403000.0,
        "Interest Income": 1403000.0,
        "Normalized Income": -14487000.0,
        "Net Income From Continuing And Discontinued Operation": -14487000.0,
        "Total Expenses": 15890000.0,
        "Total Operating Income As Reported": -15890000.0,
        "Diluted Average Shares": 39172806.0,
        "Basic Average Shares": 37312047.0,
        "Diluted EPS": -0.37,
        "Basic EPS": -0.37,
        "Diluted NI Availto Com Stockholders": -14487000.0,
        "Average Dilution Earnings": -689000.0,
        "Net Income Common Stockholders": -13798000.0,
        "Net Income": -14487000.0,
        "Net Income Including Noncontrolling Interests": -14487000.0,
        "Net Income Continuous Operations": -14487000.0,
        "Pretax Income": -14487000.0,
        "Net Non Operating Interest Income Expense": 1403000.0,
        "Interest Income Non Operating": 1403000.0,
        "Operating Income": -15890000.0,
        "Operating Expense": 15890000.0,
        "Research And Development": 11797000.0,
        "Selling General And Administration": 4093000.0,
        "General And Administrative Expense": 4093000.0,
        "Other Gand A": 4093000.0,
        "Total Revenue": 0.0,
        "Operating Revenue": 0.0
    },
    "2023-09-30": {
        "Tax Effect Of Unusual Items": 0.0,
        "Tax Rate For Calcs": 0.0,
        "Normalized EBITDA": -18313000.0,
        "Net Income From Continuing Operation Net Minority Interest": -16448000.0,
        "Reconciled Depreciation": 355000.0,
        "EBITDA": -18313000.0,
        "EBIT": -18668000.0,
        "Net Interest Income": 2220000.0,
        "Interest Income": 2220000.0,
        "Normalized Income": -16448000.0,
        "Net Income From Continuing And Discontinued Operation": -16448000.0,
        "Total Expenses": 18668000.0,
        "Total Operating Income As Reported": -18668000.0,
        "Diluted Average Shares": 42110435.0,
        "Basic Average Shares": 42110435.0,
        "Diluted EPS": -0.37,
        "Basic EPS": -0.37,
        "Diluted NI Availto Com Stockholders": -16448000.0,
        "Average Dilution Earnings": -692000.0,
        "Net Income Common Stockholders": -15756000.0,
        "Net Income": -16448000.0,
        "Net Income Including Noncontrolling Interests": -16448000.0,
        "Net Income Continuous Operations": -16448000.0,
        "Pretax Income": -16448000.0,
        "Net Non Operating Interest Income Expense": 2220000.0,
        "Interest Income Non Operating": 2220000.0,
        "Operating Income": -18668000.0,
        "Operating Expense": 18668000.0,
        "Research And Development": 13787000.0,
        "Selling General And Administration": 4881000.0,
        "General And Administrative Expense": 4881000.0,
        "Other Gand A": 4881000.0,
        "Total Revenue": 0.0,
        "Operating Revenue": 0.0
    },
    "2023-12-31": {
        "Tax Effect Of Unusual Items": 0.0,
        "Tax Rate For Calcs": 0.0,
        "Normalized EBITDA": -22810000.0,
        "Net Income From Continuing Operation Net Minority Interest": -20886000.0,
        "Reconciled Depreciation": 336000.0,
        "EBITDA": -22810000.0,
        "EBIT": -23146000.0,
        "Net Interest Income": 2260000.0,
        "Interest Income": 2260000.0,
        "Normalized Income": -20886000.0,
        "Net Income From Continuing And Discontinued Operation": -20886000.0,
        "Total Expenses": 23146000.0,
        "Total Operating Income As Reported": -23146000.0,
        "Diluted Average Shares": NaN,
        "Basic Average Shares": NaN,
        "Diluted EPS": NaN,
        "Basic EPS": NaN,
        "Diluted NI Availto Com Stockholders": -20886000.0,
        "Average Dilution Earnings": NaN,
        "Net Income Common Stockholders": -23084000.0,
        "Net Income": -20886000.0,
        "Net Income Including Noncontrolling Interests": -20886000.0,
        "Net Income Continuous Operations": -20886000.0,
        "Pretax Income": -20886000.0,
        "Net Non Operating Interest Income Expense": 2260000.0,
        "Interest Income Non Operating": 2260000.0,
        "Operating Income": -23146000.0,
        "Operating Expense": 23146000.0,
        "Research And Development": 17405000.0,
        "Selling General And Administration": 5741000.0,
        "General And Administrative Expense": 5741000.0,
        "Other Gand A": 5741000.0,
        "Total Revenue": 0.0,
        "Operating Revenue": 0.0
    },
    "2024-03-31": {
        "Tax Effect Of Unusual Items": 0.0,
        "Tax Rate For Calcs": 0.0,
        "Normalized EBITDA": -27638000.0,
        "Net Income From Continuing Operation Net Minority Interest": -25047000.0,
        "Reconciled Depreciation": 393000.0,
        "EBITDA": -27638000.0,
        "EBIT": -28031000.0,
        "Net Interest Income": 2984000.0,
        "Interest Income": 2984000.0,
        "Normalized Income": -25047000.0,
        "Net Income From Continuing And Discontinued Operation": -25047000.0,
        "Total Expenses": 28031000.0,
        "Total Operating Income As Reported": -28031000.0,
        "Diluted Average Shares": 49302903.0,
        "Basic Average Shares": 47858608.0,
        "Diluted EPS": -0.51,
        "Basic EPS": -0.51,
        "Diluted NI Availto Com Stockholders": -24313000.0,
        "Average Dilution Earnings": 734000.0,
        "Net Income Common Stockholders": -25047000.0,
        "Net Income": -25047000.0,
        "Net Income Including Noncontrolling Interests": -25047000.0,
        "Net Income Continuous Operations": -25047000.0,
        "Pretax Income": -25047000.0,
        "Net Non Operating Interest Income Expense": 2984000.0,
        "Interest Income Non Operating": 2984000.0,
        "Operating Income": -28031000.0,
        "Operating Expense": 28031000.0,
        "Research And Development": 21954000.0,
        "Selling General And Administration": 6077000.0,
        "General And Administrative Expense": 6077000.0,
        "Other Gand A": 6077000.0,
        "Total Revenue": 0.0,
        "Operating Revenue": 0.0
    }
}