{
    "2023-03-31": {
        "Tax Effect Of Unusual Items": NaN,
        "Tax Rate For Calcs": NaN,
        "Normalized EBITDA": NaN,
        "Total Unusual Items": NaN,
        "Total Unusual Items Excluding Goodwill": NaN,
        "Net Income From Continuing Operation Net Minority Interest": NaN,
        "Reconciled Depreciation": NaN,
        "Reconciled Cost Of Revenue": NaN,
        "EBITDA": NaN,
        "EBIT": NaN,
        "Net Interest Income": NaN,
        "Interest Expense": NaN,
        "Normalized Income": NaN,
        "Net Income From Continuing And Discontinued Operation": NaN,
        "Total Expenses": NaN,
        "Total Operating Income As Reported": NaN,
        "Diluted Average Shares": NaN,
        "Basic Average Shares": NaN,
        "Diluted EPS": NaN,
        "Basic EPS": NaN,
        "Diluted NI Availto Com Stockholders": NaN,
        "Net Income Common Stockholders": NaN,
        "Net Income": NaN,
        "Minority Interests": NaN,
        "Net Income Including Noncontrolling Interests": NaN,
        "Net Income Continuous Operations": NaN,
        "Tax Provision": NaN,
        "Pretax Income": NaN,
        "Other Income Expense": NaN,
        "Other Non Operating Income Expenses": NaN,
        "Special Income Charges": NaN,
        "Gain On Sale Of Ppe": NaN,
        "Gain On Sale Of Business": 0.0,
        "Other Special Charges": NaN,
        "Write Off": NaN,
        "Impairment Of Capital Assets": 20000000.0,
        "Restructuring And Mergern Acquisition": NaN,
        "Net Non Operating Interest Income Expense": NaN,
        "Interest Expense Non Operating": NaN,
        "Operating Income": NaN,
        "Operating Expense": NaN,
        "Depreciation Amortization Depletion Income Statement": NaN,
        "Depreciation And Amortization In Income Statement": NaN,
        "Amortization": NaN,
        "Amortization Of Intangibles Income Statement": NaN,
        "Selling General And Administration": NaN,
        "Gross Profit": NaN,
        "Cost Of Revenue": NaN,
        "Total Revenue": NaN,
        "Operating Revenue": NaN
    },
    "2022-12-31": {
        "Tax Effect Of Unusual Items": NaN,
        "Tax Rate For Calcs": NaN,
        "Normalized EBITDA": NaN,
        "Total Unusual Items": NaN,
        "Total Unusual Items Excluding Goodwill": NaN,
        "Net Income From Continuing Operation Net Minority Interest": NaN,
        "Reconciled Depreciation": NaN,
        "Reconciled Cost Of Revenue": NaN,
        "EBITDA": NaN,
        "EBIT": NaN,
        "Net Interest Income": NaN,
        "Interest Expense": NaN,
        "Normalized Income": NaN,
        "Net Income From Continuing And Discontinued Operation": NaN,
        "Total Expenses": NaN,
        "Total Operating Income As Reported": NaN,
        "Diluted Average Shares": NaN,
        "Basic Average Shares": NaN,
        "Diluted EPS": NaN,
        "Basic EPS": NaN,
        "Diluted NI Availto Com Stockholders": NaN,
        "Net Income Common Stockholders": NaN,
        "Net Income": NaN,
        "Minority Interests": NaN,
        "Net Income Including Noncontrolling Interests": NaN,
        "Net Income Continuous Operations": NaN,
        "Tax Provision": NaN,
        "Pretax Income": NaN,
        "Other Income Expense": NaN,
        "Other Non Operating Income Expenses": NaN,
        "Special Income Charges": NaN,
        "Gain On Sale Of Business": 0.0,
        "Other Special Charges": NaN,
        "Write Off": 710000000.0,
        "Impairment Of Capital Assets": NaN,
        "Restructuring And Mergern Acquisition": NaN,
        "Net Non Operating Interest Income Expense": NaN,
        "Interest Expense Non Operating": NaN,
        "Operating Income": NaN,
        "Operating Expense": NaN,
        "Depreciation Amortization Depletion Income Statement": NaN,
        "Depreciation And Amortization In Income Statement": NaN,
        "Amortization": NaN,
        "Amortization Of Intangibles Income Statement": NaN,
        "Selling General And Administration": NaN,
        "Gross Profit": NaN,
        "Cost Of Revenue": NaN,
        "Total Revenue": NaN,
        "Operating Revenue": NaN
    },
    "2022-09-30": {
        "Tax Effect Of Unusual Items": -83600000.0,
        "Tax Rate For Calcs": 0.4,
        "Normalized EBITDA": 515000000.0,
        "Total Unusual Items": -209000000.0,
        "Total Unusual Items Excluding Goodwill": -209000000.0,
        "Net Income From Continuing Operation Net Minority Interest": 110000000.0,
        "Reconciled Depreciation": 171000000.0,
        "Reconciled Cost Of Revenue": 47889000000.0,
        "EBITDA": 306000000.0,
        "EBIT": 135000000.0,
        "Net Interest Income": -25000000.0,
        "Interest Expense": 25000000.0,
        "Normalized Income": 235400000.0,
        "Net Income From Continuing And Discontinued Operation": 110000000.0,
        "Total Expenses": 49257000000.0,
        "Total Operating Income As Reported": 137000000.0,
        "Diluted Average Shares": 273000000.0,
        "Basic Average Shares": 271000000.0,
        "Diluted EPS": 0.4,
        "Basic EPS": 0.41,
        "Diluted NI Availto Com Stockholders": 110000000.0,
        "Net Income Common Stockholders": 110000000.0,
        "Net Income": 110000000.0,
        "Minority Interests": -1000000.0,
        "Net Income Including Noncontrolling Interests": 111000000.0,
        "Net Income Continuous Operations": 111000000.0,
        "Tax Provision": -1000000.0,
        "Pretax Income": 110000000.0,
        "Other Income Expense": -211000000.0,
        "Other Non Operating Income Expenses": -2000000.0,
        "Special Income Charges": -209000000.0,
        "Gain On Sale Of Business": NaN,
        "Other Special Charges": 27000000.0,
        "Write Off": NaN,
        "Impairment Of Capital Assets": 153000000.0,
        "Restructuring And Mergern Acquisition": 29000000.0,
        "Net Non Operating Interest Income Expense": -25000000.0,
        "Interest Expense Non Operating": 25000000.0,
        "Operating Income": 346000000.0,
        "Operating Expense": 1268000000.0,
        "Depreciation Amortization Depletion Income Statement": 71000000.0,
        "Depreciation And Amortization In Income Statement": 71000000.0,
        "Amortization": 71000000.0,
        "Amortization Of Intangibles Income Statement": 71000000.0,
        "Selling General And Administration": 1197000000.0,
        "Gross Profit": 1614000000.0,
        "Cost Of Revenue": 47989000000.0,
        "Total Revenue": 49603000000.0,
        "Operating Revenue": 49603000000.0
    },
    "2022-06-30": {
        "Tax Effect Of Unusual Items": -130800000.0,
        "Tax Rate For Calcs": 0.4,
        "Normalized EBITDA": 512000000.0,
        "Total Unusual Items": -327000000.0,
        "Total Unusual Items Excluding Goodwill": -327000000.0,
        "Net Income From Continuing Operation Net Minority Interest": 138000000.0,
        "Reconciled Depreciation": 179000000.0,
        "Reconciled Cost Of Revenue": 45406000000.0,
        "EBITDA": 185000000.0,
        "EBIT": 6000000.0,
        "Net Interest Income": -34000000.0,
        "Interest Expense": 34000000.0,
        "Normalized Income": 334200000.0,
        "Net Income From Continuing And Discontinued Operation": 138000000.0,
        "Total Expenses": 46740000000.0,
        "Total Operating Income As Reported": 36000000.0,
        "Diluted Average Shares": 273000000.0,
        "Basic Average Shares": 273000000.0,
        "Diluted EPS": 0.5,
        "Basic EPS": 0.51,
        "Diluted NI Availto Com Stockholders": 138000000.0,
        "Net Income Common Stockholders": 138000000.0,
        "Net Income": 138000000.0,
        "Minority Interests": 1000000.0,
        "Net Income Including Noncontrolling Interests": 137000000.0,
        "Net Income Continuous Operations": 137000000.0,
        "Tax Provision": -165000000.0,
        "Pretax Income": -28000000.0,
        "Other Income Expense": -357000000.0,
        "Other Non Operating Income Expenses": -30000000.0,
        "Special Income Charges": -327000000.0,
        "Gain On Sale Of Business": 0.0,
        "Other Special Charges": -4000000.0,
        "Write Off": NaN,
        "Impairment Of Capital Assets": 286000000.0,
        "Restructuring And Mergern Acquisition": 45000000.0,
        "Net Non Operating Interest Income Expense": -34000000.0,
        "Interest Expense Non Operating": 34000000.0,
        "Operating Income": 363000000.0,
        "Operating Expense": 1242000000.0,
        "Depreciation Amortization Depletion Income Statement": 87000000.0,
        "Depreciation And Amortization In Income Statement": 87000000.0,
        "Amortization": 87000000.0,
        "Amortization Of Intangibles Income Statement": 87000000.0,
        "Selling General And Administration": 1155000000.0,
        "Gross Profit": 1605000000.0,
        "Cost Of Revenue": 45498000000.0,
        "Total Revenue": 47103000000.0,
        "Operating Revenue": 47103000000.0
    },
    "2022-03-31": {
        "Diluted EPS": -5.05,
        "Total Revenue": NaN,
        "Gross Profit": NaN,
        "Operating Income": -97,
        "EBIT": 84,
        "Net Income": NaN
    },
    "2021-12-31": {
        "Diluted EPS": 0.17,
        "Total Revenue": NaN,
        "Gross Profit": NaN,
        "Operating Income": -950,
        "EBIT": -786,
        "Net Income": 49
    },
    "2021-09-30": {
        "Diluted EPS": 0.94,
        "Total Revenue": NaN,
        "Gross Profit": NaN,
        "Operating Income": 415,
        "EBIT": 583,
        "Net Income": 271
    },
    "2021-06-30": {
        "Diluted EPS": 0.41,
        "Total Revenue": NaN,
        "Gross Profit": NaN,
        "Operating Income": 162,
        "EBIT": 342,
        "Net Income": 116
    },
    "2021-03-31": {
        "Diluted EPS": 0.4,
        "Total Revenue": NaN,
        "Gross Profit": NaN,
        "Operating Income": 473,
        "EBIT": 672,
        "Net Income": 119
    },
    "2020-12-31": {
        "Diluted EPS": 2.13,
        "Total Revenue": NaN,
        "Gross Profit": NaN,
        "Operating Income": 461,
        "EBIT": 660,
        "Net Income": 629
    },
    "2020-09-30": {
        "Diluted EPS": -0.86,
        "Total Revenue": NaN,
        "Gross Profit": NaN,
        "Operating Income": -624,
        "EBIT": -419,
        "Net Income": -253
    },
    "2020-06-30": {
        "Diluted EPS": 2.1,
        "Total Revenue": NaN,
        "Gross Profit": NaN,
        "Operating Income": 270,
        "EBIT": 495,
        "Net Income": 656
    },
    "2020-03-31": {
        "Diluted EPS": 1.19,
        "Total Revenue": NaN,
        "Gross Profit": NaN,
        "Operating Income": 562,
        "EBIT": 786,
        "Net Income": 350
    },
    "2019-12-31": {
        "Diluted EPS": 0.75,
        "Total Revenue": NaN,
        "Gross Profit": NaN,
        "Operating Income": 334,
        "EBIT": 564,
        "Net Income": 220
    },
    "2019-09-30": {
        "Diluted EPS": -16.65,
        "Total Revenue": NaN,
        "Gross Profit": NaN,
        "Operating Income": NaN,
        "EBIT": NaN,
        "Net Income": NaN
    },
    "2019-06-30": {
        "Diluted EPS": 0.67,
        "Total Revenue": NaN,
        "Gross Profit": NaN,
        "Operating Income": 308,
        "EBIT": 549,
        "Net Income": 194
    },
    "2019-03-31": {
        "Diluted EPS": 0.99,
        "Total Revenue": NaN,
        "Gross Profit": NaN,
        "Operating Income": 432,
        "EBIT": 693,
        "Net Income": 296
    },
    "2018-12-31": {
        "Diluted EPS": 0.93,
        "Total Revenue": NaN,
        "Gross Profit": NaN,
        "Operating Income": 504,
        "EBIT": 757,
        "Net Income": 280
    },
    "2018-09-30": {
        "Diluted EPS": 1.94,
        "Total Revenue": NaN,
        "Gross Profit": NaN,
        "Operating Income": 816,
        "EBIT": NaN,
        "Net Income": 593
    },
    "2018-06-30": {
        "Diluted EPS": -3.69,
        "Total Revenue": NaN,
        "Gross Profit": NaN,
        "Operating Income": NaN,
        "EBIT": -828,
        "Net Income": NaN
    },
    "2018-03-31": {
        "Diluted EPS": 0.81,
        "Total Revenue": NaN,
        "Gross Profit": NaN,
        "Operating Income": 546,
        "EBIT": 805,
        "Net Income": 255
    },
    "2017-12-31": {
        "Diluted EPS": 3.33,
        "Total Revenue": NaN,
        "Gross Profit": NaN,
        "Operating Income": 399,
        "EBIT": 690,
        "Net Income": NaN
    },
    "2017-09-30": {
        "Diluted EPS": 0.36,
        "Total Revenue": NaN,
        "Gross Profit": NaN,
        "Operating Income": 262,
        "EBIT": 491,
        "Net Income": 115
    },
    "2017-06-30": {
        "Diluted EPS": 0.85,
        "Total Revenue": NaN,
        "Gross Profit": NaN,
        "Operating Income": 438,
        "EBIT": 630,
        "Net Income": 274
    },
    "2017-03-31": {
        "Diluted EPS": 1.2,
        "Total Revenue": NaN,
        "Gross Profit": NaN,
        "Operating Income": 605,
        "EBIT": 791,
        "Net Income": 381
    },
    "2016-12-31": {
        "Diluted EPS": 1.02,
        "Total Revenue": NaN,
        "Gross Profit": NaN,
        "Operating Income": 542,
        "EBIT": 708,
        "Net Income": 324
    },
    "2016-09-30": {
        "Diluted EPS": 0.96,
        "Total Revenue": NaN,
        "Gross Profit": NaN,
        "Operating Income": 535,
        "EBIT": 708,
        "Net Income": 309
    },
    "2016-06-30": {
        "Diluted EPS": 1.02,
        "Total Revenue": NaN,
        "Gross Profit": NaN,
        "Operating Income": 620,
        "EBIT": 796,
        "Net Income": 332
    },
    "2016-03-31": {
        "Diluted EPS": 1.17,
        "Total Revenue": NaN,
        "Gross Profit": NaN,
        "Operating Income": 656,
        "EBIT": 815,
        "Net Income": 386
    },
    "2015-12-31": {
        "Diluted EPS": 0.98,
        "Total Revenue": NaN,
        "Gross Profit": NaN,
        "Operating Income": 563,
        "EBIT": 732,
        "Net Income": 326
    },
    "2015-09-30": {
        "Diluted EPS": 1.15,
        "Total Revenue": NaN,
        "Gross Profit": NaN,
        "Operating Income": 620,
        "EBIT": 757,
        "Net Income": 383
    },
    "2015-06-30": {
        "Diluted EPS": 0.89,
        "Total Revenue": NaN,
        "Gross Profit": NaN,
        "Operating Income": 558,
        "EBIT": 673,
        "Net Income": 295
    },
    "2015-03-31": {
        "Diluted EPS": 1.09,
        "Total Revenue": NaN,
        "Gross Profit": NaN,
        "Operating Income": 591,
        "EBIT": 707,
        "Net Income": 365
    },
    "2014-12-31": {
        "Diluted EPS": 0.86,
        "Total Revenue": NaN,
        "Gross Profit": NaN,
        "Operating Income": 546,
        "EBIT": 658,
        "Net Income": 289
    },
    "2014-09-30": {
        "Diluted EPS": 0.78,
        "Total Revenue": NaN,
        "Gross Profit": NaN,
        "Operating Income": 466,
        "EBIT": 574,
        "Net Income": 266
    },
    "2014-06-30": {
        "Diluted EPS": 0.68,
        "Total Revenue": NaN,
        "Gross Profit": NaN,
        "Operating Income": 387,
        "EBIT": 502,
        "Net Income": 234
    },
    "2014-03-31": {
        "Diluted EPS": 0.91,
        "Total Revenue": NaN,
        "Gross Profit": NaN,
        "Operating Income": 508,
        "EBIT": 618,
        "Net Income": 315
    },
    "2013-12-31": {
        "Diluted EPS": 0.8,
        "Total Revenue": NaN,
        "Gross Profit": NaN,
        "Operating Income": 519,
        "EBIT": 636,
        "Net Income": 278
    },
    "2013-09-30": {
        "Diluted EPS": 0.99,
        "Total Revenue": NaN,
        "Gross Profit": NaN,
        "Operating Income": 471,
        "EBIT": 588,
        "Net Income": 339
    },
    "2013-06-30": {
        "Diluted EPS": -1.7,
        "Total Revenue": NaN,
        "Gross Profit": NaN,
        "Operating Income": -442,
        "EBIT": -320,
        "Net Income": -585
    },
    "2013-03-31": {
        "Diluted EPS": 1.0,
        "Total Revenue": NaN,
        "Gross Profit": NaN,
        "Operating Income": 475,
        "EBIT": 574,
        "Net Income": 345
    },
    "2012-12-31": {
        "Diluted EPS": 0.88,
        "Total Revenue": NaN,
        "Gross Profit": NaN,
        "Operating Income": 506,
        "EBIT": 594,
        "Net Income": 303
    },
    "2012-09-30": {
        "Diluted EPS": 0.79,
        "Total Revenue": NaN,
        "Gross Profit": NaN,
        "Operating Income": 457,
        "EBIT": 545,
        "Net Income": 271
    },
    "2012-06-30": {
        "Diluted EPS": 0.68,
        "Total Revenue": NaN,
        "Gross Profit": NaN,
        "Operating Income": 404,
        "EBIT": 490,
        "Net Income": 237
    },
    "2012-03-31": {
        "Diluted EPS": 0.95,
        "Total Revenue": NaN,
        "Gross Profit": NaN,
        "Operating Income": 527,
        "EBIT": 610,
        "Net Income": 333
    },
    "2011-12-31": {
        "Diluted EPS": 0.75,
        "Total Revenue": NaN,
        "Gross Profit": NaN,
        "Operating Income": 449,
        "EBIT": 527,
        "Net Income": 262
    },
    "2011-09-30": {
        "Diluted EPS": 0.68,
        "Total Revenue": NaN,
        "Gross Profit": NaN,
        "Operating Income": 412,
        "EBIT": 490,
        "Net Income": 237
    },
    "2011-06-30": {
        "Diluted EPS": 0.57,
        "Total Revenue": NaN,
        "Gross Profit": NaN,
        "Operating Income": 359,
        "EBIT": 433,
        "Net Income": 203
    },
    "2011-03-31": {
        "Diluted EPS": 0.7,
        "Total Revenue": NaN,
        "Gross Profit": NaN,
        "Operating Income": 447,
        "EBIT": 545,
        "Net Income": 246
    },
    "2010-12-31": {
        "Diluted EPS": 0.61,
        "Total Revenue": NaN,
        "Gross Profit": 994,
        "Operating Income": 344,
        "EBIT": 417,
        "Net Income": 215
    },
    "2010-09-30": {
        "Diluted EPS": 0.84,
        "Total Revenue": NaN,
        "Gross Profit": 962,
        "Operating Income": 364,
        "EBIT": 432,
        "Net Income": 295
    },
    "2010-06-30": {
        "Diluted EPS": 0.62,
        "Total Revenue": NaN,
        "Gross Profit": 904,
        "Operating Income": 334,
        "EBIT": 394,
        "Net Income": 223
    },
    "2010-03-31": {
        "Diluted EPS": 0.61,
        "Total Revenue": NaN,
        "Gross Profit": NaN,
        "Operating Income": 366,
        "EBIT": 435,
        "Net Income": 222
    },
    "2009-12-31": {
        "Diluted EPS": 0.65,
        "Total Revenue": NaN,
        "Gross Profit": 958,
        "Operating Income": 367,
        "EBIT": 426,
        "Net Income": 235
    },
    "2009-09-30": {
        "Diluted EPS": -0.11,
        "Total Revenue": NaN,
        "Gross Profit": 909,
        "Operating Income": 240,
        "EBIT": 306,
        "Net Income": -38
    },
    "2009-06-30": {
        "Diluted EPS": 0.74,
        "Total Revenue": NaN,
        "Gross Profit": 944,
        "Operating Income": 307,
        "EBIT": 364,
        "Net Income": 273
    },
    "2009-03-31": {
        "Diluted EPS": 0.87,
        "Total Revenue": NaN,
        "Gross Profit": 987,
        "Operating Income": 381,
        "EBIT": 434,
        "Net Income": 313
    },
    "2023-06-30": {
        "Tax Effect Of Unusual Items": NaN,
        "Tax Rate For Calcs": NaN,
        "Normalized EBITDA": NaN,
        "Total Unusual Items": NaN,
        "Total Unusual Items Excluding Goodwill": NaN,
        "Net Income From Continuing Operation Net Minority Interest": NaN,
        "Reconciled Depreciation": NaN,
        "Reconciled Cost Of Revenue": NaN,
        "EBITDA": NaN,
        "EBIT": NaN,
        "Net Interest Income": NaN,
        "Interest Expense": NaN,
        "Normalized Income": NaN,
        "Net Income From Continuing And Discontinued Operation": NaN,
        "Total Expenses": NaN,
        "Total Operating Income As Reported": NaN,
        "Diluted Average Shares": NaN,
        "Basic Average Shares": NaN,
        "Diluted EPS": NaN,
        "Basic EPS": NaN,
        "Diluted NI Availto Com Stockholders": NaN,
        "Net Income Common Stockholders": NaN,
        "Net Income": NaN,
        "Minority Interests": NaN,
        "Net Income Including Noncontrolling Interests": NaN,
        "Net Income Continuous Operations": NaN,
        "Tax Provision": NaN,
        "Pretax Income": NaN,
        "Other Income Expense": NaN,
        "Other Non Operating Income Expenses": NaN,
        "Special Income Charges": NaN,
        "Gain On Sale Of Ppe": -367000000.0,
        "Gain On Sale Of Business": 0.0,
        "Other Special Charges": NaN,
        "Write Off": NaN,
        "Impairment Of Capital Assets": 367000000.0,
        "Restructuring And Mergern Acquisition": NaN,
        "Net Non Operating Interest Income Expense": NaN,
        "Interest Expense Non Operating": NaN,
        "Operating Income": NaN,
        "Operating Expense": NaN,
        "Depreciation Amortization Depletion Income Statement": NaN,
        "Depreciation And Amortization In Income Statement": NaN,
        "Amortization": NaN,
        "Amortization Of Intangibles Income Statement": NaN,
        "Selling General And Administration": NaN,
        "Gross Profit": NaN,
        "Cost Of Revenue": NaN,
        "Total Revenue": NaN,
        "Operating Revenue": NaN
    },
    "2023-09-30": {
        "Tax Effect Of Unusual Items": NaN,
        "Tax Rate For Calcs": NaN,
        "Normalized EBITDA": NaN,
        "Total Unusual Items": NaN,
        "Total Unusual Items Excluding Goodwill": NaN,
        "Net Income From Continuing Operation Net Minority Interest": NaN,
        "Reconciled Depreciation": NaN,
        "Reconciled Cost Of Revenue": NaN,
        "EBITDA": NaN,
        "EBIT": NaN,
        "Net Interest Income": NaN,
        "Interest Expense": NaN,
        "Normalized Income": NaN,
        "Net Income From Continuing And Discontinued Operation": NaN,
        "Total Expenses": NaN,
        "Total Operating Income As Reported": NaN,
        "Diluted Average Shares": NaN,
        "Basic Average Shares": NaN,
        "Diluted EPS": NaN,
        "Basic EPS": NaN,
        "Diluted NI Availto Com Stockholders": NaN,
        "Net Income Common Stockholders": NaN,
        "Net Income": NaN,
        "Minority Interests": NaN,
        "Net Income Including Noncontrolling Interests": NaN,
        "Net Income Continuous Operations": NaN,
        "Tax Provision": NaN,
        "Pretax Income": NaN,
        "Other Income Expense": NaN,
        "Other Non Operating Income Expenses": NaN,
        "Special Income Charges": NaN,
        "Gain On Sale Of Ppe": -541000000.0,
        "Gain On Sale Of Business": NaN,
        "Other Special Charges": NaN,
        "Write Off": NaN,
        "Impairment Of Capital Assets": 537000000.0,
        "Restructuring And Mergern Acquisition": NaN,
        "Net Non Operating Interest Income Expense": NaN,
        "Interest Expense Non Operating": NaN,
        "Operating Income": NaN,
        "Operating Expense": NaN,
        "Depreciation Amortization Depletion Income Statement": NaN,
        "Depreciation And Amortization In Income Statement": NaN,
        "Amortization": NaN,
        "Amortization Of Intangibles Income Statement": NaN,
        "Selling General And Administration": NaN,
        "Gross Profit": NaN,
        "Cost Of Revenue": NaN,
        "Total Revenue": NaN,
        "Operating Revenue": NaN
    },
    "2023-12-31": {
        "Tax Effect Of Unusual Items": -5022000.0,
        "Tax Rate For Calcs": 0.279,
        "Normalized EBITDA": 708000000.0,
        "Total Unusual Items": -18000000.0,
        "Total Unusual Items Excluding Goodwill": -18000000.0,
        "Net Income From Continuing Operation Net Minority Interest": 368000000.0,
        "Reconciled Depreciation": 175000000.0,
        "Reconciled Cost Of Revenue": 55476000000.0,
        "EBITDA": 690000000.0,
        "EBIT": 515000000.0,
        "Net Interest Income": -3000000.0,
        "Interest Expense": 3000000.0,
        "Normalized Income": 380978000.0,
        "Net Income From Continuing And Discontinued Operation": 368000000.0,
        "Total Expenses": 56919000000.0,
        "Total Operating Income As Reported": 505000000.0,
        "Diluted Average Shares": 246000000.0,
        "Basic Average Shares": 245000000.0,
        "Diluted EPS": 1.5,
        "Basic EPS": 1.5,
        "Diluted NI Availto Com Stockholders": 368000000.0,
        "Net Income Common Stockholders": 368000000.0,
        "Net Income": 368000000.0,
        "Minority Interests": -1000000.0,
        "Net Income Including Noncontrolling Interests": 369000000.0,
        "Net Income Continuous Operations": 369000000.0,
        "Tax Provision": 143000000.0,
        "Pretax Income": 512000000.0,
        "Other Income Expense": -8000000.0,
        "Other Non Operating Income Expenses": 10000000.0,
        "Special Income Charges": -18000000.0,
        "Gain On Sale Of Ppe": NaN,
        "Gain On Sale Of Business": NaN,
        "Other Special Charges": -11000000.0,
        "Write Off": 1000000.0,
        "Impairment Of Capital Assets": NaN,
        "Restructuring And Mergern Acquisition": 28000000.0,
        "Net Non Operating Interest Income Expense": -3000000.0,
        "Interest Expense Non Operating": 3000000.0,
        "Operating Income": 523000000.0,
        "Operating Expense": 1331000000.0,
        "Depreciation Amortization Depletion Income Statement": 63000000.0,
        "Depreciation And Amortization In Income Statement": 63000000.0,
        "Amortization": 63000000.0,
        "Amortization Of Intangibles Income Statement": 63000000.0,
        "Selling General And Administration": 1268000000.0,
        "Gross Profit": 1854000000.0,
        "Cost Of Revenue": 55588000000.0,
        "Total Revenue": 57442000000.0,
        "Operating Revenue": 57442000000.0
    },
    "2024-03-31": {
        "Tax Effect Of Unusual Items": -52756000.0,
        "Tax Rate For Calcs": 0.242,
        "Normalized EBITDA": 769000000.0,
        "Total Unusual Items": -218000000.0,
        "Total Unusual Items Excluding Goodwill": -218000000.0,
        "Net Income From Continuing Operation Net Minority Interest": 258000000.0,
        "Reconciled Depreciation": 177000000.0,
        "Reconciled Cost Of Revenue": 52867000000.0,
        "EBITDA": 551000000.0,
        "EBIT": 374000000.0,
        "Net Interest Income": -33000000.0,
        "Interest Expense": 33000000.0,
        "Normalized Income": 423244000.0,
        "Net Income From Continuing And Discontinued Operation": 258000000.0,
        "Total Expenses": 54326000000.0,
        "Total Operating Income As Reported": 367000000.0,
        "Diluted Average Shares": 245000000.0,
        "Basic Average Shares": 243000000.0,
        "Diluted EPS": 1.05,
        "Basic EPS": 1.06,
        "Diluted NI Availto Com Stockholders": 258000000.0,
        "Net Income Common Stockholders": 258000000.0,
        "Net Income": 258000000.0,
        "Minority Interests": -1000000.0,
        "Net Income Including Noncontrolling Interests": 259000000.0,
        "Net Income Continuous Operations": 259000000.0,
        "Tax Provision": 82000000.0,
        "Pretax Income": 341000000.0,
        "Other Income Expense": -211000000.0,
        "Other Non Operating Income Expenses": 7000000.0,
        "Special Income Charges": -218000000.0,
        "Gain On Sale Of Ppe": -84000000.0,
        "Gain On Sale Of Business": NaN,
        "Other Special Charges": 81000000.0,
        "Write Off": NaN,
        "Impairment Of Capital Assets": 84000000.0,
        "Restructuring And Mergern Acquisition": 53000000.0,
        "Net Non Operating Interest Income Expense": -33000000.0,
        "Interest Expense Non Operating": 33000000.0,
        "Operating Income": 585000000.0,
        "Operating Expense": 1362000000.0,
        "Depreciation Amortization Depletion Income Statement": 80000000.0,
        "Depreciation And Amortization In Income Statement": 80000000.0,
        "Amortization": 80000000.0,
        "Amortization Of Intangibles Income Statement": 80000000.0,
        "Selling General And Administration": 1282000000.0,
        "Gross Profit": 1947000000.0,
        "Cost Of Revenue": 52964000000.0,
        "Total Revenue": 54911000000.0,
        "Operating Revenue": 54911000000.0
    },
    "2024-06-30": {
        "Tax Effect Of Unusual Items": -27300000.0,
        "Tax Rate For Calcs": 0.21,
        "Normalized EBITDA": 708000000.0,
        "Total Unusual Items": -130000000.0,
        "Total Unusual Items Excluding Goodwill": -130000000.0,
        "Net Income From Continuing Operation Net Minority Interest": 236000000.0,
        "Reconciled Depreciation": 186000000.0,
        "Reconciled Cost Of Revenue": 57746000000.0,
        "EBITDA": 578000000.0,
        "EBIT": 392000000.0,
        "Net Interest Income": 4000000.0,
        "Interest Expense": -4000000.0,
        "Normalized Income": 338700000.0,
        "Net Income From Continuing And Discontinued Operation": 236000000.0,
        "Total Expenses": 59170000000.0,
        "Total Operating Income As Reported": 408000000.0,
        "Diluted Average Shares": 245000000.0,
        "Basic Average Shares": 244000000.0,
        "Diluted EPS": 0.96,
        "Basic EPS": 0.96,
        "Diluted NI Availto Com Stockholders": 236000000.0,
        "Net Income Common Stockholders": 236000000.0,
        "Net Income": 236000000.0,
        "Minority Interests": 2000000.0,
        "Net Income Including Noncontrolling Interests": 234000000.0,
        "Net Income Continuous Operations": 234000000.0,
        "Tax Provision": 162000000.0,
        "Pretax Income": 396000000.0,
        "Other Income Expense": -146000000.0,
        "Other Non Operating Income Expenses": -16000000.0,
        "Special Income Charges": -130000000.0,
        "Gain On Sale Of Ppe": -12000000.0,
        "Gain On Sale Of Business": NaN,
        "Other Special Charges": 49000000.0,
        "Write Off": NaN,
        "Impairment Of Capital Assets": 12000000.0,
        "Restructuring And Mergern Acquisition": 69000000.0,
        "Net Non Operating Interest Income Expense": 4000000.0,
        "Interest Expense Non Operating": -4000000.0,
        "Operating Income": 538000000.0,
        "Operating Expense": 1315000000.0,
        "Depreciation Amortization Depletion Income Statement": 77000000.0,
        "Depreciation And Amortization In Income Statement": 77000000.0,
        "Amortization": 77000000.0,
        "Amortization Of Intangibles Income Statement": 77000000.0,
        "Selling General And Administration": 1238000000.0,
        "Gross Profit": 1853000000.0,
        "Cost Of Revenue": 57855000000.0,
        "Total Revenue": 59708000000.0,
        "Operating Revenue": 59708000000.0
    },
    "2024-09-30": {
        "Tax Effect Of Unusual Items": 3910000.0,
        "Tax Rate For Calcs": 0.23,
        "Normalized EBITDA": 738000000.0,
        "Total Unusual Items": 17000000.0,
        "Total Unusual Items Excluding Goodwill": 17000000.0,
        "Net Income From Continuing Operation Net Minority Interest": 416000000.0,
        "Reconciled Depreciation": 182000000.0,
        "Reconciled Cost Of Revenue": 50267000000.0,
        "EBITDA": 755000000.0,
        "EBIT": 573000000.0,
        "Net Interest Income": -32000000.0,
        "Interest Expense": 32000000.0,
        "Normalized Income": 402910000.0,
        "Net Income From Continuing And Discontinued Operation": 416000000.0,
        "Total Expenses": 51726000000.0,
        "Total Operating Income As Reported": 568000000.0,
        "Diluted Average Shares": 245000000.0,
        "Basic Average Shares": 243000000.0,
        "Diluted EPS": 1.7,
        "Basic EPS": 1.7,
        "Diluted NI Availto Com Stockholders": 416000000.0,
        "Net Income Common Stockholders": 416000000.0,
        "Net Income": 416000000.0,
        "Minority Interests": -1000000.0,
        "Net Income Including Noncontrolling Interests": 417000000.0,
        "Net Income Continuous Operations": 417000000.0,
        "Tax Provision": 124000000.0,
        "Pretax Income": 541000000.0,
        "Other Income Expense": 22000000.0,
        "Other Non Operating Income Expenses": 5000000.0,
        "Special Income Charges": 17000000.0,
        "Gain On Sale Of Ppe": 1000000.0,
        "Gain On Sale Of Business": NaN,
        "Other Special Charges": -40000000.0,
        "Write Off": NaN,
        "Impairment Of Capital Assets": NaN,
        "Restructuring And Mergern Acquisition": 24000000.0,
        "Net Non Operating Interest Income Expense": -32000000.0,
        "Interest Expense Non Operating": 32000000.0,
        "Operating Income": 551000000.0,
        "Operating Expense": 1351000000.0,
        "Depreciation Amortization Depletion Income Statement": 74000000.0,
        "Depreciation And Amortization In Income Statement": 74000000.0,
        "Amortization": 74000000.0,
        "Amortization Of Intangibles Income Statement": 74000000.0,
        "Selling General And Administration": 1277000000.0,
        "Gross Profit": 1902000000.0,
        "Cost Of Revenue": 50375000000.0,
        "Total Revenue": 52277000000.0,
        "Operating Revenue": 52277000000.0
    },
    "2024-12-31": {
        "Tax Effect Of Unusual Items": 4066000.0,
        "Tax Rate For Calcs": 0.214,
        "Normalized EBITDA": 719000000.0,
        "Total Unusual Items": 19000000.0,
        "Total Unusual Items Excluding Goodwill": 19000000.0,
        "Net Income From Continuing Operation Net Minority Interest": 400000000.0,
        "Reconciled Depreciation": 192000000.0,
        "Reconciled Cost Of Revenue": 53236000000.0,
        "EBITDA": 738000000.0,
        "EBIT": 546000000.0,
        "Net Interest Income": -35000000.0,
        "Interest Expense": 35000000.0,
        "Normalized Income": 385066000.0,
        "Net Income From Continuing And Discontinued Operation": 400000000.0,
        "Total Expenses": 54734000000.0,
        "Total Operating Income As Reported": 549000000.0,
        "Diluted Average Shares": 243000000.0,
        "Basic Average Shares": 242000000.0,
        "Diluted EPS": 1.65,
        "Basic EPS": 1.65,
        "Diluted NI Availto Com Stockholders": 400000000.0,
        "Net Income Common Stockholders": 400000000.0,
        "Net Income": 400000000.0,
        "Minority Interests": -1000000.0,
        "Net Income Including Noncontrolling Interests": 401000000.0,
        "Net Income Continuous Operations": 401000000.0,
        "Tax Provision": 110000000.0,
        "Pretax Income": 511000000.0,
        "Other Income Expense": 16000000.0,
        "Other Non Operating Income Expenses": -3000000.0,
        "Special Income Charges": 19000000.0,
        "Gain On Sale Of Ppe": NaN,
        "Gain On Sale Of Business": NaN,
        "Other Special Charges": -31000000.0,
        "Write Off": 3000000.0,
        "Impairment Of Capital Assets": NaN,
        "Restructuring And Mergern Acquisition": 9000000.0,
        "Net Non Operating Interest Income Expense": -35000000.0,
        "Interest Expense Non Operating": 35000000.0,
        "Operating Income": 530000000.0,
        "Operating Expense": 1411000000.0,
        "Depreciation Amortization Depletion Income Statement": 105000000.0,
        "Depreciation And Amortization In Income Statement": 105000000.0,
        "Amortization": 105000000.0,
        "Amortization Of Intangibles Income Statement": 105000000.0,
        "Selling General And Administration": 1306000000.0,
        "Gross Profit": 1941000000.0,
        "Cost Of Revenue": 53323000000.0,
        "Total Revenue": 55264000000.0,
        "Operating Revenue": 55264000000.0
    }
}