{
    "2023-03-31": {
        "Tax Effect Of Unusual Items": NaN,
        "Tax Rate For Calcs": NaN,
        "Normalized EBITDA": NaN,
        "Total Unusual Items": 3168000.0,
        "Total Unusual Items Excluding Goodwill": 3168000.0,
        "Net Income From Continuing Operation Net Minority Interest": NaN,
        "Reconciled Depreciation": NaN,
        "EBITDA": NaN,
        "EBIT": NaN,
        "Normalized Income": NaN,
        "Net Income From Continuing And Discontinued Operation": NaN,
        "Total Expenses": NaN,
        "Total Operating Income As Reported": NaN,
        "Diluted Average Shares": 823069.0,
        "Basic Average Shares": 823069.0,
        "Diluted EPS": -23.43,
        "Basic EPS": -23.43,
        "Diluted NI Availto Com Stockholders": NaN,
        "Net Income Common Stockholders": NaN,
        "Net Income": NaN,
        "Net Income Including Noncontrolling Interests": NaN,
        "Net Income Continuous Operations": NaN,
        "Pretax Income": NaN,
        "Other Income Expense": NaN,
        "Other Non Operating Income Expenses": NaN,
        "Gain On Sale Of Security": 3168000.0,
        "Operating Income": NaN,
        "Operating Expense": NaN,
        "Research And Development": NaN,
        "Selling General And Administration": NaN,
        "General And Administrative Expense": NaN,
        "Other Gand A": NaN,
        "Salaries And Wages": NaN,
        "Total Revenue": NaN,
        "Operating Revenue": NaN
    },
    "2022-12-31": {
        "Tax Effect Of Unusual Items": NaN,
        "Tax Rate For Calcs": NaN,
        "Normalized EBITDA": NaN,
        "Total Unusual Items": -528000.0,
        "Total Unusual Items Excluding Goodwill": -528000.0,
        "Net Income From Continuing Operation Net Minority Interest": NaN,
        "Reconciled Depreciation": NaN,
        "EBITDA": NaN,
        "EBIT": NaN,
        "Net Interest Income": 309000.0,
        "Interest Income": 309000.0,
        "Normalized Income": NaN,
        "Net Income From Continuing And Discontinued Operation": NaN,
        "Total Expenses": NaN,
        "Total Operating Income As Reported": NaN,
        "Diluted Average Shares": NaN,
        "Basic Average Shares": NaN,
        "Diluted EPS": NaN,
        "Basic EPS": NaN,
        "Diluted NI Availto Com Stockholders": NaN,
        "Net Income Common Stockholders": NaN,
        "Net Income": NaN,
        "Net Income Including Noncontrolling Interests": NaN,
        "Net Income Continuous Operations": NaN,
        "Pretax Income": NaN,
        "Other Income Expense": NaN,
        "Other Non Operating Income Expenses": NaN,
        "Special Income Charges": -528000.0,
        "Impairment Of Capital Assets": 0.0,
        "Restructuring And Mergern Acquisition": 528000.0,
        "Gain On Sale Of Security": NaN,
        "Net Non Operating Interest Income Expense": 309000.0,
        "Interest Income Non Operating": 309000.0,
        "Operating Income": NaN,
        "Operating Expense": NaN,
        "Research And Development": NaN,
        "Selling General And Administration": NaN,
        "General And Administrative Expense": NaN,
        "Other Gand A": NaN,
        "Salaries And Wages": NaN,
        "Total Revenue": NaN,
        "Operating Revenue": NaN
    },
    "2022-09-30": {
        "Tax Effect Of Unusual Items": NaN,
        "Tax Rate For Calcs": NaN,
        "Normalized EBITDA": NaN,
        "Total Unusual Items": 756000.0,
        "Total Unusual Items Excluding Goodwill": 756000.0,
        "Net Income From Continuing Operation Net Minority Interest": NaN,
        "Reconciled Depreciation": NaN,
        "EBITDA": NaN,
        "EBIT": NaN,
        "Net Interest Income": 171000.0,
        "Interest Income": 171000.0,
        "Normalized Income": NaN,
        "Net Income From Continuing And Discontinued Operation": NaN,
        "Total Expenses": NaN,
        "Total Operating Income As Reported": NaN,
        "Diluted Average Shares": 83154.0,
        "Basic Average Shares": 83154.0,
        "Diluted EPS": -31.04,
        "Basic EPS": -31.04,
        "Diluted NI Availto Com Stockholders": NaN,
        "Net Income Common Stockholders": NaN,
        "Net Income": NaN,
        "Net Income Including Noncontrolling Interests": NaN,
        "Net Income Continuous Operations": NaN,
        "Pretax Income": NaN,
        "Other Income Expense": NaN,
        "Other Non Operating Income Expenses": NaN,
        "Special Income Charges": -2435000.0,
        "Impairment Of Capital Assets": NaN,
        "Restructuring And Mergern Acquisition": 2435000.0,
        "Gain On Sale Of Security": 756000.0,
        "Net Non Operating Interest Income Expense": 171000.0,
        "Interest Income Non Operating": 171000.0,
        "Operating Income": NaN,
        "Operating Expense": NaN,
        "Research And Development": NaN,
        "Selling General And Administration": NaN,
        "General And Administrative Expense": NaN,
        "Other Gand A": NaN,
        "Salaries And Wages": NaN,
        "Total Revenue": NaN,
        "Operating Revenue": NaN
    },
    "2022-06-30": {
        "Tax Effect Of Unusual Items": 0.0,
        "Tax Rate For Calcs": 0.0,
        "Normalized EBITDA": -8301000.0,
        "Total Unusual Items": 0.0,
        "Total Unusual Items Excluding Goodwill": 0.0,
        "Net Income From Continuing Operation Net Minority Interest": -8241000.0,
        "Reconciled Depreciation": 125000.0,
        "EBITDA": -8301000.0,
        "EBIT": -8301000.0,
        "Net Interest Income": 60000.0,
        "Interest Income": 60000.0,
        "Normalized Income": -8241000.0,
        "Net Income From Continuing And Discontinued Operation": -8241000.0,
        "Total Expenses": 8301000.0,
        "Total Operating Income As Reported": -8301000.0,
        "Diluted Average Shares": 5921.0,
        "Basic Average Shares": 5921.0,
        "Diluted EPS": -511.904762,
        "Basic EPS": -511.904762,
        "Diluted NI Availto Com Stockholders": -8241000.0,
        "Net Income Common Stockholders": -8241000.0,
        "Net Income": -8241000.0,
        "Net Income Including Noncontrolling Interests": -8241000.0,
        "Net Income Continuous Operations": -8241000.0,
        "Pretax Income": -8241000.0,
        "Other Income Expense": NaN,
        "Other Non Operating Income Expenses": NaN,
        "Special Income Charges": 0.0,
        "Write Off": 0.0,
        "Impairment Of Capital Assets": 0.0,
        "Restructuring And Mergern Acquisition": NaN,
        "Gain On Sale Of Security": NaN,
        "Net Non Operating Interest Income Expense": 60000.0,
        "Interest Income Non Operating": 60000.0,
        "Operating Income": -8301000.0,
        "Operating Expense": 8301000.0,
        "Research And Development": 4058000.0,
        "Selling General And Administration": 4243000.0,
        "General And Administrative Expense": 4243000.0,
        "Other Gand A": 4243000.0,
        "Salaries And Wages": 2092000.0,
        "Total Revenue": 0.0,
        "Operating Revenue": 0.0
    },
    "2022-03-31": {
        "Diluted EPS": -46.13,
        "Total Revenue": NaN,
        "Gross Profit": NaN,
        "Operating Income": -4,
        "EBIT": -4,
        "Net Income": -4
    },
    "2021-12-31": {
        "Diluted EPS": -5.74,
        "Total Revenue": NaN,
        "Gross Profit": NaN,
        "Operating Income": -9,
        "EBIT": -9,
        "Net Income": -9
    },
    "2021-09-30": {
        "Diluted EPS": -5.32,
        "Total Revenue": NaN,
        "Gross Profit": NaN,
        "Operating Income": -8,
        "EBIT": -8,
        "Net Income": -8
    },
    "2021-06-30": {
        "Diluted EPS": -5.04,
        "Total Revenue": NaN,
        "Gross Profit": NaN,
        "Operating Income": -8,
        "EBIT": -8,
        "Net Income": -8
    },
    "2021-03-31": {
        "Diluted EPS": -7.56,
        "Total Revenue": NaN,
        "Gross Profit": NaN,
        "Operating Income": -11,
        "EBIT": -11,
        "Net Income": -11
    },
    "2020-12-31": {
        "Diluted EPS": 149.44,
        "Total Revenue": NaN,
        "Gross Profit": NaN,
        "Operating Income": -9,
        "EBIT": -9,
        "Net Income": -9
    },
    "2020-09-30": {
        "Diluted EPS": -35.29,
        "Total Revenue": NaN,
        "Gross Profit": NaN,
        "Operating Income": -7,
        "EBIT": -7,
        "Net Income": -7
    },
    "2020-06-30": {
        "Diluted EPS": -95.1,
        "Total Revenue": NaN,
        "Gross Profit": NaN,
        "Operating Income": -6,
        "EBIT": -6,
        "Net Income": -9
    },
    "2020-03-31": {
        "Diluted EPS": -92.58,
        "Total Revenue": NaN,
        "Gross Profit": NaN,
        "Operating Income": -8,
        "EBIT": -8,
        "Net Income": -9
    },
    "2019-12-31": {
        "Diluted EPS": 0.0,
        "Total Revenue": NaN,
        "Gross Profit": NaN,
        "Operating Income": NaN,
        "EBIT": NaN,
        "Net Income": NaN
    },
    "2019-09-30": {
        "Diluted EPS": -130.25,
        "Total Revenue": NaN,
        "Gross Profit": NaN,
        "Operating Income": -10,
        "EBIT": -10,
        "Net Income": -12
    },
    "2018-12-31": {
        "Diluted EPS": 0.0,
        "Total Revenue": NaN,
        "Gross Profit": NaN,
        "Operating Income": NaN,
        "EBIT": NaN,
        "Net Income": NaN
    },
    "2023-06-30": {
        "Tax Effect Of Unusual Items": 0.0,
        "Tax Rate For Calcs": 0.0,
        "Normalized EBITDA": -6569000.0,
        "Total Unusual Items": NaN,
        "Total Unusual Items Excluding Goodwill": NaN,
        "Net Income From Continuing Operation Net Minority Interest": -6304000.0,
        "Reconciled Depreciation": 14000.0,
        "EBITDA": -6569000.0,
        "EBIT": -6583000.0,
        "Normalized Income": -6304000.0,
        "Net Income From Continuing And Discontinued Operation": -6304000.0,
        "Total Expenses": 6583000.0,
        "Total Operating Income As Reported": -6583000.0,
        "Diluted Average Shares": 5661933.0,
        "Basic Average Shares": 5661933.0,
        "Diluted EPS": -1.11,
        "Basic EPS": -1.11,
        "Diluted NI Availto Com Stockholders": -6304000.0,
        "Net Income Common Stockholders": -6304000.0,
        "Net Income": -6304000.0,
        "Net Income Including Noncontrolling Interests": -6304000.0,
        "Net Income Continuous Operations": -6304000.0,
        "Pretax Income": -6304000.0,
        "Other Income Expense": 279000.0,
        "Other Non Operating Income Expenses": 279000.0,
        "Gain On Sale Of Security": NaN,
        "Operating Income": -6583000.0,
        "Operating Expense": 6583000.0,
        "Research And Development": 3814000.0,
        "Selling General And Administration": 2769000.0,
        "General And Administrative Expense": 2769000.0,
        "Other Gand A": 1997000.0,
        "Salaries And Wages": 772000.0,
        "Total Revenue": 0.0,
        "Operating Revenue": 0.0
    },
    "2023-09-30": {
        "Tax Effect Of Unusual Items": 0.0,
        "Tax Rate For Calcs": 0.0,
        "Normalized EBITDA": -4821000.0,
        "Total Unusual Items": NaN,
        "Total Unusual Items Excluding Goodwill": NaN,
        "Net Income From Continuing Operation Net Minority Interest": -4619000.0,
        "Reconciled Depreciation": 12000.0,
        "EBITDA": -4821000.0,
        "EBIT": -4833000.0,
        "Normalized Income": -4619000.0,
        "Net Income From Continuing And Discontinued Operation": -4619000.0,
        "Total Expenses": 4833000.0,
        "Total Operating Income As Reported": -4833000.0,
        "Diluted Average Shares": 5667343.0,
        "Basic Average Shares": 5667343.0,
        "Diluted EPS": -0.82,
        "Basic EPS": -0.82,
        "Diluted NI Availto Com Stockholders": -4619000.0,
        "Net Income Common Stockholders": -4619000.0,
        "Net Income": -4619000.0,
        "Net Income Including Noncontrolling Interests": -4619000.0,
        "Net Income Continuous Operations": -4619000.0,
        "Pretax Income": -4619000.0,
        "Other Income Expense": 214000.0,
        "Other Non Operating Income Expenses": 214000.0,
        "Gain On Sale Of Security": NaN,
        "Operating Income": -4833000.0,
        "Operating Expense": 4833000.0,
        "Research And Development": 2772000.0,
        "Selling General And Administration": 2061000.0,
        "General And Administrative Expense": 2061000.0,
        "Other Gand A": 1218000.0,
        "Salaries And Wages": 843000.0,
        "Total Revenue": 0.0,
        "Operating Revenue": 0.0
    },
    "2023-12-31": {
        "Tax Effect Of Unusual Items": 0.0,
        "Tax Rate For Calcs": 0.0,
        "Normalized EBITDA": -472000.0,
        "Total Unusual Items": 0.0,
        "Total Unusual Items Excluding Goodwill": 0.0,
        "Net Income From Continuing Operation Net Minority Interest": -4146000.0,
        "Reconciled Depreciation": 19000.0,
        "EBITDA": -472000.0,
        "EBIT": -491000.0,
        "Normalized Income": -4146000.0,
        "Net Income From Continuing And Discontinued Operation": -4146000.0,
        "Total Expenses": 4319000.0,
        "Total Operating Income As Reported": -4319000.0,
        "Diluted Average Shares": NaN,
        "Basic Average Shares": NaN,
        "Diluted EPS": NaN,
        "Basic EPS": NaN,
        "Diluted NI Availto Com Stockholders": -4146000.0,
        "Net Income Common Stockholders": -4146000.0,
        "Net Income": -4146000.0,
        "Net Income Including Noncontrolling Interests": -4146000.0,
        "Net Income Continuous Operations": -4146000.0,
        "Pretax Income": -4146000.0,
        "Other Income Expense": 283000.0,
        "Other Non Operating Income Expenses": 283000.0,
        "Gain On Sale Of Security": 0.0,
        "Operating Income": -4319000.0,
        "Operating Expense": 4319000.0,
        "Research And Development": 2782000.0,
        "Selling General And Administration": 1537000.0,
        "General And Administrative Expense": 1537000.0,
        "Other Gand A": 1042000.0,
        "Salaries And Wages": 495000.0,
        "Total Revenue": 0.0,
        "Operating Revenue": 0.0
    },
    "2024-03-31": {
        "Tax Effect Of Unusual Items": 1173900.0,
        "Tax Rate For Calcs": 0.21,
        "Normalized EBITDA": -11342000.0,
        "Total Unusual Items": 5590000.0,
        "Total Unusual Items Excluding Goodwill": 5590000.0,
        "Net Income From Continuing Operation Net Minority Interest": 130000.0,
        "Reconciled Depreciation": 15000.0,
        "EBITDA": -5752000.0,
        "EBIT": -5767000.0,
        "Normalized Income": -4286100.0,
        "Net Income From Continuing And Discontinued Operation": 130000.0,
        "Total Expenses": 5767000.0,
        "Total Operating Income As Reported": -5767000.0,
        "Diluted Average Shares": 10047415.0,
        "Basic Average Shares": 9754517.0,
        "Diluted EPS": 0.01,
        "Basic EPS": 0.01,
        "Diluted NI Availto Com Stockholders": 130000.0,
        "Net Income Common Stockholders": 130000.0,
        "Net Income": 130000.0,
        "Net Income Including Noncontrolling Interests": 130000.0,
        "Net Income Continuous Operations": 130000.0,
        "Pretax Income": 130000.0,
        "Other Income Expense": 5897000.0,
        "Other Non Operating Income Expenses": 307000.0,
        "Gain On Sale Of Security": 5590000.0,
        "Operating Income": -5767000.0,
        "Operating Expense": 5767000.0,
        "Research And Development": 2944000.0,
        "Selling General And Administration": 2823000.0,
        "General And Administrative Expense": 2823000.0,
        "Other Gand A": 2002000.0,
        "Salaries And Wages": 821000.0,
        "Total Revenue": 0.0,
        "Operating Revenue": 0.0
    },
    "2024-06-30": {
        "Tax Effect Of Unusual Items": 0.0,
        "Tax Rate For Calcs": 0.0,
        "Normalized EBITDA": -8815000.0,
        "Total Unusual Items": 2300000.0,
        "Total Unusual Items Excluding Goodwill": 2300000.0,
        "Net Income From Continuing Operation Net Minority Interest": -3954000.0,
        "Reconciled Depreciation": 14000.0,
        "EBITDA": -6515000.0,
        "EBIT": -6529000.0,
        "Normalized Income": -6254000.0,
        "Net Income From Continuing And Discontinued Operation": -3954000.0,
        "Total Expenses": 6529000.0,
        "Total Operating Income As Reported": -6529000.0,
        "Diluted Average Shares": 11129053.0,
        "Basic Average Shares": 11129053.0,
        "Diluted EPS": -0.36,
        "Basic EPS": -0.36,
        "Diluted NI Availto Com Stockholders": -3954000.0,
        "Net Income Common Stockholders": -3954000.0,
        "Net Income": -3954000.0,
        "Net Income Including Noncontrolling Interests": -3954000.0,
        "Net Income Continuous Operations": -3954000.0,
        "Pretax Income": -3954000.0,
        "Other Income Expense": 2575000.0,
        "Other Non Operating Income Expenses": 275000.0,
        "Gain On Sale Of Security": 2300000.0,
        "Operating Income": -6529000.0,
        "Operating Expense": 6529000.0,
        "Research And Development": 4157000.0,
        "Selling General And Administration": 2372000.0,
        "General And Administrative Expense": 2372000.0,
        "Other Gand A": 1487000.0,
        "Salaries And Wages": 885000.0,
        "Total Revenue": 0.0,
        "Operating Revenue": 0.0
    }
}