{
    "2023-03-31": {
        "Tax Effect Of Unusual Items": 0.0,
        "Tax Rate For Calcs": 0.0,
        "Normalized EBITDA": -8371049.0,
        "Total Unusual Items": 416442.0,
        "Total Unusual Items Excluding Goodwill": 416442.0,
        "Net Income From Continuing Operation Net Minority Interest": -7768266.0,
        "Reconciled Depreciation": 230101.0,
        "EBITDA": -7954607.0,
        "EBIT": -8184708.0,
        "Normalized Income": -8184708.0,
        "Net Income From Continuing And Discontinued Operation": -7768266.0,
        "Total Expenses": 11171404.0,
        "Total Operating Income As Reported": -8184708.0,
        "Diluted Average Shares": 25247354.0,
        "Basic Average Shares": 25247354.0,
        "Diluted EPS": -0.31,
        "Basic EPS": -0.31,
        "Diluted NI Availto Com Stockholders": -7768266.0,
        "Net Income Common Stockholders": -7768266.0,
        "Net Income": -7768266.0,
        "Net Income Including Noncontrolling Interests": -7768266.0,
        "Net Income Continuous Operations": -7768266.0,
        "Pretax Income": -7768266.0,
        "Other Income Expense": 416442.0,
        "Special Income Charges": NaN,
        "Gain On Sale Of Ppe": NaN,
        "Gain On Sale Of Security": 416442.0,
        "Operating Income": -8184708.0,
        "Operating Expense": 11171404.0,
        "Depreciation Amortization Depletion Income Statement": 92351.0,
        "Depreciation And Amortization In Income Statement": 92351.0,
        "Depreciation Income Statement": 92351.0,
        "Research And Development": 7661519.0,
        "Selling General And Administration": 3417534.0,
        "General And Administrative Expense": 3417534.0,
        "Other Gand A": 789926.0,
        "Salaries And Wages": 2627608.0,
        "Total Revenue": 2986696.0,
        "Operating Revenue": 2986696.0
    },
    "2022-12-31": {
        "Tax Effect Of Unusual Items": 0.0,
        "Tax Rate For Calcs": 0.0,
        "Normalized EBITDA": -8220176.0,
        "Total Unusual Items": 345433.0,
        "Total Unusual Items Excluding Goodwill": 345433.0,
        "Net Income From Continuing Operation Net Minority Interest": -7720912.0,
        "Reconciled Depreciation": 191602.0,
        "EBITDA": -7874743.0,
        "EBIT": -8066345.0,
        "Normalized Income": -8066345.0,
        "Net Income From Continuing And Discontinued Operation": -7720912.0,
        "Total Expenses": 9026248.0,
        "Total Operating Income As Reported": -8066345.0,
        "Diluted Average Shares": 25163711.0,
        "Basic Average Shares": 25163711.0,
        "Diluted EPS": -0.31,
        "Basic EPS": -0.31,
        "Diluted NI Availto Com Stockholders": -7720912.0,
        "Net Income Common Stockholders": -7720912.0,
        "Net Income": -7720912.0,
        "Net Income Including Noncontrolling Interests": -7720912.0,
        "Net Income Continuous Operations": -7720912.0,
        "Pretax Income": -7720912.0,
        "Other Income Expense": 345433.0,
        "Other Non Operating Income Expenses": 0.0,
        "Special Income Charges": -34266.0,
        "Gain On Sale Of Ppe": NaN,
        "Gain On Sale Of Security": 379699.0,
        "Operating Income": -8066345.0,
        "Operating Expense": 9026248.0,
        "Research And Development": 6231806.0,
        "Selling General And Administration": 2794442.0,
        "General And Administrative Expense": 2794442.0,
        "Other Gand A": -4143011.0,
        "Salaries And Wages": NaN,
        "Total Revenue": 959903.0,
        "Operating Revenue": 959903.0
    },
    "2022-09-30": {
        "Tax Effect Of Unusual Items": 0.0,
        "Tax Rate For Calcs": 0.0,
        "Normalized EBITDA": -6447357.0,
        "Total Unusual Items": 106635.0,
        "Total Unusual Items Excluding Goodwill": 106635.0,
        "Net Income From Continuing Operation Net Minority Interest": -6371115.0,
        "Reconciled Depreciation": 137028.0,
        "EBITDA": -6340722.0,
        "EBIT": -6477750.0,
        "Normalized Income": -6477750.0,
        "Net Income From Continuing And Discontinued Operation": -6371115.0,
        "Total Expenses": 8069316.0,
        "Total Operating Income As Reported": -6477750.0,
        "Diluted Average Shares": 24431787.0,
        "Basic Average Shares": 24431787.0,
        "Diluted EPS": -0.26,
        "Basic EPS": -0.26,
        "Diluted NI Availto Com Stockholders": -6371115.0,
        "Net Income Common Stockholders": -6371115.0,
        "Net Income": -6371115.0,
        "Net Income Including Noncontrolling Interests": -6371115.0,
        "Net Income Continuous Operations": -6371115.0,
        "Pretax Income": -6371115.0,
        "Other Income Expense": 106635.0,
        "Other Non Operating Income Expenses": NaN,
        "Special Income Charges": 0.0,
        "Gain On Sale Of Ppe": NaN,
        "Gain On Sale Of Security": 106635.0,
        "Operating Income": -6477750.0,
        "Operating Expense": 8069316.0,
        "Research And Development": 5504356.0,
        "Selling General And Administration": 2564960.0,
        "General And Administrative Expense": 2564960.0,
        "Other Gand A": 2564960.0,
        "Salaries And Wages": NaN,
        "Total Revenue": 1591566.0,
        "Operating Revenue": 1591566.0
    },
    "2022-06-30": {
        "Tax Effect Of Unusual Items": 0.0,
        "Tax Rate For Calcs": 0.0,
        "Normalized EBITDA": -7343515.0,
        "Total Unusual Items": 21761.0,
        "Total Unusual Items Excluding Goodwill": 21761.0,
        "Net Income From Continuing Operation Net Minority Interest": -7109411.0,
        "Reconciled Depreciation": 112011.0,
        "EBITDA": -7321754.0,
        "EBIT": -7321754.0,
        "Normalized Income": -7131172.0,
        "Net Income From Continuing And Discontinued Operation": -7109411.0,
        "Total Expenses": 7321754.0,
        "Total Operating Income As Reported": -7321754.0,
        "Diluted Average Shares": 24324156.0,
        "Basic Average Shares": 24324156.0,
        "Diluted EPS": -0.29,
        "Basic EPS": -0.29,
        "Diluted NI Availto Com Stockholders": -7109411.0,
        "Net Income Common Stockholders": -7109411.0,
        "Net Income": -7109411.0,
        "Net Income Including Noncontrolling Interests": -7109411.0,
        "Net Income Continuous Operations": -7109411.0,
        "Pretax Income": -7109411.0,
        "Other Income Expense": 212343.0,
        "Other Non Operating Income Expenses": 190582.0,
        "Special Income Charges": 0.0,
        "Gain On Sale Of Ppe": NaN,
        "Gain On Sale Of Security": 21761.0,
        "Operating Income": -7321754.0,
        "Operating Expense": 7321754.0,
        "Research And Development": 4965088.0,
        "Selling General And Administration": 2356666.0,
        "General And Administrative Expense": 2356666.0,
        "Other Gand A": 2356666.0,
        "Salaries And Wages": NaN,
        "Total Revenue": 0.0,
        "Operating Revenue": 0.0
    },
    "2022-03-31": {
        "Diluted EPS": -0.32,
        "Total Revenue": NaN,
        "Gross Profit": NaN,
        "Operating Income": -8,
        "EBIT": -8,
        "Net Income": -8
    },
    "2021-12-31": {
        "Diluted EPS": -0.26,
        "Total Revenue": 0,
        "Gross Profit": 0,
        "Operating Income": -6,
        "EBIT": -6,
        "Net Income": -6
    },
    "2021-09-30": {
        "Diluted EPS": -0.17,
        "Total Revenue": NaN,
        "Gross Profit": NaN,
        "Operating Income": -4,
        "EBIT": -4,
        "Net Income": -4
    },
    "2021-06-30": {
        "Diluted EPS": -0.21,
        "Total Revenue": 0,
        "Gross Profit": 0,
        "Operating Income": -5,
        "EBIT": -5,
        "Net Income": -5
    },
    "2021-03-31": {
        "Diluted EPS": -0.23,
        "Total Revenue": 0,
        "Gross Profit": 0,
        "Operating Income": -5,
        "EBIT": -5,
        "Net Income": -5
    },
    "2020-12-31": {
        "Diluted EPS": -0.15,
        "Total Revenue": 0,
        "Gross Profit": 0,
        "Operating Income": -4,
        "EBIT": -4,
        "Net Income": -4
    },
    "2020-09-30": {
        "Diluted EPS": -0.2,
        "Total Revenue": 0,
        "Gross Profit": 0,
        "Operating Income": -4,
        "EBIT": -4,
        "Net Income": -4
    },
    "2020-06-30": {
        "Diluted EPS": -0.23,
        "Total Revenue": 0,
        "Gross Profit": 0,
        "Operating Income": -3,
        "EBIT": -3,
        "Net Income": -3
    },
    "2020-03-31": {
        "Diluted EPS": -0.3,
        "Total Revenue": 0,
        "Gross Profit": 0,
        "Operating Income": -2,
        "EBIT": -2,
        "Net Income": -2
    },
    "2019-12-31": {
        "Diluted EPS": -0.29,
        "Total Revenue": 0,
        "Gross Profit": 0,
        "Operating Income": -1,
        "EBIT": -1,
        "Net Income": -1
    },
    "2019-09-30": {
        "Diluted EPS": -0.43,
        "Total Revenue": 0,
        "Gross Profit": 0,
        "Operating Income": -2,
        "EBIT": -2,
        "Net Income": -2
    },
    "2019-06-30": {
        "Diluted EPS": -0.59,
        "Total Revenue": 0,
        "Gross Profit": 0,
        "Operating Income": -2,
        "EBIT": -2,
        "Net Income": -2
    },
    "2019-03-31": {
        "Diluted EPS": -0.75,
        "Total Revenue": 0,
        "Gross Profit": 0,
        "Operating Income": -3,
        "EBIT": -3,
        "Net Income": -3
    },
    "2018-12-31": {
        "Diluted EPS": -1.0,
        "Total Revenue": 1,
        "Gross Profit": 1,
        "Operating Income": -3,
        "EBIT": -3,
        "Net Income": -3
    },
    "2018-09-30": {
        "Diluted EPS": -1.35,
        "Total Revenue": 0,
        "Gross Profit": 0,
        "Operating Income": -4,
        "EBIT": -4,
        "Net Income": -4
    },
    "2018-06-30": {
        "Diluted EPS": -1.42,
        "Total Revenue": 0,
        "Gross Profit": 0,
        "Operating Income": -4,
        "EBIT": -4,
        "Net Income": -4
    },
    "2018-03-31": {
        "Diluted EPS": -1.4,
        "Total Revenue": 0,
        "Gross Profit": 0,
        "Operating Income": -4,
        "EBIT": -4,
        "Net Income": -4
    },
    "2017-12-31": {
        "Diluted EPS": 5.4,
        "Total Revenue": 0,
        "Gross Profit": 0,
        "Operating Income": -3,
        "EBIT": -3,
        "Net Income": 12
    },
    "2017-09-30": {
        "Diluted EPS": -1.2,
        "Total Revenue": 0,
        "Gross Profit": 0,
        "Operating Income": -3,
        "EBIT": -3,
        "Net Income": -3
    },
    "2017-06-30": {
        "Diluted EPS": -1.6,
        "Total Revenue": 1,
        "Gross Profit": 1,
        "Operating Income": -3,
        "EBIT": -3,
        "Net Income": -3
    },
    "2017-03-31": {
        "Diluted EPS": -1.7,
        "Total Revenue": 1,
        "Gross Profit": 1,
        "Operating Income": -4,
        "EBIT": -4,
        "Net Income": -4
    },
    "2016-12-31": {
        "Diluted EPS": -2.0,
        "Total Revenue": 1,
        "Gross Profit": 1,
        "Operating Income": -3,
        "EBIT": -3,
        "Net Income": -5
    },
    "2016-09-30": {
        "Diluted EPS": -2.9,
        "Total Revenue": 1,
        "Gross Profit": 1,
        "Operating Income": -5,
        "EBIT": -5,
        "Net Income": -5
    },
    "2016-06-30": {
        "Diluted EPS": -2.6,
        "Total Revenue": 1,
        "Gross Profit": 1,
        "Operating Income": -5,
        "EBIT": -5,
        "Net Income": -5
    },
    "2016-03-31": {
        "Diluted EPS": -2.6,
        "Total Revenue": 1,
        "Gross Profit": 1,
        "Operating Income": -4,
        "EBIT": -4,
        "Net Income": -4
    },
    "2015-12-31": {
        "Diluted EPS": -2.1,
        "Total Revenue": 1,
        "Gross Profit": 1,
        "Operating Income": -3,
        "EBIT": -3,
        "Net Income": -3
    },
    "2015-09-30": {
        "Diluted EPS": -1.8,
        "Total Revenue": 1,
        "Gross Profit": 1,
        "Operating Income": -3,
        "EBIT": -3,
        "Net Income": -3
    },
    "2015-06-30": {
        "Diluted EPS": -1.9,
        "Total Revenue": 1,
        "Gross Profit": 1,
        "Operating Income": -3,
        "EBIT": -3,
        "Net Income": -3
    },
    "2015-03-31": {
        "Diluted EPS": -2.3,
        "Total Revenue": 2,
        "Gross Profit": 2,
        "Operating Income": -3,
        "EBIT": -3,
        "Net Income": -3
    },
    "2014-12-31": {
        "Diluted EPS": -1.7,
        "Total Revenue": 1,
        "Gross Profit": 1,
        "Operating Income": -2,
        "EBIT": -2,
        "Net Income": -2
    },
    "2014-09-30": {
        "Diluted EPS": -1.3,
        "Total Revenue": 1,
        "Gross Profit": 1,
        "Operating Income": -1,
        "EBIT": -1,
        "Net Income": -2
    },
    "2014-06-30": {
        "Diluted EPS": -1.3,
        "Total Revenue": 1,
        "Gross Profit": 1,
        "Operating Income": -1,
        "EBIT": -1,
        "Net Income": -2
    },
    "2014-03-31": {
        "Diluted EPS": -1.0,
        "Total Revenue": 1,
        "Gross Profit": 1,
        "Operating Income": -1,
        "EBIT": -1,
        "Net Income": -1
    },
    "2013-12-31": {
        "Diluted EPS": -4.0,
        "Total Revenue": 0,
        "Gross Profit": 0,
        "Operating Income": -2,
        "EBIT": -2,
        "Net Income": -4
    },
    "2013-09-30": {
        "Diluted EPS": -1.5,
        "Total Revenue": 0,
        "Gross Profit": 0,
        "Operating Income": -1,
        "EBIT": -1,
        "Net Income": -2
    },
    "2013-06-30": {
        "Diluted EPS": -1.6,
        "Total Revenue": 0,
        "Gross Profit": 0,
        "Operating Income": -2,
        "EBIT": -2,
        "Net Income": -2
    },
    "2013-03-31": {
        "Diluted EPS": -1.4,
        "Total Revenue": 0,
        "Gross Profit": 0,
        "Operating Income": -1,
        "EBIT": -1,
        "Net Income": -1
    },
    "2012-12-31": {
        "Diluted EPS": 17.9,
        "Total Revenue": 2,
        "Gross Profit": 2,
        "Operating Income": 0,
        "EBIT": 0,
        "Net Income": 0
    },
    "2012-09-30": {
        "Diluted EPS": -5.0,
        "Total Revenue": NaN,
        "Gross Profit": NaN,
        "Operating Income": -1,
        "EBIT": -1,
        "Net Income": -1
    },
    "2012-06-30": {
        "Diluted EPS": -5.0,
        "Total Revenue": NaN,
        "Gross Profit": NaN,
        "Operating Income": -1,
        "EBIT": -1,
        "Net Income": 0
    },
    "2012-03-31": {
        "Diluted EPS": -10.0,
        "Total Revenue": 0,
        "Gross Profit": 0,
        "Operating Income": -1,
        "EBIT": -1,
        "Net Income": -1
    },
    "2011-12-31": {
        "Diluted EPS": -20.0,
        "Total Revenue": 0,
        "Gross Profit": 0,
        "Operating Income": -2,
        "EBIT": -2,
        "Net Income": -2
    },
    "2011-09-30": {
        "Diluted EPS": -15.0,
        "Total Revenue": 1,
        "Gross Profit": 1,
        "Operating Income": -1,
        "EBIT": -1,
        "Net Income": -1
    },
    "2011-06-30": {
        "Diluted EPS": -15.0,
        "Total Revenue": 0,
        "Gross Profit": 0,
        "Operating Income": -1,
        "EBIT": -1,
        "Net Income": -1
    },
    "2011-03-31": {
        "Diluted EPS": -15.0,
        "Total Revenue": NaN,
        "Gross Profit": NaN,
        "Operating Income": -1,
        "EBIT": -1,
        "Net Income": -1
    },
    "2010-12-31": {
        "Diluted EPS": -10.0,
        "Total Revenue": NaN,
        "Gross Profit": NaN,
        "Operating Income": -1,
        "EBIT": -1,
        "Net Income": -1
    },
    "2010-09-30": {
        "Diluted EPS": -25.0,
        "Total Revenue": NaN,
        "Gross Profit": NaN,
        "Operating Income": -2,
        "EBIT": -2,
        "Net Income": -2
    },
    "2010-06-30": {
        "Diluted EPS": -25.0,
        "Total Revenue": NaN,
        "Gross Profit": NaN,
        "Operating Income": -2,
        "EBIT": -1,
        "Net Income": -1
    },
    "2010-03-31": {
        "Diluted EPS": -35.0,
        "Total Revenue": NaN,
        "Gross Profit": NaN,
        "Operating Income": -2,
        "EBIT": -2,
        "Net Income": -2
    },
    "2009-12-31": {
        "Diluted EPS": -30.0,
        "Total Revenue": NaN,
        "Gross Profit": NaN,
        "Operating Income": -2,
        "EBIT": -2,
        "Net Income": -2
    },
    "2009-09-30": {
        "Diluted EPS": -40.0,
        "Total Revenue": NaN,
        "Gross Profit": NaN,
        "Operating Income": -2,
        "EBIT": -2,
        "Net Income": -2
    },
    "2009-06-30": {
        "Diluted EPS": -50.0,
        "Total Revenue": NaN,
        "Gross Profit": NaN,
        "Operating Income": -3,
        "EBIT": -2,
        "Net Income": -3
    },
    "2009-03-31": {
        "Diluted EPS": -35.0,
        "Total Revenue": NaN,
        "Gross Profit": NaN,
        "Operating Income": -2,
        "EBIT": -2,
        "Net Income": -2
    },
    "2023-06-30": {
        "Tax Effect Of Unusual Items": 0.0,
        "Tax Rate For Calcs": 0.0,
        "Normalized EBITDA": -7873237.0,
        "Total Unusual Items": 380680.0,
        "Total Unusual Items Excluding Goodwill": 380680.0,
        "Net Income From Continuing Operation Net Minority Interest": -7366579.0,
        "Reconciled Depreciation": 254702.0,
        "EBITDA": -7492557.0,
        "EBIT": -7747259.0,
        "Normalized Income": -7747259.0,
        "Net Income From Continuing And Discontinued Operation": -7366579.0,
        "Total Expenses": 11664726.0,
        "Total Operating Income As Reported": -7747259.0,
        "Diluted Average Shares": 25335342.0,
        "Basic Average Shares": 25335342.0,
        "Diluted EPS": -0.29,
        "Basic EPS": -0.29,
        "Diluted NI Availto Com Stockholders": -7366579.0,
        "Net Income Common Stockholders": -7366579.0,
        "Net Income": -7366579.0,
        "Net Income Including Noncontrolling Interests": -7366579.0,
        "Net Income Continuous Operations": -7366579.0,
        "Pretax Income": -7366579.0,
        "Other Income Expense": 380680.0,
        "Special Income Charges": NaN,
        "Gain On Sale Of Ppe": NaN,
        "Gain On Sale Of Security": 380680.0,
        "Operating Income": -7747259.0,
        "Operating Expense": 11664726.0,
        "Depreciation Amortization Depletion Income Statement": NaN,
        "Depreciation And Amortization In Income Statement": NaN,
        "Depreciation Income Statement": NaN,
        "Research And Development": 8817389.0,
        "Selling General And Administration": 2847337.0,
        "General And Administrative Expense": 2847337.0,
        "Other Gand A": 817945.0,
        "Salaries And Wages": 2029392.0,
        "Total Revenue": 3917467.0,
        "Operating Revenue": 3917467.0
    },
    "2023-09-30": {
        "Tax Effect Of Unusual Items": 0.0,
        "Tax Rate For Calcs": 0.0,
        "Normalized EBITDA": -7062121.0,
        "Total Unusual Items": 473992.0,
        "Total Unusual Items Excluding Goodwill": 473992.0,
        "Net Income From Continuing Operation Net Minority Interest": -6390608.0,
        "Reconciled Depreciation": 276471.0,
        "EBITDA": -6588129.0,
        "EBIT": -6864600.0,
        "Normalized Income": -6864600.0,
        "Net Income From Continuing And Discontinued Operation": -6390608.0,
        "Total Expenses": 13050414.0,
        "Total Operating Income As Reported": -6864600.0,
        "Diluted Average Shares": 25817676.0,
        "Basic Average Shares": 25817676.0,
        "Diluted EPS": -0.25,
        "Basic EPS": -0.25,
        "Diluted NI Availto Com Stockholders": -6390608.0,
        "Net Income Common Stockholders": -6390608.0,
        "Net Income": -6390608.0,
        "Net Income Including Noncontrolling Interests": -6390608.0,
        "Net Income Continuous Operations": -6390608.0,
        "Pretax Income": -6390608.0,
        "Other Income Expense": 473992.0,
        "Special Income Charges": -5388.0,
        "Gain On Sale Of Ppe": -5388.0,
        "Gain On Sale Of Security": 479380.0,
        "Operating Income": -6864600.0,
        "Operating Expense": 13050414.0,
        "Depreciation Amortization Depletion Income Statement": NaN,
        "Depreciation And Amortization In Income Statement": NaN,
        "Depreciation Income Statement": NaN,
        "Research And Development": 10028964.0,
        "Selling General And Administration": 3021450.0,
        "General And Administrative Expense": 3021450.0,
        "Other Gand A": 940900.0,
        "Salaries And Wages": 2080550.0,
        "Total Revenue": 6185814.0,
        "Operating Revenue": 6185814.0
    },
    "2023-12-31": {
        "Tax Effect Of Unusual Items": 0.0,
        "Tax Rate For Calcs": 0.0,
        "Normalized EBITDA": -1425230.0,
        "Total Unusual Items": 451546.0,
        "Total Unusual Items Excluding Goodwill": 451546.0,
        "Net Income From Continuing Operation Net Minority Interest": -762089.0,
        "Reconciled Depreciation": 307608.0,
        "EBITDA": -973684.0,
        "EBIT": -1281292.0,
        "Normalized Income": -1213635.0,
        "Net Income From Continuing And Discontinued Operation": -762089.0,
        "Total Expenses": 13369381.0,
        "Total Operating Income As Reported": -1281292.0,
        "Diluted Average Shares": NaN,
        "Basic Average Shares": NaN,
        "Diluted EPS": NaN,
        "Basic EPS": NaN,
        "Diluted NI Availto Com Stockholders": -762089.0,
        "Net Income Common Stockholders": -762089.0,
        "Net Income": -762089.0,
        "Net Income Including Noncontrolling Interests": -762089.0,
        "Net Income Continuous Operations": -762089.0,
        "Pretax Income": -762089.0,
        "Other Income Expense": 519203.0,
        "Special Income Charges": -653.0,
        "Gain On Sale Of Ppe": -653.0,
        "Gain On Sale Of Security": 452199.0,
        "Operating Income": -1281292.0,
        "Operating Expense": 13369381.0,
        "Depreciation Amortization Depletion Income Statement": NaN,
        "Depreciation And Amortization In Income Statement": NaN,
        "Depreciation Income Statement": NaN,
        "Research And Development": 9940167.0,
        "Selling General And Administration": 2986846.0,
        "General And Administrative Expense": 2986846.0,
        "Other Gand A": 545777.0,
        "Salaries And Wages": 2441069.0,
        "Total Revenue": 12088089.0,
        "Operating Revenue": 12088089.0
    },
    "2024-03-31": {
        "Tax Effect Of Unusual Items": 0.0,
        "Tax Rate For Calcs": 0.0,
        "Normalized EBITDA": -10406325.0,
        "Total Unusual Items": 471829.0,
        "Total Unusual Items Excluding Goodwill": 471829.0,
        "Net Income From Continuing Operation Net Minority Interest": -9794073.0,
        "Reconciled Depreciation": 331406.0,
        "EBITDA": -9934496.0,
        "EBIT": -10265902.0,
        "Normalized Income": -10265902.0,
        "Net Income From Continuing And Discontinued Operation": -9794073.0,
        "Total Expenses": 15172779.0,
        "Total Operating Income As Reported": -10265902.0,
        "Diluted Average Shares": 31354629.0,
        "Basic Average Shares": 31354629.0,
        "Diluted EPS": -0.31,
        "Basic EPS": -0.31,
        "Diluted NI Availto Com Stockholders": -9794073.0,
        "Net Income Common Stockholders": -9794073.0,
        "Net Income": -9794073.0,
        "Net Income Including Noncontrolling Interests": -9794073.0,
        "Net Income Continuous Operations": -9794073.0,
        "Pretax Income": -9794073.0,
        "Other Income Expense": 471829.0,
        "Special Income Charges": NaN,
        "Gain On Sale Of Ppe": NaN,
        "Gain On Sale Of Security": 471829.0,
        "Operating Income": -10265902.0,
        "Operating Expense": 15172779.0,
        "Depreciation Amortization Depletion Income Statement": 152239.0,
        "Depreciation And Amortization In Income Statement": 152239.0,
        "Depreciation Income Statement": 152239.0,
        "Research And Development": 11101013.0,
        "Selling General And Administration": 3919527.0,
        "General And Administrative Expense": 3919527.0,
        "Other Gand A": 863909.0,
        "Salaries And Wages": 3055618.0,
        "Total Revenue": 4906877.0,
        "Operating Revenue": 4906877.0
    }
}