{
    "2023-06-30": {
        "Tax Effect Of Unusual Items": -271000.0,
        "Tax Rate For Calcs": 0.271,
        "Normalized EBITDA": 1511000000.0,
        "Total Unusual Items": -1000000.0,
        "Total Unusual Items Excluding Goodwill": -1000000.0,
        "Net Income From Continuing Operation Net Minority Interest": 435000000.0,
        "Reconciled Depreciation": 844000000.0,
        "Reconciled Cost Of Revenue": 752000000.0,
        "EBITDA": 1510000000.0,
        "EBIT": 666000000.0,
        "Net Interest Income": -68000000.0,
        "Interest Expense": 68000000.0,
        "Normalized Income": 435729000.0,
        "Net Income From Continuing And Discontinued Operation": 435000000.0,
        "Total Expenses": 2657000000.0,
        "Rent Expense Supplemental": 40000000.0,
        "Diluted Average Shares": 39500000.0,
        "Basic Average Shares": 39100000.0,
        "Diluted EPS": 11.01,
        "Basic EPS": 11.13,
        "Diluted NI Availto Com Stockholders": 435000000.0,
        "Net Income Common Stockholders": 435000000.0,
        "Net Income": 435000000.0,
        "Minority Interests": -1000000.0,
        "Net Income Including Noncontrolling Interests": 436000000.0,
        "Net Income Continuous Operations": 436000000.0,
        "Tax Provision": 162000000.0,
        "Pretax Income": 598000000.0,
        "Other Income Expense": -5000000.0,
        "Other Non Operating Income Expenses": -4000000.0,
        "Special Income Charges": -1000000.0,
        "Gain On Sale Of Ppe": NaN,
        "Other Special Charges": NaN,
        "Restructuring And Mergern Acquisition": 1000000.0,
        "Net Non Operating Interest Income Expense": -68000000.0,
        "Interest Expense Non Operating": 68000000.0,
        "Operating Income": 671000000.0,
        "Operating Expense": 1905000000.0,
        "Other Operating Expenses": 1475000000.0,
        "Depreciation Amortization Depletion Income Statement": 52000000.0,
        "Depreciation And Amortization In Income Statement": 52000000.0,
        "Selling General And Administration": 378000000.0,
        "Gross Profit": 2576000000.0,
        "Cost Of Revenue": 752000000.0,
        "Total Revenue": 3328000000.0,
        "Operating Revenue": 3123000000.0
    },
    "2023-03-31": {
        "Tax Effect Of Unusual Items": -856000.0,
        "Tax Rate For Calcs": 0.214,
        "Normalized EBITDA": 1258000000.0,
        "Total Unusual Items": -4000000.0,
        "Total Unusual Items Excluding Goodwill": -4000000.0,
        "Net Income From Continuing Operation Net Minority Interest": 312000000.0,
        "Reconciled Depreciation": 784000000.0,
        "Reconciled Cost Of Revenue": 648000000.0,
        "EBITDA": 1254000000.0,
        "EBIT": 470000000.0,
        "Net Interest Income": -73000000.0,
        "Interest Expense": 73000000.0,
        "Normalized Income": 315144000.0,
        "Net Income From Continuing And Discontinued Operation": 312000000.0,
        "Total Expenses": 2335000000.0,
        "Rent Expense Supplemental": 38000000.0,
        "Diluted Average Shares": 40400000.0,
        "Basic Average Shares": 39600000.0,
        "Diluted EPS": 7.72,
        "Basic EPS": 7.88,
        "Diluted NI Availto Com Stockholders": 312000000.0,
        "Net Income Common Stockholders": 312000000.0,
        "Net Income": 312000000.0,
        "Minority Interests": 0.0,
        "Net Income Including Noncontrolling Interests": 312000000.0,
        "Net Income Continuous Operations": 312000000.0,
        "Tax Provision": 85000000.0,
        "Pretax Income": 397000000.0,
        "Other Income Expense": -2000000.0,
        "Other Non Operating Income Expenses": 2000000.0,
        "Special Income Charges": -4000000.0,
        "Gain On Sale Of Ppe": NaN,
        "Other Special Charges": NaN,
        "Restructuring And Mergern Acquisition": 4000000.0,
        "Net Non Operating Interest Income Expense": -73000000.0,
        "Interest Expense Non Operating": 73000000.0,
        "Operating Income": 472000000.0,
        "Operating Expense": 1687000000.0,
        "Other Operating Expenses": 1307000000.0,
        "Depreciation Amortization Depletion Income Statement": 56000000.0,
        "Depreciation And Amortization In Income Statement": 56000000.0,
        "Selling General And Administration": 324000000.0,
        "Gross Profit": 2159000000.0,
        "Cost Of Revenue": 648000000.0,
        "Total Revenue": 2807000000.0,
        "Operating Revenue": 2557000000.0
    },
    "2022-12-31": {
        "Tax Effect Of Unusual Items": -1782945.736434,
        "Tax Rate For Calcs": 0.178295,
        "Normalized EBITDA": 1369000000.0,
        "Total Unusual Items": -10000000.0,
        "Total Unusual Items Excluding Goodwill": -10000000.0,
        "Net Income From Continuing Operation Net Minority Interest": 423000000.0,
        "Reconciled Depreciation": 774000000.0,
        "Reconciled Cost Of Revenue": 633000000.0,
        "EBITDA": 1359000000.0,
        "EBIT": 585000000.0,
        "Net Interest Income": -69000000.0,
        "Interest Expense": 69000000.0,
        "Normalized Income": 431217054.263566,
        "Net Income From Continuing And Discontinued Operation": 423000000.0,
        "Total Expenses": 2337000000.0,
        "Rent Expense Supplemental": 35000000.0,
        "Diluted Average Shares": 41900000.0,
        "Basic Average Shares": 41000000.0,
        "Diluted EPS": 10.1,
        "Basic EPS": 10.32,
        "Diluted NI Availto Com Stockholders": 423000000.0,
        "Net Income Common Stockholders": 423000000.0,
        "Net Income": 423000000.0,
        "Minority Interests": -1000000.0,
        "Net Income Including Noncontrolling Interests": 424000000.0,
        "Net Income Continuous Operations": 424000000.0,
        "Tax Provision": 92000000.0,
        "Pretax Income": 516000000.0,
        "Other Income Expense": -12000000.0,
        "Other Non Operating Income Expenses": -2000000.0,
        "Special Income Charges": -10000000.0,
        "Gain On Sale Of Ppe": 163000000.0,
        "Other Special Charges": NaN,
        "Restructuring And Mergern Acquisition": 10000000.0,
        "Net Non Operating Interest Income Expense": -69000000.0,
        "Interest Expense Non Operating": 69000000.0,
        "Operating Income": 597000000.0,
        "Operating Expense": 1704000000.0,
        "Other Operating Expenses": 1325000000.0,
        "Depreciation Amortization Depletion Income Statement": 57000000.0,
        "Depreciation And Amortization In Income Statement": 57000000.0,
        "Selling General And Administration": 322000000.0,
        "Gross Profit": 2301000000.0,
        "Cost Of Revenue": 633000000.0,
        "Total Revenue": 2934000000.0,
        "Operating Revenue": 2771000000.0
    },
    "2022-09-30": {
        "Tax Effect Of Unusual Items": -463487.33234,
        "Tax Rate For Calcs": 0.231744,
        "Normalized EBITDA": 1467000000.0,
        "Total Unusual Items": -2000000.0,
        "Total Unusual Items Excluding Goodwill": -2000000.0,
        "Net Income From Continuing Operation Net Minority Interest": 1034000000.0,
        "Reconciled Depreciation": 59000000.0,
        "Reconciled Cost Of Revenue": 241000000.0,
        "EBITDA": 1465000000.0,
        "EBIT": 1406000000.0,
        "Net Interest Income": -64000000.0,
        "Interest Expense": 64000000.0,
        "Normalized Income": 1035536512.66766,
        "Net Income From Continuing And Discontinued Operation": 1034000000.0,
        "Total Expenses": 2148000000.0,
        "Rent Expense Supplemental": 38000000.0,
        "Diluted Average Shares": 47700000.0,
        "Basic Average Shares": 46800000.0,
        "Diluted EPS": 21.67,
        "Basic EPS": 22.08,
        "Diluted NI Availto Com Stockholders": 1034000000.0,
        "Net Income Common Stockholders": 1034000000.0,
        "Net Income": 1034000000.0,
        "Minority Interests": 3000000.0,
        "Net Income Including Noncontrolling Interests": 1031000000.0,
        "Net Income Continuous Operations": 1031000000.0,
        "Tax Provision": 311000000.0,
        "Pretax Income": 1342000000.0,
        "Other Income Expense": 7000000.0,
        "Other Non Operating Income Expenses": 9000000.0,
        "Special Income Charges": -2000000.0,
        "Gain On Sale Of Ppe": 359000000.0,
        "Other Special Charges": NaN,
        "Restructuring And Mergern Acquisition": 2000000.0,
        "Net Non Operating Interest Income Expense": -64000000.0,
        "Interest Expense Non Operating": 64000000.0,
        "Operating Income": 1399000000.0,
        "Operating Expense": 1907000000.0,
        "Other Operating Expenses": 1464000000.0,
        "Depreciation Amortization Depletion Income Statement": 59000000.0,
        "Depreciation And Amortization In Income Statement": 59000000.0,
        "Selling General And Administration": 384000000.0,
        "Gross Profit": 3306000000.0,
        "Cost Of Revenue": 241000000.0,
        "Total Revenue": 3547000000.0,
        "Operating Revenue": 3547000000.0
    },
    "2022-06-30": {
        "Tax Effect Of Unusual Items": -1997229.916898,
        "Tax Rate For Calcs": 0.285319,
        "Normalized EBITDA": 1205000000.0,
        "Total Unusual Items": -7000000.0,
        "Total Unusual Items Excluding Goodwill": -7000000.0,
        "Net Income From Continuing Operation Net Minority Interest": 778000000.0,
        "Reconciled Depreciation": 51000000.0,
        "Reconciled Cost Of Revenue": 331000000.0,
        "EBITDA": 1198000000.0,
        "EBIT": 1147000000.0,
        "Net Interest Income": -64000000.0,
        "Interest Expense": 64000000.0,
        "Normalized Income": 783002770.083102,
        "Net Income From Continuing And Discontinued Operation": 778000000.0,
        "Total Expenses": 2090000000.0,
        "Rent Expense Supplemental": 32000000.0,
        "Diluted Average Shares": 49500000.0,
        "Basic Average Shares": 48500000.0,
        "Diluted EPS": 15.71,
        "Basic EPS": 16.05,
        "Diluted NI Availto Com Stockholders": 778000000.0,
        "Net Income Common Stockholders": 778000000.0,
        "Net Income": 778000000.0,
        "Minority Interests": 4000000.0,
        "Net Income Including Noncontrolling Interests": 774000000.0,
        "Net Income Continuous Operations": 774000000.0,
        "Tax Provision": 309000000.0,
        "Pretax Income": 1083000000.0,
        "Other Income Expense": -7000000.0,
        "Other Non Operating Income Expenses": NaN,
        "Special Income Charges": -7000000.0,
        "Gain On Sale Of Ppe": 194000000.0,
        "Restructuring And Mergern Acquisition": 7000000.0,
        "Net Non Operating Interest Income Expense": -64000000.0,
        "Interest Expense Non Operating": 64000000.0,
        "Operating Income": 1154000000.0,
        "Operating Expense": 1759000000.0,
        "Other Operating Expenses": 1349000000.0,
        "Depreciation Amortization Depletion Income Statement": 51000000.0,
        "Depreciation And Amortization In Income Statement": 51000000.0,
        "Selling General And Administration": 359000000.0,
        "Gross Profit": 2913000000.0,
        "Cost Of Revenue": 331000000.0,
        "Total Revenue": 3244000000.0,
        "Operating Revenue": 3244000000.0
    },
    "2022-03-31": {
        "Diluted EPS": 9.71,
        "Total Revenue": NaN,
        "Gross Profit": NaN,
        "Operating Income": 748,
        "EBIT": NaN,
        "Net Income": 529
    },
    "2021-12-31": {
        "Diluted EPS": 5.79,
        "Total Revenue": NaN,
        "Gross Profit": NaN,
        "Operating Income": 640,
        "EBIT": NaN,
        "Net Income": 382
    },
    "2021-09-30": {
        "Diluted EPS": 10.45,
        "Total Revenue": NaN,
        "Gross Profit": NaN,
        "Operating Income": 984,
        "EBIT": NaN,
        "Net Income": 675
    },
    "2021-06-30": {
        "Diluted EPS": 5.63,
        "Total Revenue": NaN,
        "Gross Profit": NaN,
        "Operating Income": 546,
        "EBIT": NaN,
        "Net Income": 398
    },
    "2021-03-31": {
        "Diluted EPS": -2.43,
        "Total Revenue": NaN,
        "Gross Profit": 540,
        "Operating Income": -39,
        "EBIT": 607,
        "Net Income": -170
    },
    "2020-12-31": {
        "Diluted EPS": -1.27,
        "Total Revenue": NaN,
        "Gross Profit": 538,
        "Operating Income": -38,
        "EBIT": 616,
        "Net Income": -90
    },
    "2020-09-30": {
        "Diluted EPS": 0.63,
        "Total Revenue": NaN,
        "Gross Profit": 709,
        "Operating Income": 136,
        "EBIT": 896,
        "Net Income": 45
    },
    "2020-06-30": {
        "Diluted EPS": -6.91,
        "Total Revenue": 760,
        "Gross Profit": 138,
        "Operating Income": -526,
        "EBIT": 167,
        "Net Income": -481
    },
    "2020-03-31": {
        "Diluted EPS": -2.16,
        "Total Revenue": NaN,
        "Gross Profit": 695,
        "Operating Income": -167,
        "EBIT": 638,
        "Net Income": -158
    },
    "2019-12-31": {
        "Diluted EPS": 1.87,
        "Total Revenue": NaN,
        "Gross Profit": 998,
        "Operating Income": 73,
        "EBIT": 902,
        "Net Income": 142
    },
    "2019-09-30": {
        "Diluted EPS": 2.5,
        "Total Revenue": NaN,
        "Gross Profit": NaN,
        "Operating Income": 409,
        "EBIT": NaN,
        "Net Income": 189
    },
    "2019-06-30": {
        "Diluted EPS": 0.81,
        "Total Revenue": NaN,
        "Gross Profit": NaN,
        "Operating Income": 153,
        "EBIT": NaN,
        "Net Income": 62
    },
    "2019-03-31": {
        "Diluted EPS": -1.2,
        "Total Revenue": NaN,
        "Gross Profit": 849,
        "Operating Income": -68,
        "EBIT": 739,
        "Net Income": -91
    },
    "2018-12-31": {
        "Diluted EPS": 0.14,
        "Total Revenue": NaN,
        "Gross Profit": 972,
        "Operating Income": 86,
        "EBIT": 674,
        "Net Income": 13
    },
    "2018-09-30": {
        "Diluted EPS": 2.68,
        "Total Revenue": NaN,
        "Gross Profit": NaN,
        "Operating Income": 410,
        "EBIT": NaN,
        "Net Income": 213
    },
    "2018-06-30": {
        "Diluted EPS": 0.32,
        "Total Revenue": NaN,
        "Gross Profit": NaN,
        "Operating Income": 94,
        "EBIT": 782,
        "Net Income": 26
    },
    "2018-03-31": {
        "Diluted EPS": -1.08,
        "Total Revenue": NaN,
        "Gross Profit": 876,
        "Operating Income": -74,
        "EBIT": 527,
        "Net Income": -87
    },
    "2017-12-31": {
        "Diluted EPS": 2.55,
        "Total Revenue": NaN,
        "Gross Profit": 960,
        "Operating Income": 57,
        "EBIT": 649,
        "Net Income": 220
    },
    "2017-09-30": {
        "Diluted EPS": 2.91,
        "Total Revenue": NaN,
        "Gross Profit": NaN,
        "Operating Income": 416,
        "EBIT": NaN,
        "Net Income": 245
    },
    "2017-06-30": {
        "Diluted EPS": 0.04,
        "Total Revenue": NaN,
        "Gross Profit": NaN,
        "Operating Income": 64,
        "EBIT": 726,
        "Net Income": 3
    },
    "2017-03-31": {
        "Diluted EPS": -1.25,
        "Total Revenue": NaN,
        "Gross Profit": 790,
        "Operating Income": -110,
        "EBIT": 463,
        "Net Income": -107
    },
    "2016-12-31": {
        "Diluted EPS": -0.38,
        "Total Revenue": NaN,
        "Gross Profit": 878,
        "Operating Income": 2,
        "EBIT": 567,
        "Net Income": -31
    },
    "2016-09-30": {
        "Diluted EPS": 2.28,
        "Total Revenue": NaN,
        "Gross Profit": NaN,
        "Operating Income": 406,
        "EBIT": NaN,
        "Net Income": 209
    },
    "2016-06-30": {
        "Diluted EPS": 0.38,
        "Total Revenue": NaN,
        "Gross Profit": NaN,
        "Operating Income": 139,
        "EBIT": 786,
        "Net Income": 36
    },
    "2016-03-31": {
        "Diluted EPS": -0.53,
        "Total Revenue": NaN,
        "Gross Profit": 841,
        "Operating Income": -17,
        "EBIT": 551,
        "Net Income": -51
    },
    "2015-12-31": {
        "Diluted EPS": -0.04,
        "Total Revenue": NaN,
        "Gross Profit": 897,
        "Operating Income": 71,
        "EBIT": 624,
        "Net Income": -5
    },
    "2015-09-30": {
        "Diluted EPS": 1.77,
        "Total Revenue": NaN,
        "Gross Profit": NaN,
        "Operating Income": 375,
        "EBIT": NaN,
        "Net Income": 184
    },
    "2015-06-30": {
        "Diluted EPS": 1.34,
        "Total Revenue": NaN,
        "Gross Profit": NaN,
        "Operating Income": 171,
        "EBIT": 804,
        "Net Income": 143
    },
    "2015-03-31": {
        "Diluted EPS": -0.09,
        "Total Revenue": NaN,
        "Gross Profit": 865,
        "Operating Income": 68,
        "EBIT": 619,
        "Net Income": -9
    },
    "2014-12-31": {
        "Diluted EPS": 0.21,
        "Total Revenue": NaN,
        "Gross Profit": 909,
        "Operating Income": 81,
        "EBIT": 631,
        "Net Income": 23
    },
    "2014-09-30": {
        "Diluted EPS": 1.74,
        "Total Revenue": NaN,
        "Gross Profit": NaN,
        "Operating Income": 371,
        "EBIT": NaN,
        "Net Income": 192
    },
    "2014-06-30": {
        "Diluted EPS": 0.24,
        "Total Revenue": NaN,
        "Gross Profit": NaN,
        "Operating Income": 168,
        "EBIT": 787,
        "Net Income": 26
    },
    "2014-03-31": {
        "Diluted EPS": 0.03,
        "Total Revenue": NaN,
        "Gross Profit": 862,
        "Operating Income": 76,
        "EBIT": 597,
        "Net Income": 4
    },
    "2013-12-31": {
        "Diluted EPS": -0.18,
        "Total Revenue": NaN,
        "Gross Profit": 855,
        "Operating Income": 163,
        "EBIT": 666,
        "Net Income": -28
    },
    "2013-09-30": {
        "Diluted EPS": 1.02,
        "Total Revenue": NaN,
        "Gross Profit": NaN,
        "Operating Income": 344,
        "EBIT": 952,
        "Net Income": 118
    },
    "2013-06-30": {
        "Diluted EPS": -0.26,
        "Total Revenue": NaN,
        "Gross Profit": 995,
        "Operating Income": 142,
        "EBIT": 711,
        "Net Income": -28
    },
    "2013-03-31": {
        "Diluted EPS": -0.43,
        "Total Revenue": NaN,
        "Gross Profit": 760,
        "Operating Income": 59,
        "EBIT": 514,
        "Net Income": -46
    },
    "2012-12-31": {
        "Diluted EPS": -0.4,
        "Total Revenue": NaN,
        "Gross Profit": 756,
        "Operating Income": 138,
        "EBIT": 589,
        "Net Income": -46
    },
    "2012-09-30": {
        "Diluted EPS": 2.38,
        "Total Revenue": NaN,
        "Gross Profit": NaN,
        "Operating Income": 347,
        "EBIT": 872,
        "Net Income": 280
    },
    "2012-06-30": {
        "Diluted EPS": 0.66,
        "Total Revenue": NaN,
        "Gross Profit": 913,
        "Operating Income": 237,
        "EBIT": 725,
        "Net Income": 79
    },
    "2012-03-31": {
        "Diluted EPS": -0.22,
        "Total Revenue": NaN,
        "Gross Profit": 730,
        "Operating Income": 80,
        "EBIT": 533,
        "Net Income": -23
    },
    "2011-12-31": {
        "Diluted EPS": -1.41,
        "Total Revenue": NaN,
        "Gross Profit": 772,
        "Operating Income": 125,
        "EBIT": 608,
        "Net Income": -170
    },
    "2011-09-30": {
        "Diluted EPS": 0.65,
        "Total Revenue": NaN,
        "Gross Profit": 840,
        "Operating Income": 250,
        "EBIT": 763,
        "Net Income": 82
    },
    "2011-06-30": {
        "Diluted EPS": 0.42,
        "Total Revenue": NaN,
        "Gross Profit": 687,
        "Operating Income": 170,
        "EBIT": 627,
        "Net Income": 52
    },
    "2011-03-31": {
        "Diluted EPS": 0.06,
        "Total Revenue": NaN,
        "Gross Profit": 576,
        "Operating Income": 60,
        "EBIT": 461,
        "Net Income": 7
    },
    "2010-12-31": {
        "Diluted EPS": -0.09,
        "Total Revenue": NaN,
        "Gross Profit": 566,
        "Operating Income": 8,
        "EBIT": 448,
        "Net Income": -24
    },
    "2010-09-30": {
        "Diluted EPS": 0.73,
        "Total Revenue": NaN,
        "Gross Profit": 807,
        "Operating Income": 213,
        "EBIT": 672,
        "Net Income": 90
    },
    "2010-06-30": {
        "Diluted EPS": 0.22,
        "Total Revenue": NaN,
        "Gross Profit": 655,
        "Operating Income": 72,
        "EBIT": 507,
        "Net Income": 26
    },
    "2010-03-31": {
        "Diluted EPS": -0.37,
        "Total Revenue": NaN,
        "Gross Profit": 541,
        "Operating Income": 15,
        "EBIT": 402,
        "Net Income": -38
    },
    "2009-12-31": {
        "Diluted EPS": -0.46,
        "Total Revenue": NaN,
        "Gross Profit": 543,
        "Operating Income": -30,
        "EBIT": 369,
        "Net Income": -49
    },
    "2009-09-30": {
        "Diluted EPS": 0.54,
        "Total Revenue": NaN,
        "Gross Profit": 734,
        "Operating Income": 121,
        "EBIT": 585,
        "Net Income": 57
    },
    "2009-06-30": {
        "Diluted EPS": -0.06,
        "Total Revenue": NaN,
        "Gross Profit": 664,
        "Operating Income": 43,
        "EBIT": 524,
        "Net Income": -6
    },
    "2009-03-31": {
        "Diluted EPS": -0.48,
        "Total Revenue": NaN,
        "Gross Profit": 554,
        "Operating Income": -25,
        "EBIT": 412,
        "Net Income": -49
    },
    "2023-09-30": {
        "Tax Effect Of Unusual Items": -1032000.0,
        "Tax Rate For Calcs": 0.172,
        "Normalized EBITDA": 1833000000.0,
        "Total Unusual Items": -6000000.0,
        "Total Unusual Items Excluding Goodwill": -6000000.0,
        "Net Income From Continuing Operation Net Minority Interest": 626000000.0,
        "Reconciled Depreciation": 990000000.0,
        "Reconciled Cost Of Revenue": 870000000.0,
        "EBITDA": 1827000000.0,
        "EBIT": 837000000.0,
        "Net Interest Income": -80000000.0,
        "Interest Expense": 80000000.0,
        "Normalized Income": 630968000.0,
        "Net Income From Continuing And Discontinued Operation": 626000000.0,
        "Total Expenses": 2865000000.0,
        "Rent Expense Supplemental": 48000000.0,
        "Diluted Average Shares": 37300000.0,
        "Basic Average Shares": 36900000.0,
        "Diluted EPS": 16.78,
        "Basic EPS": 16.96,
        "Diluted NI Availto Com Stockholders": 626000000.0,
        "Net Income Common Stockholders": 626000000.0,
        "Net Income": 626000000.0,
        "Minority Interests": -1000000.0,
        "Net Income Including Noncontrolling Interests": 627000000.0,
        "Net Income Continuous Operations": 627000000.0,
        "Tax Provision": 130000000.0,
        "Pretax Income": 757000000.0,
        "Other Income Expense": -7000000.0,
        "Other Non Operating Income Expenses": -1000000.0,
        "Special Income Charges": -6000000.0,
        "Gain On Sale Of Ppe": NaN,
        "Other Special Charges": 1000000.0,
        "Restructuring And Mergern Acquisition": 5000000.0,
        "Net Non Operating Interest Income Expense": -80000000.0,
        "Interest Expense Non Operating": 80000000.0,
        "Operating Income": 844000000.0,
        "Operating Expense": 1995000000.0,
        "Other Operating Expenses": 1543000000.0,
        "Depreciation Amortization Depletion Income Statement": 55000000.0,
        "Depreciation And Amortization In Income Statement": 55000000.0,
        "Selling General And Administration": 397000000.0,
        "Gross Profit": 2839000000.0,
        "Cost Of Revenue": 870000000.0,
        "Total Revenue": 3709000000.0,
        "Operating Revenue": 3564000000.0
    },
    "2023-12-31": {
        "Tax Effect Of Unusual Items": -2100000.0,
        "Tax Rate For Calcs": 0.21,
        "Normalized EBITDA": 1079000000.0,
        "Total Unusual Items": -10000000.0,
        "Total Unusual Items Excluding Goodwill": -10000000.0,
        "Net Income From Continuing Operation Net Minority Interest": 259000000.0,
        "Reconciled Depreciation": 832000000.0,
        "Reconciled Cost Of Revenue": 82000000.0,
        "EBITDA": 1069000000.0,
        "EBIT": 237000000.0,
        "Net Interest Income": -75000000.0,
        "Interest Expense": 75000000.0,
        "Normalized Income": 266900000.0,
        "Net Income From Continuing And Discontinued Operation": 259000000.0,
        "Total Expenses": 2573000000.0,
        "Rent Expense Supplemental": 41000000.0,
        "Diluted Average Shares": NaN,
        "Basic Average Shares": NaN,
        "Diluted EPS": NaN,
        "Basic EPS": NaN,
        "Diluted NI Availto Com Stockholders": 259000000.0,
        "Net Income Common Stockholders": 259000000.0,
        "Net Income": 259000000.0,
        "Minority Interests": -1000000.0,
        "Net Income Including Noncontrolling Interests": 260000000.0,
        "Net Income Continuous Operations": 260000000.0,
        "Tax Provision": -98000000.0,
        "Pretax Income": 162000000.0,
        "Other Income Expense": -10000000.0,
        "Other Non Operating Income Expenses": 0.0,
        "Special Income Charges": -10000000.0,
        "Gain On Sale Of Ppe": NaN,
        "Other Special Charges": 4000000.0,
        "Restructuring And Mergern Acquisition": 6000000.0,
        "Net Non Operating Interest Income Expense": -75000000.0,
        "Interest Expense Non Operating": 75000000.0,
        "Operating Income": 247000000.0,
        "Operating Expense": 1712000000.0,
        "Other Operating Expenses": 1350000000.0,
        "Depreciation Amortization Depletion Income Statement": 53000000.0,
        "Depreciation And Amortization In Income Statement": 53000000.0,
        "Selling General And Administration": 309000000.0,
        "Gross Profit": 1959000000.0,
        "Cost Of Revenue": 861000000.0,
        "Total Revenue": 2820000000.0,
        "Operating Revenue": 2764000000.0
    }
}