{
    "2023-03-31": {
        "Tax Effect Of Unusual Items": NaN,
        "Tax Rate For Calcs": NaN,
        "Normalized EBITDA": NaN,
        "Total Unusual Items": 0.0,
        "Total Unusual Items Excluding Goodwill": 0.0,
        "Net Income From Continuing Operation Net Minority Interest": NaN,
        "Reconciled Depreciation": NaN,
        "Reconciled Cost Of Revenue": NaN,
        "EBITDA": NaN,
        "EBIT": NaN,
        "Net Interest Income": 0.0,
        "Interest Expense": 0.0,
        "Normalized Income": NaN,
        "Net Income From Continuing And Discontinued Operation": NaN,
        "Total Expenses": NaN,
        "Total Operating Income As Reported": NaN,
        "Diluted Average Shares": NaN,
        "Basic Average Shares": NaN,
        "Diluted EPS": NaN,
        "Basic EPS": NaN,
        "Diluted NI Availto Com Stockholders": NaN,
        "Net Income Common Stockholders": NaN,
        "Net Income": NaN,
        "Net Income Including Noncontrolling Interests": NaN,
        "Net Income Continuous Operations": NaN,
        "Pretax Income": NaN,
        "Other Income Expense": NaN,
        "Other Non Operating Income Expenses": NaN,
        "Special Income Charges": 0.0,
        "Write Off": NaN,
        "Restructuring And Mergern Acquisition": 0.0,
        "Net Non Operating Interest Income Expense": 0.0,
        "Interest Expense Non Operating": 0.0,
        "Operating Income": NaN,
        "Operating Expense": NaN,
        "Depreciation Amortization Depletion Income Statement": NaN,
        "Depreciation And Amortization In Income Statement": NaN,
        "Research And Development": NaN,
        "Selling General And Administration": NaN,
        "General And Administrative Expense": NaN,
        "Other Gand A": NaN,
        "Salaries And Wages": NaN,
        "Gross Profit": NaN,
        "Cost Of Revenue": NaN,
        "Total Revenue": NaN,
        "Operating Revenue": NaN
    },
    "2022-12-31": {
        "Tax Effect Of Unusual Items": NaN,
        "Tax Rate For Calcs": NaN,
        "Normalized EBITDA": NaN,
        "Total Unusual Items": NaN,
        "Total Unusual Items Excluding Goodwill": NaN,
        "Net Income From Continuing Operation Net Minority Interest": NaN,
        "Reconciled Depreciation": NaN,
        "Reconciled Cost Of Revenue": NaN,
        "EBITDA": NaN,
        "EBIT": NaN,
        "Net Interest Income": NaN,
        "Interest Expense": NaN,
        "Normalized Income": NaN,
        "Net Income From Continuing And Discontinued Operation": NaN,
        "Total Expenses": NaN,
        "Total Operating Income As Reported": NaN,
        "Diluted Average Shares": 53762797.0,
        "Basic Average Shares": 53762797.0,
        "Diluted EPS": -0.56,
        "Basic EPS": -0.56,
        "Diluted NI Availto Com Stockholders": NaN,
        "Net Income Common Stockholders": NaN,
        "Net Income": NaN,
        "Net Income Including Noncontrolling Interests": NaN,
        "Net Income Continuous Operations": NaN,
        "Pretax Income": NaN,
        "Other Income Expense": NaN,
        "Other Non Operating Income Expenses": NaN,
        "Special Income Charges": NaN,
        "Restructuring And Mergern Acquisition": NaN,
        "Net Non Operating Interest Income Expense": NaN,
        "Interest Expense Non Operating": NaN,
        "Operating Income": NaN,
        "Operating Expense": NaN,
        "Depreciation Amortization Depletion Income Statement": NaN,
        "Depreciation And Amortization In Income Statement": NaN,
        "Research And Development": NaN,
        "Selling General And Administration": NaN,
        "General And Administrative Expense": NaN,
        "Other Gand A": NaN,
        "Salaries And Wages": NaN,
        "Gross Profit": NaN,
        "Cost Of Revenue": NaN,
        "Total Revenue": NaN,
        "Operating Revenue": NaN
    },
    "2022-09-30": {
        "Tax Effect Of Unusual Items": 0.0,
        "Tax Rate For Calcs": 0.0,
        "Normalized EBITDA": -23845000.0,
        "Net Income From Continuing Operation Net Minority Interest": -23180000.0,
        "Reconciled Depreciation": 61000.0,
        "Reconciled Cost Of Revenue": 3055000.0,
        "EBITDA": -23845000.0,
        "EBIT": -23845000.0,
        "Normalized Income": -23180000.0,
        "Net Income From Continuing And Discontinued Operation": -23180000.0,
        "Total Expenses": 34658000.0,
        "Total Operating Income As Reported": -23845000.0,
        "Diluted Average Shares": 53726123.0,
        "Basic Average Shares": 53726123.0,
        "Diluted EPS": -0.43,
        "Basic EPS": -0.43,
        "Diluted NI Availto Com Stockholders": -23180000.0,
        "Net Income Common Stockholders": -23180000.0,
        "Net Income": -23180000.0,
        "Net Income Including Noncontrolling Interests": -23180000.0,
        "Net Income Continuous Operations": -23180000.0,
        "Pretax Income": -23180000.0,
        "Other Income Expense": 665000.0,
        "Other Non Operating Income Expenses": 665000.0,
        "Operating Income": -23845000.0,
        "Operating Expense": 31603000.0,
        "Depreciation Amortization Depletion Income Statement": 32000.0,
        "Depreciation And Amortization In Income Statement": 32000.0,
        "Research And Development": 24691000.0,
        "Selling General And Administration": 6912000.0,
        "General And Administrative Expense": 6912000.0,
        "Other Gand A": 6912000.0,
        "Salaries And Wages": 1656000.0,
        "Gross Profit": 7758000.0,
        "Cost Of Revenue": 3055000.0,
        "Total Revenue": 10813000.0,
        "Operating Revenue": 10813000.0
    },
    "2022-06-30": {
        "Tax Effect Of Unusual Items": 0.0,
        "Tax Rate For Calcs": 0.0,
        "Normalized EBITDA": -4409000.0,
        "Net Income From Continuing Operation Net Minority Interest": -4206000.0,
        "Reconciled Depreciation": 63000.0,
        "Reconciled Cost Of Revenue": 0.0,
        "EBITDA": -4409000.0,
        "EBIT": -4472000.0,
        "Normalized Income": -4206000.0,
        "Net Income From Continuing And Discontinued Operation": -4206000.0,
        "Total Expenses": 27475000.0,
        "Total Operating Income As Reported": -4472000.0,
        "Diluted Average Shares": 53614668.0,
        "Basic Average Shares": 53614668.0,
        "Diluted EPS": -0.08,
        "Basic EPS": -0.08,
        "Diluted NI Availto Com Stockholders": -4206000.0,
        "Net Income Common Stockholders": -4206000.0,
        "Net Income": -4206000.0,
        "Net Income Including Noncontrolling Interests": -4206000.0,
        "Net Income Continuous Operations": -4206000.0,
        "Pretax Income": -4206000.0,
        "Other Income Expense": 266000.0,
        "Other Non Operating Income Expenses": 266000.0,
        "Operating Income": -4472000.0,
        "Operating Expense": 27475000.0,
        "Depreciation Amortization Depletion Income Statement": 32000.0,
        "Depreciation And Amortization In Income Statement": 32000.0,
        "Research And Development": 19905000.0,
        "Selling General And Administration": 7538000.0,
        "General And Administrative Expense": 7538000.0,
        "Other Gand A": 4825000.0,
        "Salaries And Wages": 2713000.0,
        "Gross Profit": 23003000.0,
        "Cost Of Revenue": 0.0,
        "Total Revenue": 23003000.0,
        "Operating Revenue": 23003000.0
    },
    "2022-03-31": {
        "Diluted EPS": -0.52,
        "Total Revenue": 5,
        "Gross Profit": 3,
        "Operating Income": -28,
        "EBIT": -27,
        "Net Income": -28
    },
    "2021-12-31": {
        "Diluted EPS": -0.64,
        "Total Revenue": 1,
        "Gross Profit": 1,
        "Operating Income": -34,
        "EBIT": -33,
        "Net Income": -33
    },
    "2021-09-30": {
        "Diluted EPS": -0.02,
        "Total Revenue": 20,
        "Gross Profit": 20,
        "Operating Income": -1,
        "EBIT": -1,
        "Net Income": -1
    },
    "2021-06-30": {
        "Diluted EPS": -0.61,
        "Total Revenue": NaN,
        "Gross Profit": NaN,
        "Operating Income": -31,
        "EBIT": -30,
        "Net Income": -31
    },
    "2021-03-31": {
        "Diluted EPS": -0.47,
        "Total Revenue": 2,
        "Gross Profit": 2,
        "Operating Income": -24,
        "EBIT": -23,
        "Net Income": -23
    },
    "2020-12-31": {
        "Diluted EPS": 1.69,
        "Total Revenue": 112,
        "Gross Profit": 112,
        "Operating Income": 78,
        "EBIT": 79,
        "Net Income": 79
    },
    "2020-09-30": {
        "Diluted EPS": -0.35,
        "Total Revenue": 9,
        "Gross Profit": 9,
        "Operating Income": -17,
        "EBIT": -17,
        "Net Income": -17
    },
    "2020-06-30": {
        "Diluted EPS": -0.54,
        "Total Revenue": 6,
        "Gross Profit": 6,
        "Operating Income": -26,
        "EBIT": -26,
        "Net Income": -25
    },
    "2020-03-31": {
        "Diluted EPS": -0.62,
        "Total Revenue": 8,
        "Gross Profit": 8,
        "Operating Income": -30,
        "EBIT": -30,
        "Net Income": -29
    },
    "2019-12-31": {
        "Diluted EPS": -0.61,
        "Total Revenue": 5,
        "Gross Profit": 5,
        "Operating Income": -30,
        "EBIT": -30,
        "Net Income": -29
    },
    "2019-09-30": {
        "Diluted EPS": -0.74,
        "Total Revenue": 6,
        "Gross Profit": 6,
        "Operating Income": -34,
        "EBIT": -35,
        "Net Income": -33
    },
    "2019-06-30": {
        "Diluted EPS": -0.58,
        "Total Revenue": 5,
        "Gross Profit": 5,
        "Operating Income": -24,
        "EBIT": -24,
        "Net Income": -23
    },
    "2019-03-31": {
        "Diluted EPS": -0.56,
        "Total Revenue": 4,
        "Gross Profit": 4,
        "Operating Income": -23,
        "EBIT": -23,
        "Net Income": -22
    },
    "2018-12-31": {
        "Diluted EPS": -0.52,
        "Total Revenue": 6,
        "Gross Profit": 6,
        "Operating Income": -22,
        "EBIT": -23,
        "Net Income": -21
    },
    "2018-09-30": {
        "Diluted EPS": -0.51,
        "Total Revenue": 5,
        "Gross Profit": 5,
        "Operating Income": -20,
        "EBIT": -21,
        "Net Income": -19
    },
    "2018-06-30": {
        "Diluted EPS": -0.52,
        "Total Revenue": 3,
        "Gross Profit": 3,
        "Operating Income": -18,
        "EBIT": -18,
        "Net Income": -17
    },
    "2018-03-31": {
        "Diluted EPS": -0.51,
        "Total Revenue": NaN,
        "Gross Profit": NaN,
        "Operating Income": -17,
        "EBIT": -17,
        "Net Income": -17
    },
    "2017-12-31": {
        "Diluted EPS": -0.38,
        "Total Revenue": NaN,
        "Gross Profit": NaN,
        "Operating Income": -15,
        "EBIT": -15,
        "Net Income": -14
    },
    "2017-09-30": {
        "Diluted EPS": -0.38,
        "Total Revenue": NaN,
        "Gross Profit": NaN,
        "Operating Income": -13,
        "EBIT": -13,
        "Net Income": -12
    },
    "2017-06-30": {
        "Diluted EPS": -0.29,
        "Total Revenue": NaN,
        "Gross Profit": NaN,
        "Operating Income": -10,
        "EBIT": -10,
        "Net Income": -9
    },
    "2017-03-31": {
        "Diluted EPS": -0.81,
        "Total Revenue": 1,
        "Gross Profit": 1,
        "Operating Income": -22,
        "EBIT": -22,
        "Net Income": -22
    },
    "2016-12-31": {
        "Diluted EPS": -0.81,
        "Total Revenue": 0,
        "Gross Profit": 0,
        "Operating Income": -22,
        "EBIT": -22,
        "Net Income": -22
    },
    "2016-09-30": {
        "Diluted EPS": -0.42,
        "Total Revenue": NaN,
        "Gross Profit": NaN,
        "Operating Income": -12,
        "EBIT": -12,
        "Net Income": -12
    },
    "2016-06-30": {
        "Diluted EPS": -0.48,
        "Total Revenue": 0,
        "Gross Profit": 0,
        "Operating Income": -13,
        "EBIT": -13,
        "Net Income": -13
    },
    "2016-03-31": {
        "Diluted EPS": -0.39,
        "Total Revenue": 0,
        "Gross Profit": 0,
        "Operating Income": -11,
        "EBIT": -10,
        "Net Income": -11
    },
    "2015-12-31": {
        "Diluted EPS": -0.35,
        "Total Revenue": 0,
        "Gross Profit": 0,
        "Operating Income": -10,
        "EBIT": -9,
        "Net Income": -10
    },
    "2015-09-30": {
        "Diluted EPS": -0.19,
        "Total Revenue": 2,
        "Gross Profit": 2,
        "Operating Income": -5,
        "EBIT": -5,
        "Net Income": -5
    },
    "2015-06-30": {
        "Diluted EPS": -0.25,
        "Total Revenue": 1,
        "Gross Profit": 1,
        "Operating Income": -6,
        "EBIT": -6,
        "Net Income": -6
    },
    "2015-03-31": {
        "Diluted EPS": -0.21,
        "Total Revenue": 0,
        "Gross Profit": 0,
        "Operating Income": -5,
        "EBIT": -5,
        "Net Income": -5
    },
    "2014-12-31": {
        "Diluted EPS": -0.18,
        "Total Revenue": 1,
        "Gross Profit": 1,
        "Operating Income": -4,
        "EBIT": -4,
        "Net Income": -4
    },
    "2014-09-30": {
        "Diluted EPS": -0.29,
        "Total Revenue": 1,
        "Gross Profit": 1,
        "Operating Income": -7,
        "EBIT": -6,
        "Net Income": -7
    },
    "2014-06-30": {
        "Diluted EPS": -0.16,
        "Total Revenue": 1,
        "Gross Profit": 1,
        "Operating Income": -4,
        "EBIT": -4,
        "Net Income": -4
    },
    "2014-03-31": {
        "Diluted EPS": -0.22,
        "Total Revenue": 0,
        "Gross Profit": 0,
        "Operating Income": -3,
        "EBIT": -3,
        "Net Income": -3
    },
    "2013-12-31": {
        "Diluted EPS": 0.48,
        "Total Revenue": 1,
        "Gross Profit": 1,
        "Operating Income": -2,
        "EBIT": -2,
        "Net Income": 2
    },
    "2013-09-30": {
        "Diluted EPS": -1.07,
        "Total Revenue": 1,
        "Gross Profit": 1,
        "Operating Income": -4,
        "EBIT": -3,
        "Net Income": -5
    },
    "2013-06-30": {
        "Diluted EPS": 0.33,
        "Total Revenue": 10,
        "Gross Profit": 10,
        "Operating Income": 7,
        "EBIT": 7,
        "Net Income": 1
    },
    "2013-03-31": {
        "Diluted EPS": -0.48,
        "Total Revenue": NaN,
        "Gross Profit": NaN,
        "Operating Income": -2,
        "EBIT": -1,
        "Net Income": -2
    },
    "2012-12-31": {
        "Diluted EPS": 0.0,
        "Total Revenue": NaN,
        "Gross Profit": NaN,
        "Operating Income": NaN,
        "EBIT": NaN,
        "Net Income": NaN
    },
    "2012-09-30": {
        "Diluted EPS": 0.0,
        "Total Revenue": NaN,
        "Gross Profit": NaN,
        "Operating Income": NaN,
        "EBIT": NaN,
        "Net Income": NaN
    },
    "2011-12-31": {
        "Diluted EPS": 0.0,
        "Total Revenue": NaN,
        "Gross Profit": NaN,
        "Operating Income": NaN,
        "EBIT": NaN,
        "Net Income": NaN
    },
    "2023-06-30": {
        "Tax Effect Of Unusual Items": NaN,
        "Tax Rate For Calcs": NaN,
        "Normalized EBITDA": NaN,
        "Total Unusual Items": 0.0,
        "Total Unusual Items Excluding Goodwill": 0.0,
        "Net Income From Continuing Operation Net Minority Interest": NaN,
        "Reconciled Depreciation": NaN,
        "Reconciled Cost Of Revenue": NaN,
        "EBITDA": NaN,
        "EBIT": NaN,
        "Net Interest Income": 0.0,
        "Interest Expense": 0.0,
        "Normalized Income": NaN,
        "Net Income From Continuing And Discontinued Operation": NaN,
        "Total Expenses": NaN,
        "Total Operating Income As Reported": NaN,
        "Diluted Average Shares": NaN,
        "Basic Average Shares": NaN,
        "Diluted EPS": NaN,
        "Basic EPS": NaN,
        "Diluted NI Availto Com Stockholders": NaN,
        "Net Income Common Stockholders": NaN,
        "Net Income": NaN,
        "Net Income Including Noncontrolling Interests": NaN,
        "Net Income Continuous Operations": NaN,
        "Pretax Income": NaN,
        "Other Income Expense": NaN,
        "Other Non Operating Income Expenses": NaN,
        "Special Income Charges": 0.0,
        "Write Off": 0.0,
        "Impairment Of Capital Assets": NaN,
        "Restructuring And Mergern Acquisition": 0.0,
        "Net Non Operating Interest Income Expense": 0.0,
        "Interest Expense Non Operating": 0.0,
        "Operating Income": NaN,
        "Operating Expense": NaN,
        "Depreciation Amortization Depletion Income Statement": NaN,
        "Depreciation And Amortization In Income Statement": NaN,
        "Research And Development": NaN,
        "Selling General And Administration": NaN,
        "General And Administrative Expense": NaN,
        "Other Gand A": NaN,
        "Salaries And Wages": NaN,
        "Gross Profit": NaN,
        "Cost Of Revenue": NaN,
        "Total Revenue": NaN,
        "Operating Revenue": NaN
    },
    "2023-09-30": {
        "Tax Effect Of Unusual Items": 0.0,
        "Tax Rate For Calcs": 0.0,
        "Normalized EBITDA": -27973000.0,
        "Total Unusual Items": 0.0,
        "Total Unusual Items Excluding Goodwill": 0.0,
        "Net Income From Continuing Operation Net Minority Interest": -28032000.0,
        "Reconciled Depreciation": 59000.0,
        "Reconciled Cost Of Revenue": 1530000.0,
        "EBITDA": -27973000.0,
        "EBIT": -28032000.0,
        "Net Interest Income": 0.0,
        "Interest Expense": 0.0,
        "Normalized Income": -28032000.0,
        "Net Income From Continuing And Discontinued Operation": -28032000.0,
        "Total Expenses": 33764000.0,
        "Total Operating Income As Reported": -28898000.0,
        "Diluted Average Shares": 54235695.0,
        "Basic Average Shares": 54235695.0,
        "Diluted EPS": -0.52,
        "Basic EPS": -0.52,
        "Diluted NI Availto Com Stockholders": -28032000.0,
        "Net Income Common Stockholders": -28032000.0,
        "Net Income": -28032000.0,
        "Net Income Including Noncontrolling Interests": -28032000.0,
        "Net Income Continuous Operations": -28032000.0,
        "Pretax Income": -28032000.0,
        "Other Income Expense": 866000.0,
        "Other Non Operating Income Expenses": 866000.0,
        "Special Income Charges": 0.0,
        "Write Off": 0.0,
        "Impairment Of Capital Assets": 0.0,
        "Restructuring And Mergern Acquisition": 0.0,
        "Net Non Operating Interest Income Expense": 0.0,
        "Interest Expense Non Operating": 0.0,
        "Operating Income": -28898000.0,
        "Operating Expense": 32206000.0,
        "Depreciation Amortization Depletion Income Statement": 31000.0,
        "Depreciation And Amortization In Income Statement": 31000.0,
        "Research And Development": 25451000.0,
        "Selling General And Administration": 6724000.0,
        "General And Administrative Expense": 6724000.0,
        "Other Gand A": 4867000.0,
        "Salaries And Wages": 1857000.0,
        "Gross Profit": 3308000.0,
        "Cost Of Revenue": 1558000.0,
        "Total Revenue": 4866000.0,
        "Operating Revenue": 4866000.0
    },
    "2023-12-31": {
        "Tax Effect Of Unusual Items": 0.0,
        "Tax Rate For Calcs": 0.0,
        "Normalized EBITDA": -28939000.0,
        "Total Unusual Items": NaN,
        "Total Unusual Items Excluding Goodwill": NaN,
        "Net Income From Continuing Operation Net Minority Interest": -32337000.0,
        "Reconciled Depreciation": 82000.0,
        "Reconciled Cost Of Revenue": 565000.0,
        "EBITDA": -28939000.0,
        "EBIT": -29021000.0,
        "Net Interest Income": NaN,
        "Interest Expense": NaN,
        "Normalized Income": -32337000.0,
        "Net Income From Continuing And Discontinued Operation": -32337000.0,
        "Total Expenses": 35611000.0,
        "Total Operating Income As Reported": -32607000.0,
        "Diluted Average Shares": 54477906.0,
        "Basic Average Shares": 54477906.0,
        "Diluted EPS": -0.59,
        "Basic EPS": -0.59,
        "Diluted NI Availto Com Stockholders": -32337000.0,
        "Net Income Common Stockholders": -32337000.0,
        "Net Income": -32337000.0,
        "Net Income Including Noncontrolling Interests": -32337000.0,
        "Net Income Continuous Operations": -32337000.0,
        "Pretax Income": -32337000.0,
        "Other Income Expense": 874000.0,
        "Other Non Operating Income Expenses": 874000.0,
        "Special Income Charges": NaN,
        "Write Off": NaN,
        "Impairment Of Capital Assets": NaN,
        "Restructuring And Mergern Acquisition": NaN,
        "Net Non Operating Interest Income Expense": NaN,
        "Interest Expense Non Operating": NaN,
        "Operating Income": -32607000.0,
        "Operating Expense": 35003000.0,
        "Depreciation Amortization Depletion Income Statement": 39000.0,
        "Depreciation And Amortization In Income Statement": 39000.0,
        "Research And Development": 28415000.0,
        "Selling General And Administration": 6549000.0,
        "General And Administrative Expense": 6549000.0,
        "Other Gand A": 4697000.0,
        "Salaries And Wages": 1852000.0,
        "Gross Profit": 2396000.0,
        "Cost Of Revenue": 608000.0,
        "Total Revenue": 3004000.0,
        "Operating Revenue": 2305000.0
    },
    "2024-03-31": {
        "Tax Effect Of Unusual Items": 0.0,
        "Tax Rate For Calcs": 0.0,
        "Normalized EBITDA": -26271000.0,
        "Total Unusual Items": -2401000.0,
        "Total Unusual Items Excluding Goodwill": -2401000.0,
        "Net Income From Continuing Operation Net Minority Interest": -30696000.0,
        "Reconciled Depreciation": 42000.0,
        "Reconciled Cost Of Revenue": 608000.0,
        "EBITDA": -28672000.0,
        "EBIT": -28714000.0,
        "Net Interest Income": -1982000.0,
        "Interest Expense": 1982000.0,
        "Normalized Income": -28295000.0,
        "Net Income From Continuing And Discontinued Operation": -30696000.0,
        "Total Expenses": 29400000.0,
        "Total Operating Income As Reported": -29666000.0,
        "Diluted Average Shares": 54588090.0,
        "Basic Average Shares": 54588090.0,
        "Diluted EPS": -0.56,
        "Basic EPS": -0.56,
        "Diluted NI Availto Com Stockholders": -30696000.0,
        "Net Income Common Stockholders": -30696000.0,
        "Net Income": -30696000.0,
        "Net Income Including Noncontrolling Interests": -30696000.0,
        "Net Income Continuous Operations": -30696000.0,
        "Pretax Income": -30696000.0,
        "Other Income Expense": -1449000.0,
        "Other Non Operating Income Expenses": 952000.0,
        "Special Income Charges": -2401000.0,
        "Write Off": NaN,
        "Impairment Of Capital Assets": NaN,
        "Restructuring And Mergern Acquisition": 2401000.0,
        "Net Non Operating Interest Income Expense": -1982000.0,
        "Interest Expense Non Operating": 1982000.0,
        "Operating Income": -27265000.0,
        "Operating Expense": 28780000.0,
        "Depreciation Amortization Depletion Income Statement": 30000.0,
        "Depreciation And Amortization In Income Statement": 30000.0,
        "Research And Development": 21964000.0,
        "Selling General And Administration": 6786000.0,
        "General And Administrative Expense": 6786000.0,
        "Other Gand A": 4200000.0,
        "Salaries And Wages": 2586000.0,
        "Gross Profit": 1515000.0,
        "Cost Of Revenue": 620000.0,
        "Total Revenue": 2135000.0,
        "Operating Revenue": 1512000.0
    },
    "2024-06-30": {
        "Tax Effect Of Unusual Items": 0.0,
        "Tax Rate For Calcs": 0.0,
        "Normalized EBITDA": -13959000.0,
        "Total Unusual Items": -4070000.0,
        "Total Unusual Items Excluding Goodwill": -4070000.0,
        "Net Income From Continuing Operation Net Minority Interest": -20016000.0,
        "Reconciled Depreciation": 77000.0,
        "Reconciled Cost Of Revenue": 0.0,
        "EBITDA": -18029000.0,
        "EBIT": -18106000.0,
        "Net Interest Income": -1910000.0,
        "Interest Expense": 1910000.0,
        "Normalized Income": -15946000.0,
        "Net Income From Continuing And Discontinued Operation": -20016000.0,
        "Total Expenses": 15716000.0,
        "Total Operating Income As Reported": -17306000.0,
        "Diluted Average Shares": 54724692.0,
        "Basic Average Shares": 54724692.0,
        "Diluted EPS": -0.37,
        "Basic EPS": -0.37,
        "Diluted NI Availto Com Stockholders": -20016000.0,
        "Net Income Common Stockholders": -20016000.0,
        "Net Income": -20016000.0,
        "Net Income Including Noncontrolling Interests": -20016000.0,
        "Net Income Continuous Operations": -20016000.0,
        "Pretax Income": -20016000.0,
        "Other Income Expense": -3381000.0,
        "Other Non Operating Income Expenses": 689000.0,
        "Special Income Charges": -4070000.0,
        "Write Off": 1489000.0,
        "Impairment Of Capital Assets": NaN,
        "Restructuring And Mergern Acquisition": 2581000.0,
        "Net Non Operating Interest Income Expense": -1910000.0,
        "Interest Expense Non Operating": 1910000.0,
        "Operating Income": -14725000.0,
        "Operating Expense": 15716000.0,
        "Depreciation Amortization Depletion Income Statement": 39000.0,
        "Depreciation And Amortization In Income Statement": 39000.0,
        "Research And Development": 9308000.0,
        "Selling General And Administration": 6369000.0,
        "General And Administrative Expense": 6369000.0,
        "Other Gand A": 4897000.0,
        "Salaries And Wages": 1472000.0,
        "Gross Profit": 991000.0,
        "Cost Of Revenue": 0.0,
        "Total Revenue": 991000.0,
        "Operating Revenue": 0.0
    },
    "2024-09-30": {
        "Tax Effect Of Unusual Items": 0.0,
        "Tax Rate For Calcs": 0.0,
        "Normalized EBITDA": -4442000.0,
        "Total Unusual Items": -6001000.0,
        "Total Unusual Items Excluding Goodwill": -6001000.0,
        "Net Income From Continuing Operation Net Minority Interest": -12476000.0,
        "Reconciled Depreciation": 73000.0,
        "Reconciled Cost Of Revenue": 0.0,
        "EBITDA": -10443000.0,
        "EBIT": -10516000.0,
        "Net Interest Income": -1960000.0,
        "Interest Expense": 1960000.0,
        "Normalized Income": -6475000.0,
        "Net Income From Continuing And Discontinued Operation": -12476000.0,
        "Total Expenses": 7837000.0,
        "Total Operating Income As Reported": -5988000.0,
        "Diluted Average Shares": 54843841.0,
        "Basic Average Shares": 54843841.0,
        "Diluted EPS": -0.23,
        "Basic EPS": -0.23,
        "Diluted NI Availto Com Stockholders": -12476000.0,
        "Net Income Common Stockholders": -12476000.0,
        "Net Income": -12476000.0,
        "Net Income Including Noncontrolling Interests": -12476000.0,
        "Net Income Continuous Operations": -12476000.0,
        "Pretax Income": -12476000.0,
        "Other Income Expense": -5235000.0,
        "Other Non Operating Income Expenses": 766000.0,
        "Special Income Charges": -6001000.0,
        "Write Off": 1020000.0,
        "Impairment Of Capital Assets": 4274000.0,
        "Restructuring And Mergern Acquisition": 707000.0,
        "Net Non Operating Interest Income Expense": -1960000.0,
        "Interest Expense Non Operating": 1960000.0,
        "Operating Income": -5281000.0,
        "Operating Expense": 7837000.0,
        "Depreciation Amortization Depletion Income Statement": 73000.0,
        "Depreciation And Amortization In Income Statement": 73000.0,
        "Research And Development": 1362000.0,
        "Selling General And Administration": 6402000.0,
        "General And Administrative Expense": 6402000.0,
        "Other Gand A": 4929000.0,
        "Salaries And Wages": 1473000.0,
        "Gross Profit": 2556000.0,
        "Cost Of Revenue": 0.0,
        "Total Revenue": 2556000.0,
        "Operating Revenue": 1298000.0
    }
}