{
    "2023-06-30": {
        "Tax Effect Of Unusual Items": 0.0,
        "Tax Rate For Calcs": 0.009,
        "Total Unusual Items": 0.0,
        "Total Unusual Items Excluding Goodwill": 0.0,
        "Net Income From Continuing Operation Net Minority Interest": 5704000.0,
        "Reconciled Depreciation": 1568000.0,
        "Net Interest Income": 26396000.0,
        "Interest Expense": 17005000.0,
        "Interest Income": 43401000.0,
        "Normalized Income": 5704000.0,
        "Net Income From Continuing And Discontinued Operation": 5704000.0,
        "Diluted Average Shares": 23513837.0,
        "Basic Average Shares": 23513837.0,
        "Diluted EPS": 0.24,
        "Basic EPS": 0.24,
        "Diluted NI Availto Com Stockholders": 5704000.0,
        "Net Income Common Stockholders": 5704000.0,
        "Otherunder Preferred Stock Dividend": NaN,
        "Net Income": 5704000.0,
        "Net Income Including Noncontrolling Interests": 5704000.0,
        "Net Income Continuous Operations": 5704000.0,
        "Tax Provision": 54000.0,
        "Pretax Income": 5758000.0,
        "Special Income Charges": NaN,
        "Write Off": NaN,
        "Gain On Sale Of Security": 3000.0,
        "Selling General And Administration": 15194000.0,
        "Selling And Marketing Expense": 431000.0,
        "General And Administrative Expense": 14763000.0,
        "Other Gand A": 412000.0,
        "Insurance And Claims": 702000.0,
        "Salaries And Wages": 13649000.0,
        "Total Revenue": 30968000.0,
        "Operating Revenue": 30968000.0
    },
    "2023-03-31": {
        "Tax Effect Of Unusual Items": 0.0,
        "Tax Rate For Calcs": 0.220298,
        "Total Unusual Items": 0.0,
        "Total Unusual Items Excluding Goodwill": 0.0,
        "Net Income From Continuing Operation Net Minority Interest": 15941000.0,
        "Reconciled Depreciation": 1511000.0,
        "Net Interest Income": 40545000.0,
        "Interest Expense": 11170000.0,
        "Interest Income": 51715000.0,
        "Normalized Income": 15941000.0,
        "Net Income From Continuing And Discontinued Operation": 15941000.0,
        "Diluted Average Shares": 23770481.0,
        "Basic Average Shares": 23770481.0,
        "Diluted EPS": 0.67,
        "Basic EPS": 0.67,
        "Diluted NI Availto Com Stockholders": 15829000.0,
        "Net Income Common Stockholders": 15829000.0,
        "Otherunder Preferred Stock Dividend": 112000.0,
        "Net Income": 15941000.0,
        "Net Income Including Noncontrolling Interests": 15941000.0,
        "Net Income Continuous Operations": 15941000.0,
        "Tax Provision": 4504000.0,
        "Pretax Income": 20445000.0,
        "Special Income Charges": 0.0,
        "Write Off": NaN,
        "Gain On Sale Of Security": -12000.0,
        "Selling General And Administration": 14632000.0,
        "Selling And Marketing Expense": 339000.0,
        "General And Administrative Expense": 14293000.0,
        "Other Gand A": NaN,
        "Insurance And Claims": 641000.0,
        "Salaries And Wages": 13652000.0,
        "Total Revenue": 45041000.0,
        "Operating Revenue": 45041000.0
    },
    "2022-12-31": {
        "Tax Effect Of Unusual Items": -78733.462627,
        "Tax Rate For Calcs": 0.181832,
        "Total Unusual Items": -433000.0,
        "Total Unusual Items Excluding Goodwill": -433000.0,
        "Net Income From Continuing Operation Net Minority Interest": 15609000.0,
        "Reconciled Depreciation": 1569000.0,
        "Net Interest Income": 41434000.0,
        "Interest Expense": 6694000.0,
        "Interest Income": 48128000.0,
        "Normalized Income": 15963266.537373,
        "Net Income From Continuing And Discontinued Operation": 15609000.0,
        "Diluted Average Shares": 23907447.0,
        "Basic Average Shares": 23907447.0,
        "Diluted EPS": 0.65,
        "Basic EPS": 0.65,
        "Diluted NI Availto Com Stockholders": 15609000.0,
        "Net Income Common Stockholders": 15609000.0,
        "Net Income": 15609000.0,
        "Net Income Including Noncontrolling Interests": 15609000.0,
        "Net Income Continuous Operations": 15609000.0,
        "Tax Provision": 3469000.0,
        "Pretax Income": 19078000.0,
        "Special Income Charges": 73000.0,
        "Write Off": NaN,
        "Gain On Sale Of Security": -2000.0,
        "Selling General And Administration": 11807000.0,
        "Selling And Marketing Expense": 560000.0,
        "General And Administrative Expense": 11247000.0,
        "Other Gand A": NaN,
        "Insurance And Claims": 475000.0,
        "Salaries And Wages": 14678000.0,
        "Total Revenue": 46168000.0,
        "Operating Revenue": 46168000.0
    },
    "2022-09-30": {
        "Tax Effect Of Unusual Items": -44628.778905,
        "Tax Rate For Calcs": 0.25797,
        "Total Unusual Items": -173000.0,
        "Total Unusual Items Excluding Goodwill": -173000.0,
        "Net Income From Continuing Operation Net Minority Interest": 14408000.0,
        "Reconciled Depreciation": 1517000.0,
        "Net Interest Income": 37725000.0,
        "Interest Expense": 4602000.0,
        "Interest Income": 42327000.0,
        "Normalized Income": 14536371.221095,
        "Net Income From Continuing And Discontinued Operation": 14408000.0,
        "Diluted Average Shares": 24265075.0,
        "Basic Average Shares": 24265075.0,
        "Diluted EPS": 0.59,
        "Basic EPS": 0.59,
        "Diluted NI Availto Com Stockholders": 14408000.0,
        "Net Income Common Stockholders": 14408000.0,
        "Net Income": 14408000.0,
        "Net Income Including Noncontrolling Interests": 14408000.0,
        "Net Income Continuous Operations": 14408000.0,
        "Tax Provision": 5009000.0,
        "Pretax Income": 19417000.0,
        "Special Income Charges": 0.0,
        "Other Special Charges": NaN,
        "Write Off": NaN,
        "Gain On Sale Of Security": -4000.0,
        "Selling General And Administration": 15712000.0,
        "Selling And Marketing Expense": 368000.0,
        "General And Administrative Expense": 15344000.0,
        "Other Gand A": 1281000.0,
        "Insurance And Claims": 543000.0,
        "Salaries And Wages": 13520000.0,
        "Total Revenue": 41994000.0,
        "Operating Revenue": 41994000.0
    },
    "2022-06-30": {
        "Tax Effect Of Unusual Items": 3278.918059,
        "Tax Rate For Calcs": 0.142562,
        "Total Unusual Items": 23000.0,
        "Total Unusual Items Excluding Goodwill": 23000.0,
        "Net Income From Continuing Operation Net Minority Interest": 10778000.0,
        "Reconciled Depreciation": 1499000.0,
        "Net Interest Income": 32459000.0,
        "Interest Expense": 4502000.0,
        "Interest Income": 36961000.0,
        "Normalized Income": 10758278.918059,
        "Net Income From Continuing And Discontinued Operation": 10778000.0,
        "Diluted Average Shares": 24490302.0,
        "Basic Average Shares": 24490302.0,
        "Diluted EPS": 0.44,
        "Basic EPS": 0.44,
        "Diluted NI Availto Com Stockholders": 10778000.0,
        "Net Income Common Stockholders": 10778000.0,
        "Net Income": 10778000.0,
        "Net Income Including Noncontrolling Interests": 10778000.0,
        "Net Income Continuous Operations": 10778000.0,
        "Tax Provision": 1792000.0,
        "Pretax Income": 12570000.0,
        "Special Income Charges": 0.0,
        "Other Special Charges": NaN,
        "Gain On Sale Of Security": 76000.0,
        "Selling General And Administration": 14636000.0,
        "Selling And Marketing Expense": 267000.0,
        "General And Administrative Expense": 14369000.0,
        "Other Gand A": 1296000.0,
        "Insurance And Claims": 629000.0,
        "Salaries And Wages": 12444000.0,
        "Total Revenue": 37464000.0,
        "Operating Revenue": 37464000.0
    },
    "2022-03-31": {
        "Diluted EPS": 0.3,
        "Total Revenue": NaN,
        "Gross Profit": NaN,
        "Operating Income": 390,
        "EBIT": 860,
        "Net Income": 177
    },
    "2021-12-31": {
        "Diluted EPS": 0.45,
        "Total Revenue": NaN,
        "Gross Profit": NaN,
        "Operating Income": 513,
        "EBIT": NaN,
        "Net Income": 261
    },
    "2021-09-30": {
        "Diluted EPS": 0.55,
        "Total Revenue": NaN,
        "Gross Profit": NaN,
        "Operating Income": 595,
        "EBIT": NaN,
        "Net Income": 322
    },
    "2021-06-30": {
        "Diluted EPS": 0.45,
        "Total Revenue": NaN,
        "Gross Profit": NaN,
        "Operating Income": 511,
        "EBIT": 987,
        "Net Income": 263
    },
    "2021-03-31": {
        "Diluted EPS": 0.51,
        "Total Revenue": NaN,
        "Gross Profit": NaN,
        "Operating Income": 572,
        "EBIT": NaN,
        "Net Income": 300
    },
    "2020-12-31": {
        "Diluted EPS": 0.37,
        "Total Revenue": NaN,
        "Gross Profit": NaN,
        "Operating Income": 559,
        "EBIT": NaN,
        "Net Income": 218
    },
    "2020-09-30": {
        "Diluted EPS": 0.71,
        "Total Revenue": NaN,
        "Gross Profit": NaN,
        "Operating Income": 739,
        "EBIT": NaN,
        "Net Income": 413
    },
    "2020-06-30": {
        "Diluted EPS": 0.66,
        "Total Revenue": NaN,
        "Gross Profit": NaN,
        "Operating Income": 722,
        "EBIT": NaN,
        "Net Income": 386
    },
    "2020-03-31": {
        "Diluted EPS": 0.52,
        "Total Revenue": NaN,
        "Gross Profit": NaN,
        "Operating Income": 612,
        "EBIT": NaN,
        "Net Income": 312
    },
    "2019-12-31": {
        "Diluted EPS": 0.64,
        "Total Revenue": NaN,
        "Gross Profit": NaN,
        "Operating Income": 685,
        "EBIT": NaN,
        "Net Income": 381
    },
    "2019-09-30": {
        "Diluted EPS": 0.61,
        "Total Revenue": NaN,
        "Gross Profit": NaN,
        "Operating Income": 662,
        "EBIT": NaN,
        "Net Income": 370
    },
    "2019-06-30": {
        "Diluted EPS": 0.47,
        "Total Revenue": NaN,
        "Gross Profit": NaN,
        "Operating Income": 586,
        "EBIT": NaN,
        "Net Income": 285
    },
    "2019-03-31": {
        "Diluted EPS": 0.5,
        "Total Revenue": NaN,
        "Gross Profit": NaN,
        "Operating Income": 609,
        "EBIT": NaN,
        "Net Income": 308
    },
    "2018-12-31": {
        "Diluted EPS": 0.78,
        "Total Revenue": NaN,
        "Gross Profit": NaN,
        "Operating Income": 694,
        "EBIT": 929,
        "Net Income": 482
    },
    "2018-09-30": {
        "Diluted EPS": 0.54,
        "Total Revenue": NaN,
        "Gross Profit": NaN,
        "Operating Income": 612,
        "EBIT": 810,
        "Net Income": 331
    },
    "2018-06-30": {
        "Diluted EPS": 1.94,
        "Total Revenue": NaN,
        "Gross Profit": NaN,
        "Operating Income": NaN,
        "EBIT": NaN,
        "Net Income": NaN
    },
    "2018-03-31": {
        "Diluted EPS": 0.56,
        "Total Revenue": NaN,
        "Gross Profit": NaN,
        "Operating Income": 611,
        "EBIT": 826,
        "Net Income": 342
    },
    "2017-12-31": {
        "Diluted EPS": 0.74,
        "Total Revenue": NaN,
        "Gross Profit": NaN,
        "Operating Income": 619,
        "EBIT": 800,
        "Net Income": 459
    },
    "2017-09-30": {
        "Diluted EPS": 0.59,
        "Total Revenue": NaN,
        "Gross Profit": NaN,
        "Operating Income": 715,
        "EBIT": 952,
        "Net Income": 363
    },
    "2017-06-30": {
        "Diluted EPS": 0.48,
        "Total Revenue": NaN,
        "Gross Profit": NaN,
        "Operating Income": 642,
        "EBIT": 853,
        "Net Income": 296
    },
    "2017-03-31": {
        "Diluted EPS": 0.54,
        "Total Revenue": NaN,
        "Gross Profit": NaN,
        "Operating Income": 694,
        "EBIT": 896,
        "Net Income": 328
    },
    "2016-12-31": {
        "Diluted EPS": 0.63,
        "Total Revenue": NaN,
        "Gross Profit": NaN,
        "Operating Income": 786,
        "EBIT": 990,
        "Net Income": 388
    },
    "2016-09-30": {
        "Diluted EPS": 0.55,
        "Total Revenue": NaN,
        "Gross Profit": NaN,
        "Operating Income": 670,
        "EBIT": 867,
        "Net Income": 333
    },
    "2016-06-30": {
        "Diluted EPS": 0.48,
        "Total Revenue": NaN,
        "Gross Profit": NaN,
        "Operating Income": 641,
        "EBIT": 835,
        "Net Income": 294
    },
    "2016-03-31": {
        "Diluted EPS": 0.38,
        "Total Revenue": NaN,
        "Gross Profit": NaN,
        "Operating Income": 540,
        "EBIT": 722,
        "Net Income": 228
    },
    "2015-12-31": {
        "Diluted EPS": 0.52,
        "Total Revenue": NaN,
        "Gross Profit": NaN,
        "Operating Income": 662,
        "EBIT": 843,
        "Net Income": 317
    },
    "2015-09-30": {
        "Diluted EPS": 0.43,
        "Total Revenue": NaN,
        "Gross Profit": NaN,
        "Operating Income": 614,
        "EBIT": 793,
        "Net Income": 262
    },
    "2015-06-30": {
        "Diluted EPS": 0.4,
        "Total Revenue": NaN,
        "Gross Profit": NaN,
        "Operating Income": 547,
        "EBIT": 728,
        "Net Income": 241
    },
    "2015-03-31": {
        "Diluted EPS": 0.35,
        "Total Revenue": NaN,
        "Gross Profit": NaN,
        "Operating Income": 504,
        "EBIT": 680,
        "Net Income": 210
    },
    "2014-12-31": {
        "Diluted EPS": 0.56,
        "Total Revenue": NaN,
        "Gross Profit": NaN,
        "Operating Income": 663,
        "EBIT": 849,
        "Net Income": 335
    },
    "2014-09-30": {
        "Diluted EPS": 0.45,
        "Total Revenue": NaN,
        "Gross Profit": NaN,
        "Operating Income": 590,
        "EBIT": 767,
        "Net Income": 271
    },
    "2014-06-30": {
        "Diluted EPS": 0.39,
        "Total Revenue": NaN,
        "Gross Profit": NaN,
        "Operating Income": 556,
        "EBIT": 725,
        "Net Income": 234
    },
    "2014-03-31": {
        "Diluted EPS": 0.34,
        "Total Revenue": NaN,
        "Gross Profit": NaN,
        "Operating Income": 445,
        "EBIT": 612,
        "Net Income": 205
    },
    "2013-12-31": {
        "Diluted EPS": 0.58,
        "Total Revenue": NaN,
        "Gross Profit": NaN,
        "Operating Income": 659,
        "EBIT": 828,
        "Net Income": 349
    },
    "2013-09-30": {
        "Diluted EPS": 0.45,
        "Total Revenue": NaN,
        "Gross Profit": NaN,
        "Operating Income": 551,
        "EBIT": 716,
        "Net Income": 273
    },
    "2013-06-30": {
        "Diluted EPS": 0.43,
        "Total Revenue": NaN,
        "Gross Profit": NaN,
        "Operating Income": 532,
        "EBIT": 691,
        "Net Income": 263
    },
    "2013-03-31": {
        "Diluted EPS": 0.37,
        "Total Revenue": NaN,
        "Gross Profit": NaN,
        "Operating Income": 487,
        "EBIT": 644,
        "Net Income": 225
    },
    "2012-12-31": {
        "Diluted EPS": 0.84,
        "Total Revenue": NaN,
        "Gross Profit": NaN,
        "Operating Income": 554,
        "EBIT": 711,
        "Net Income": 257
    },
    "2012-09-30": {
        "Diluted EPS": 0.44,
        "Total Revenue": NaN,
        "Gross Profit": NaN,
        "Operating Income": 562,
        "EBIT": 714,
        "Net Income": 270
    },
    "2012-06-30": {
        "Diluted EPS": 0.47,
        "Total Revenue": NaN,
        "Gross Profit": NaN,
        "Operating Income": 560,
        "EBIT": 711,
        "Net Income": 289
    },
    "2012-03-31": {
        "Diluted EPS": 0.61,
        "Total Revenue": NaN,
        "Gross Profit": NaN,
        "Operating Income": 488,
        "EBIT": 632,
        "Net Income": 370
    },
    "2011-12-31": {
        "Diluted EPS": 0.51,
        "Total Revenue": NaN,
        "Gross Profit": NaN,
        "Operating Income": 578,
        "EBIT": 721,
        "Net Income": 310
    },
    "2011-09-30": {
        "Diluted EPS": 0.46,
        "Total Revenue": NaN,
        "Gross Profit": NaN,
        "Operating Income": 528,
        "EBIT": 669,
        "Net Income": 279
    },
    "2011-06-30": {
        "Diluted EPS": 0.43,
        "Total Revenue": NaN,
        "Gross Profit": NaN,
        "Operating Income": 501,
        "EBIT": 637,
        "Net Income": 261
    },
    "2011-03-31": {
        "Diluted EPS": 0.37,
        "Total Revenue": NaN,
        "Gross Profit": NaN,
        "Operating Income": 438,
        "EBIT": 574,
        "Net Income": 221
    },
    "2010-12-31": {
        "Diluted EPS": 0.45,
        "Total Revenue": NaN,
        "Gross Profit": NaN,
        "Operating Income": 542,
        "EBIT": 676,
        "Net Income": 271
    },
    "2010-09-30": {
        "Diluted EPS": 0.41,
        "Total Revenue": NaN,
        "Gross Profit": NaN,
        "Operating Income": 493,
        "EBIT": 617,
        "Net Income": 248
    },
    "2010-06-30": {
        "Diluted EPS": 0.42,
        "Total Revenue": NaN,
        "Gross Profit": NaN,
        "Operating Income": 465,
        "EBIT": 586,
        "Net Income": 248
    },
    "2010-03-31": {
        "Diluted EPS": 0.35,
        "Total Revenue": NaN,
        "Gross Profit": 964,
        "Operating Income": 424,
        "EBIT": 548,
        "Net Income": 211
    },
    "2009-12-31": {
        "Diluted EPS": 0.41,
        "Total Revenue": NaN,
        "Gross Profit": NaN,
        "Operating Income": 491,
        "EBIT": 614,
        "Net Income": 247
    },
    "2009-09-30": {
        "Diluted EPS": 0.38,
        "Total Revenue": NaN,
        "Gross Profit": 979,
        "Operating Income": 451,
        "EBIT": 570,
        "Net Income": 225
    },
    "2009-06-30": {
        "Diluted EPS": 0.37,
        "Total Revenue": NaN,
        "Gross Profit": 932,
        "Operating Income": 418,
        "EBIT": 528,
        "Net Income": 221
    },
    "2009-03-31": {
        "Diluted EPS": 0.34,
        "Total Revenue": NaN,
        "Gross Profit": 863,
        "Operating Income": 396,
        "EBIT": 502,
        "Net Income": 198
    },
    "2023-09-30": {
        "Tax Effect Of Unusual Items": 0.0,
        "Tax Rate For Calcs": 0.177,
        "Total Unusual Items": 0.0,
        "Total Unusual Items Excluding Goodwill": 0.0,
        "Net Income From Continuing Operation Net Minority Interest": 3627000.0,
        "Reconciled Depreciation": 1610000.0,
        "Net Interest Income": 26978000.0,
        "Interest Expense": 21492000.0,
        "Interest Income": 48470000.0,
        "Normalized Income": 3627000.0,
        "Net Income From Continuing And Discontinued Operation": 3627000.0,
        "Diluted Average Shares": 22946179.0,
        "Basic Average Shares": 22946179.0,
        "Diluted EPS": 0.16,
        "Basic EPS": 0.16,
        "Diluted NI Availto Com Stockholders": 3627000.0,
        "Net Income Common Stockholders": 3627000.0,
        "Otherunder Preferred Stock Dividend": NaN,
        "Net Income": 3627000.0,
        "Net Income Including Noncontrolling Interests": 3627000.0,
        "Net Income Continuous Operations": 3627000.0,
        "Tax Provision": 780000.0,
        "Pretax Income": 4407000.0,
        "Special Income Charges": 0.0,
        "Write Off": 0.0,
        "Gain On Sale Of Security": -1000.0,
        "Selling General And Administration": 15687000.0,
        "Selling And Marketing Expense": 363000.0,
        "General And Administrative Expense": 15324000.0,
        "Other Gand A": NaN,
        "Insurance And Claims": 1368000.0,
        "Salaries And Wages": 13956000.0,
        "Total Revenue": 31848000.0,
        "Operating Revenue": 31848000.0
    },
    "2023-12-31": {
        "Tax Effect Of Unusual Items": -582.318687,
        "Tax Rate For Calcs": 0.000529,
        "Total Unusual Items": -1100000.0,
        "Total Unusual Items Excluding Goodwill": -1100000.0,
        "Net Income From Continuing Operation Net Minority Interest": -1888000.0,
        "Reconciled Depreciation": 1559000.0,
        "Net Interest Income": 26935000.0,
        "Interest Expense": 24443000.0,
        "Interest Income": 51378000.0,
        "Normalized Income": -788582.318687,
        "Net Income From Continuing And Discontinued Operation": -1888000.0,
        "Diluted Average Shares": 22956114.0,
        "Basic Average Shares": 22956114.0,
        "Diluted EPS": -0.08,
        "Basic EPS": -0.08,
        "Diluted NI Availto Com Stockholders": -1888000.0,
        "Net Income Common Stockholders": -1888000.0,
        "Otherunder Preferred Stock Dividend": NaN,
        "Net Income": -1888000.0,
        "Net Income Including Noncontrolling Interests": -1888000.0,
        "Net Income Continuous Operations": -1888000.0,
        "Tax Provision": -1000.0,
        "Pretax Income": -1889000.0,
        "Special Income Charges": 0.0,
        "Write Off": NaN,
        "Gain On Sale Of Security": -1511000.0,
        "Selling General And Administration": 17352000.0,
        "Selling And Marketing Expense": 560000.0,
        "General And Administrative Expense": 16792000.0,
        "Other Gand A": NaN,
        "Insurance And Claims": 2193000.0,
        "Salaries And Wages": 14599000.0,
        "Total Revenue": 28756000.0,
        "Operating Revenue": 28756000.0
    },
    "2024-03-31": {
        "Tax Effect Of Unusual Items": 0.0,
        "Tax Rate For Calcs": 0.19671,
        "Total Unusual Items": NaN,
        "Total Unusual Items Excluding Goodwill": NaN,
        "Net Income From Continuing Operation Net Minority Interest": 5811000.0,
        "Reconciled Depreciation": 1672000.0,
        "Net Interest Income": 28041000.0,
        "Interest Expense": 25630000.0,
        "Interest Income": 53671000.0,
        "Normalized Income": 5811000.0,
        "Net Income From Continuing And Discontinued Operation": 5811000.0,
        "Diluted Average Shares": 22770311.0,
        "Basic Average Shares": 22770311.0,
        "Diluted EPS": 0.25,
        "Basic EPS": 0.25,
        "Diluted NI Availto Com Stockholders": 5751000.0,
        "Net Income Common Stockholders": 5751000.0,
        "Otherunder Preferred Stock Dividend": 60000.0,
        "Net Income": 5811000.0,
        "Net Income Including Noncontrolling Interests": 5811000.0,
        "Net Income Continuous Operations": 5811000.0,
        "Tax Provision": 1423000.0,
        "Pretax Income": 7234000.0,
        "Special Income Charges": NaN,
        "Write Off": NaN,
        "Gain On Sale Of Security": 0.0,
        "Selling General And Administration": 16244000.0,
        "Selling And Marketing Expense": 357000.0,
        "General And Administrative Expense": 15887000.0,
        "Other Gand A": NaN,
        "Insurance And Claims": 1687000.0,
        "Salaries And Wages": 14200000.0,
        "Total Revenue": 32708000.0,
        "Operating Revenue": 32708000.0
    }
}