{
    "2023-03-31": {
        "Tax Effect Of Unusual Items": NaN,
        "Tax Rate For Calcs": NaN,
        "Normalized EBITDA": NaN,
        "Total Unusual Items": -84000.0,
        "Total Unusual Items Excluding Goodwill": -84000.0,
        "Net Income From Continuing Operation Net Minority Interest": NaN,
        "Reconciled Depreciation": NaN,
        "EBITDA": NaN,
        "EBIT": NaN,
        "Net Interest Income": NaN,
        "Normalized Income": NaN,
        "Net Income From Continuing And Discontinued Operation": NaN,
        "Total Expenses": NaN,
        "Total Operating Income As Reported": NaN,
        "Diluted Average Shares": NaN,
        "Basic Average Shares": NaN,
        "Diluted EPS": NaN,
        "Basic EPS": NaN,
        "Diluted NI Availto Com Stockholders": NaN,
        "Net Income Common Stockholders": NaN,
        "Net Income": NaN,
        "Net Income Including Noncontrolling Interests": NaN,
        "Net Income Continuous Operations": NaN,
        "Tax Provision": NaN,
        "Pretax Income": NaN,
        "Other Income Expense": -84000.0,
        "Gain On Sale Of Security": -84000.0,
        "Net Non Operating Interest Income Expense": NaN,
        "Total Other Finance Cost": NaN,
        "Operating Income": NaN,
        "Operating Expense": NaN,
        "Research And Development": NaN,
        "Selling General And Administration": NaN,
        "General And Administrative Expense": NaN,
        "Other Gand A": NaN,
        "Insurance And Claims": NaN,
        "Salaries And Wages": NaN,
        "Total Revenue": NaN,
        "Operating Revenue": NaN
    },
    "2022-06-30": {
        "Tax Effect Of Unusual Items": 0.0,
        "Tax Rate For Calcs": 0.0,
        "Normalized EBITDA": -13544000.0,
        "Total Unusual Items": -144000.0,
        "Total Unusual Items Excluding Goodwill": -144000.0,
        "Net Income From Continuing Operation Net Minority Interest": -14848000.0,
        "Reconciled Depreciation": 245000.0,
        "EBITDA": -13688000.0,
        "EBIT": -13933000.0,
        "Net Interest Income": -771000.0,
        "Normalized Income": -14704000.0,
        "Net Income From Continuing And Discontinued Operation": -14848000.0,
        "Total Expenses": 16636000.0,
        "Total Operating Income As Reported": -13933000.0,
        "Diluted Average Shares": 40254666.0,
        "Basic Average Shares": 40254666.0,
        "Diluted EPS": -0.368852,
        "Basic EPS": -0.368852,
        "Diluted NI Availto Com Stockholders": -14848000.0,
        "Net Income Common Stockholders": -14848000.0,
        "Net Income": -14848000.0,
        "Net Income Including Noncontrolling Interests": -14848000.0,
        "Net Income Continuous Operations": -14848000.0,
        "Tax Provision": 0.0,
        "Pretax Income": -14848000.0,
        "Other Income Expense": -144000.0,
        "Gain On Sale Of Security": -144000.0,
        "Net Non Operating Interest Income Expense": -771000.0,
        "Total Other Finance Cost": 771000.0,
        "Operating Income": -13933000.0,
        "Operating Expense": 16636000.0,
        "Research And Development": 14212000.0,
        "Selling General And Administration": 2424000.0,
        "General And Administrative Expense": 2424000.0,
        "Other Gand A": 1163000.0,
        "Salaries And Wages": 633000.0,
        "Total Revenue": 2703000.0,
        "Operating Revenue": 2703000.0
    },
    "2022-12-31": {
        "Tax Effect Of Unusual Items": NaN,
        "Tax Rate For Calcs": NaN,
        "Normalized EBITDA": NaN,
        "Total Unusual Items": -550000.0,
        "Total Unusual Items Excluding Goodwill": -550000.0,
        "Net Income From Continuing Operation Net Minority Interest": NaN,
        "Reconciled Depreciation": NaN,
        "EBITDA": NaN,
        "EBIT": NaN,
        "Net Interest Income": NaN,
        "Normalized Income": NaN,
        "Net Income From Continuing And Discontinued Operation": NaN,
        "Total Expenses": NaN,
        "Total Operating Income As Reported": NaN,
        "Diluted Average Shares": NaN,
        "Basic Average Shares": NaN,
        "Diluted EPS": NaN,
        "Basic EPS": NaN,
        "Diluted NI Availto Com Stockholders": NaN,
        "Net Income Common Stockholders": NaN,
        "Net Income": NaN,
        "Net Income Including Noncontrolling Interests": NaN,
        "Net Income Continuous Operations": NaN,
        "Tax Provision": NaN,
        "Pretax Income": NaN,
        "Other Income Expense": -550000.0,
        "Gain On Sale Of Security": -550000.0,
        "Net Non Operating Interest Income Expense": NaN,
        "Total Other Finance Cost": NaN,
        "Operating Income": NaN,
        "Operating Expense": NaN,
        "Research And Development": NaN,
        "Selling General And Administration": NaN,
        "General And Administrative Expense": NaN,
        "Other Gand A": NaN,
        "Insurance And Claims": NaN,
        "Salaries And Wages": NaN,
        "Total Revenue": NaN,
        "Operating Revenue": NaN
    },
    "2022-09-30": {
        "Tax Effect Of Unusual Items": NaN,
        "Tax Rate For Calcs": NaN,
        "Normalized EBITDA": NaN,
        "Total Unusual Items": -668000.0,
        "Total Unusual Items Excluding Goodwill": -668000.0,
        "Net Income From Continuing Operation Net Minority Interest": NaN,
        "Reconciled Depreciation": NaN,
        "EBITDA": NaN,
        "EBIT": NaN,
        "Net Interest Income": NaN,
        "Normalized Income": NaN,
        "Net Income From Continuing And Discontinued Operation": NaN,
        "Total Expenses": NaN,
        "Total Operating Income As Reported": NaN,
        "Diluted Average Shares": 40254666.0,
        "Basic Average Shares": 40254666.0,
        "Diluted EPS": -0.455276,
        "Basic EPS": -0.455276,
        "Diluted NI Availto Com Stockholders": NaN,
        "Net Income Common Stockholders": NaN,
        "Net Income": NaN,
        "Net Income Including Noncontrolling Interests": NaN,
        "Net Income Continuous Operations": NaN,
        "Tax Provision": 0.0,
        "Pretax Income": NaN,
        "Other Income Expense": -668000.0,
        "Gain On Sale Of Security": -668000.0,
        "Net Non Operating Interest Income Expense": NaN,
        "Total Other Finance Cost": 908000.0,
        "Operating Income": NaN,
        "Operating Expense": NaN,
        "Research And Development": NaN,
        "Selling General And Administration": NaN,
        "General And Administrative Expense": NaN,
        "Other Gand A": NaN,
        "Insurance And Claims": NaN,
        "Salaries And Wages": NaN,
        "Total Revenue": NaN,
        "Operating Revenue": NaN
    },
    "2022-03-31": {
        "Diluted EPS": -5.49,
        "Total Revenue": 1,
        "Gross Profit": 1,
        "Operating Income": -10,
        "EBIT": -9,
        "Net Income": -11
    },
    "2021-12-31": {
        "Diluted EPS": 2.76,
        "Total Revenue": 20,
        "Gross Profit": 20,
        "Operating Income": 9,
        "EBIT": 9,
        "Net Income": 9
    },
    "2021-09-30": {
        "Diluted EPS": 7.2,
        "Total Revenue": NaN,
        "Gross Profit": NaN,
        "Operating Income": 63,
        "EBIT": 95,
        "Net Income": 72
    },
    "2021-06-30": {
        "Diluted EPS": -3.0,
        "Total Revenue": 2,
        "Gross Profit": 2,
        "Operating Income": -25,
        "EBIT": -25,
        "Net Income": -25
    },
    "2021-03-31": {
        "Diluted EPS": -7.0,
        "Total Revenue": 4,
        "Gross Profit": 4,
        "Operating Income": -55,
        "EBIT": -55,
        "Net Income": -56
    },
    "2020-12-31": {
        "Diluted EPS": -1.4,
        "Total Revenue": NaN,
        "Gross Profit": NaN,
        "Operating Income": -15,
        "EBIT": -15,
        "Net Income": -15
    },
    "2020-09-30": {
        "Diluted EPS": -3.8,
        "Total Revenue": 11,
        "Gross Profit": 11,
        "Operating Income": -21,
        "EBIT": -21,
        "Net Income": -23
    },
    "2020-06-30": {
        "Diluted EPS": -4.8,
        "Total Revenue": NaN,
        "Gross Profit": NaN,
        "Operating Income": -26,
        "EBIT": -26,
        "Net Income": -26
    },
    "2020-03-31": {
        "Diluted EPS": 6.2,
        "Total Revenue": NaN,
        "Gross Profit": NaN,
        "Operating Income": 41,
        "EBIT": 41,
        "Net Income": 42
    },
    "2019-12-31": {
        "Diluted EPS": -6.0,
        "Total Revenue": NaN,
        "Gross Profit": NaN,
        "Operating Income": -34,
        "EBIT": -34,
        "Net Income": -34
    },
    "2019-09-30": {
        "Diluted EPS": -2.6,
        "Total Revenue": NaN,
        "Gross Profit": NaN,
        "Operating Income": -13,
        "EBIT": -13,
        "Net Income": -13
    },
    "2019-06-30": {
        "Diluted EPS": -13.4,
        "Total Revenue": NaN,
        "Gross Profit": NaN,
        "Operating Income": -55,
        "EBIT": -55,
        "Net Income": -54
    },
    "2019-03-31": {
        "Diluted EPS": -1.6,
        "Total Revenue": NaN,
        "Gross Profit": NaN,
        "Operating Income": -7,
        "EBIT": -7,
        "Net Income": -6
    },
    "2018-12-31": {
        "Diluted EPS": -2.0,
        "Total Revenue": NaN,
        "Gross Profit": NaN,
        "Operating Income": -7,
        "EBIT": -7,
        "Net Income": -7
    },
    "2018-09-30": {
        "Diluted EPS": -3.6,
        "Total Revenue": NaN,
        "Gross Profit": NaN,
        "Operating Income": -14,
        "EBIT": -14,
        "Net Income": -14
    },
    "2018-06-30": {
        "Diluted EPS": -3.2,
        "Total Revenue": NaN,
        "Gross Profit": NaN,
        "Operating Income": -9,
        "EBIT": -9,
        "Net Income": -9
    },
    "2018-03-31": {
        "Diluted EPS": -2.2,
        "Total Revenue": NaN,
        "Gross Profit": NaN,
        "Operating Income": -4,
        "EBIT": -4,
        "Net Income": -4
    },
    "2017-12-31": {
        "Diluted EPS": -3.8,
        "Total Revenue": NaN,
        "Gross Profit": NaN,
        "Operating Income": -7,
        "EBIT": -7,
        "Net Income": -7
    },
    "2017-09-30": {
        "Diluted EPS": -7.4,
        "Total Revenue": NaN,
        "Gross Profit": NaN,
        "Operating Income": -9,
        "EBIT": -9,
        "Net Income": -9
    },
    "2017-06-30": {
        "Diluted EPS": -6.0,
        "Total Revenue": NaN,
        "Gross Profit": NaN,
        "Operating Income": -7,
        "EBIT": -7,
        "Net Income": -7
    },
    "2017-03-31": {
        "Diluted EPS": -5.0,
        "Total Revenue": 0,
        "Gross Profit": 0,
        "Operating Income": -6,
        "EBIT": -6,
        "Net Income": -6
    },
    "2016-12-31": {
        "Diluted EPS": -2.0,
        "Total Revenue": 1,
        "Gross Profit": 1,
        "Operating Income": -4,
        "EBIT": -4,
        "Net Income": -4
    },
    "2016-09-30": {
        "Diluted EPS": 18.2,
        "Total Revenue": 29,
        "Gross Profit": 29,
        "Operating Income": 20,
        "EBIT": 20,
        "Net Income": 19
    },
    "2016-06-30": {
        "Diluted EPS": -6.6,
        "Total Revenue": 0,
        "Gross Profit": 0,
        "Operating Income": -6,
        "EBIT": -6,
        "Net Income": -6
    },
    "2016-03-31": {
        "Diluted EPS": -7.8,
        "Total Revenue": 0,
        "Gross Profit": 0,
        "Operating Income": -7,
        "EBIT": -6,
        "Net Income": -8
    },
    "2015-12-31": {
        "Diluted EPS": -10.8,
        "Total Revenue": 1,
        "Gross Profit": 1,
        "Operating Income": -10,
        "EBIT": -10,
        "Net Income": -10
    },
    "2015-09-30": {
        "Diluted EPS": -10.0,
        "Total Revenue": 0,
        "Gross Profit": 0,
        "Operating Income": -9,
        "EBIT": -9,
        "Net Income": -10
    },
    "2015-06-30": {
        "Diluted EPS": -7.2,
        "Total Revenue": 0,
        "Gross Profit": 0,
        "Operating Income": -8,
        "EBIT": -8,
        "Net Income": -7
    },
    "2015-03-31": {
        "Diluted EPS": -7.2,
        "Total Revenue": 0,
        "Gross Profit": 0,
        "Operating Income": -8,
        "EBIT": -8,
        "Net Income": -7
    },
    "2014-12-31": {
        "Diluted EPS": -8.0,
        "Total Revenue": 0,
        "Gross Profit": 0,
        "Operating Income": -7,
        "EBIT": -7,
        "Net Income": -8
    },
    "2014-09-30": {
        "Diluted EPS": -13.2,
        "Total Revenue": 1,
        "Gross Profit": 1,
        "Operating Income": -11,
        "EBIT": -11,
        "Net Income": -11
    },
    "2014-06-30": {
        "Diluted EPS": -10.2,
        "Total Revenue": 1,
        "Gross Profit": 1,
        "Operating Income": -8,
        "EBIT": -8,
        "Net Income": -8
    },
    "2014-03-31": {
        "Diluted EPS": -16.0,
        "Total Revenue": 1,
        "Gross Profit": 1,
        "Operating Income": -7,
        "EBIT": -7,
        "Net Income": -8
    },
    "2013-12-31": {
        "Diluted EPS": -85.8,
        "Total Revenue": 1,
        "Gross Profit": 1,
        "Operating Income": -4,
        "EBIT": -4,
        "Net Income": -5
    },
    "2013-09-30": {
        "Diluted EPS": -67.8,
        "Total Revenue": 1,
        "Gross Profit": 1,
        "Operating Income": -4,
        "EBIT": -3,
        "Net Income": -5
    },
    "2013-06-30": {
        "Diluted EPS": -68.8,
        "Total Revenue": 0,
        "Gross Profit": 0,
        "Operating Income": -3,
        "EBIT": -3,
        "Net Income": -5
    },
    "2013-03-31": {
        "Diluted EPS": -102.8,
        "Total Revenue": NaN,
        "Gross Profit": NaN,
        "Operating Income": -5,
        "EBIT": -5,
        "Net Income": -6
    },
    "2012-12-31": {
        "Diluted EPS": 0.0,
        "Total Revenue": NaN,
        "Gross Profit": NaN,
        "Operating Income": NaN,
        "EBIT": NaN,
        "Net Income": NaN
    },
    "2011-12-31": {
        "Diluted EPS": 0.0,
        "Total Revenue": NaN,
        "Gross Profit": NaN,
        "Operating Income": NaN,
        "EBIT": NaN,
        "Net Income": NaN
    },
    "2023-06-30": {
        "Tax Effect Of Unusual Items": NaN,
        "Tax Rate For Calcs": NaN,
        "Normalized EBITDA": NaN,
        "Total Unusual Items": NaN,
        "Total Unusual Items Excluding Goodwill": NaN,
        "Net Income From Continuing Operation Net Minority Interest": NaN,
        "Reconciled Depreciation": NaN,
        "EBITDA": NaN,
        "EBIT": NaN,
        "Net Interest Income": NaN,
        "Normalized Income": NaN,
        "Net Income From Continuing And Discontinued Operation": NaN,
        "Total Expenses": NaN,
        "Total Operating Income As Reported": NaN,
        "Diluted Average Shares": 40258107.0,
        "Basic Average Shares": 40258107.0,
        "Diluted EPS": -0.49,
        "Basic EPS": -0.49,
        "Diluted NI Availto Com Stockholders": NaN,
        "Net Income Common Stockholders": NaN,
        "Net Income": NaN,
        "Net Income Including Noncontrolling Interests": NaN,
        "Net Income Continuous Operations": NaN,
        "Tax Provision": 88000.0,
        "Pretax Income": NaN,
        "Other Income Expense": NaN,
        "Gain On Sale Of Security": NaN,
        "Net Non Operating Interest Income Expense": NaN,
        "Total Other Finance Cost": -1177000.0,
        "Operating Income": NaN,
        "Operating Expense": NaN,
        "Research And Development": NaN,
        "Selling General And Administration": NaN,
        "General And Administrative Expense": NaN,
        "Other Gand A": NaN,
        "Insurance And Claims": 752000.0,
        "Salaries And Wages": NaN,
        "Total Revenue": NaN,
        "Operating Revenue": NaN
    },
    "2023-09-30": {
        "Tax Effect Of Unusual Items": 0.0,
        "Tax Rate For Calcs": 0.0,
        "Normalized EBITDA": -21649000.0,
        "Total Unusual Items": NaN,
        "Total Unusual Items Excluding Goodwill": NaN,
        "Net Income From Continuing Operation Net Minority Interest": -21403000.0,
        "Reconciled Depreciation": 695000.0,
        "EBITDA": -21649000.0,
        "EBIT": -22344000.0,
        "Net Interest Income": 941000.0,
        "Normalized Income": -21403000.0,
        "Net Income From Continuing And Discontinued Operation": -21403000.0,
        "Total Expenses": 26171000.0,
        "Total Operating Income As Reported": -22344000.0,
        "Diluted Average Shares": 40285858.0,
        "Basic Average Shares": 40285858.0,
        "Diluted EPS": -0.53,
        "Basic EPS": -0.53,
        "Diluted NI Availto Com Stockholders": -21403000.0,
        "Net Income Common Stockholders": -21403000.0,
        "Net Income": -21403000.0,
        "Net Income Including Noncontrolling Interests": -21403000.0,
        "Net Income Continuous Operations": -21403000.0,
        "Tax Provision": 0.0,
        "Pretax Income": -21403000.0,
        "Other Income Expense": NaN,
        "Gain On Sale Of Security": NaN,
        "Net Non Operating Interest Income Expense": 941000.0,
        "Total Other Finance Cost": -941000.0,
        "Operating Income": -22344000.0,
        "Operating Expense": 26171000.0,
        "Research And Development": 19551000.0,
        "Selling General And Administration": 6620000.0,
        "General And Administrative Expense": 6620000.0,
        "Other Gand A": 4295000.0,
        "Insurance And Claims": 574000.0,
        "Salaries And Wages": 1751000.0,
        "Total Revenue": 3827000.0,
        "Operating Revenue": 3827000.0
    },
    "2023-12-31": {
        "Tax Effect Of Unusual Items": 0.0,
        "Tax Rate For Calcs": 0.0,
        "Normalized EBITDA": -21728000.0,
        "Total Unusual Items": 0.0,
        "Total Unusual Items Excluding Goodwill": 0.0,
        "Net Income From Continuing Operation Net Minority Interest": -20958000.0,
        "Reconciled Depreciation": 722000.0,
        "EBITDA": -21728000.0,
        "EBIT": -22450000.0,
        "Net Interest Income": 1295000.0,
        "Normalized Income": -20958000.0,
        "Net Income From Continuing And Discontinued Operation": -20958000.0,
        "Total Expenses": 26739000.0,
        "Total Operating Income As Reported": -22450000.0,
        "Diluted Average Shares": NaN,
        "Basic Average Shares": NaN,
        "Diluted EPS": NaN,
        "Basic EPS": NaN,
        "Diluted NI Availto Com Stockholders": -20958000.0,
        "Net Income Common Stockholders": -20958000.0,
        "Net Income": -20958000.0,
        "Net Income Including Noncontrolling Interests": -20958000.0,
        "Net Income Continuous Operations": -20958000.0,
        "Tax Provision": NaN,
        "Pretax Income": -21155000.0,
        "Other Income Expense": 0.0,
        "Gain On Sale Of Security": 0.0,
        "Net Non Operating Interest Income Expense": 1295000.0,
        "Total Other Finance Cost": NaN,
        "Operating Income": -22450000.0,
        "Operating Expense": 26739000.0,
        "Research And Development": 19415000.0,
        "Selling General And Administration": 7324000.0,
        "General And Administrative Expense": 7324000.0,
        "Other Gand A": 2614000.0,
        "Insurance And Claims": NaN,
        "Salaries And Wages": 2377000.0,
        "Total Revenue": 4289000.0,
        "Operating Revenue": 4289000.0
    },
    "2024-03-31": {
        "Tax Effect Of Unusual Items": 0.0,
        "Tax Rate For Calcs": 0.0,
        "Normalized EBITDA": -17817000.0,
        "Total Unusual Items": NaN,
        "Total Unusual Items Excluding Goodwill": NaN,
        "Net Income From Continuing Operation Net Minority Interest": -18978000.0,
        "Reconciled Depreciation": 1693000.0,
        "EBITDA": -17817000.0,
        "EBIT": -19510000.0,
        "Net Interest Income": 532000.0,
        "Normalized Income": -18978000.0,
        "Net Income From Continuing And Discontinued Operation": -18978000.0,
        "Total Expenses": 22907000.0,
        "Total Operating Income As Reported": -19510000.0,
        "Diluted Average Shares": 40938464.0,
        "Basic Average Shares": 40938464.0,
        "Diluted EPS": -0.46,
        "Basic EPS": -0.46,
        "Diluted NI Availto Com Stockholders": -18978000.0,
        "Net Income Common Stockholders": -18978000.0,
        "Net Income": -18978000.0,
        "Net Income Including Noncontrolling Interests": -18978000.0,
        "Net Income Continuous Operations": -18978000.0,
        "Tax Provision": 0.0,
        "Pretax Income": -18978000.0,
        "Other Income Expense": NaN,
        "Gain On Sale Of Security": NaN,
        "Net Non Operating Interest Income Expense": 532000.0,
        "Total Other Finance Cost": -532000.0,
        "Operating Income": -19510000.0,
        "Operating Expense": 22907000.0,
        "Research And Development": 17462000.0,
        "Selling General And Administration": 5445000.0,
        "General And Administrative Expense": 5445000.0,
        "Other Gand A": 2772000.0,
        "Insurance And Claims": 222000.0,
        "Salaries And Wages": 2451000.0,
        "Total Revenue": 3397000.0,
        "Operating Revenue": 3397000.0
    },
    "2024-06-30": {
        "Tax Effect Of Unusual Items": 0.0,
        "Tax Rate For Calcs": 0.0,
        "Normalized EBITDA": -11415000.0,
        "Total Unusual Items": NaN,
        "Total Unusual Items Excluding Goodwill": NaN,
        "Net Income From Continuing Operation Net Minority Interest": -11162000.0,
        "Reconciled Depreciation": 255000.0,
        "EBITDA": -11415000.0,
        "EBIT": -11670000.0,
        "Net Interest Income": 508000.0,
        "Normalized Income": -11162000.0,
        "Net Income From Continuing And Discontinued Operation": -11162000.0,
        "Total Expenses": 20867000.0,
        "Total Operating Income As Reported": -11670000.0,
        "Diluted Average Shares": 41543553.0,
        "Basic Average Shares": 41543553.0,
        "Diluted EPS": -0.27,
        "Basic EPS": -0.27,
        "Diluted NI Availto Com Stockholders": -11162000.0,
        "Net Income Common Stockholders": -11162000.0,
        "Net Income": -11162000.0,
        "Net Income Including Noncontrolling Interests": -11162000.0,
        "Net Income Continuous Operations": -11162000.0,
        "Tax Provision": 0.0,
        "Pretax Income": -11162000.0,
        "Other Income Expense": NaN,
        "Gain On Sale Of Security": NaN,
        "Net Non Operating Interest Income Expense": 508000.0,
        "Total Other Finance Cost": -508000.0,
        "Operating Income": -11670000.0,
        "Operating Expense": 20867000.0,
        "Research And Development": 15307000.0,
        "Selling General And Administration": 5560000.0,
        "General And Administrative Expense": 5560000.0,
        "Other Gand A": 2965000.0,
        "Insurance And Claims": 380000.0,
        "Salaries And Wages": 2215000.0,
        "Total Revenue": 9197000.0,
        "Operating Revenue": 9197000.0
    },
    "2024-09-30": {
        "Tax Effect Of Unusual Items": 0.0,
        "Tax Rate For Calcs": 0.0,
        "Normalized EBITDA": -12407000.0,
        "Total Unusual Items": NaN,
        "Total Unusual Items Excluding Goodwill": NaN,
        "Net Income From Continuing Operation Net Minority Interest": -12702000.0,
        "Reconciled Depreciation": 737000.0,
        "EBITDA": -12407000.0,
        "EBIT": -13144000.0,
        "Net Interest Income": 442000.0,
        "Normalized Income": -12702000.0,
        "Net Income From Continuing And Discontinued Operation": -12702000.0,
        "Total Expenses": 16529000.0,
        "Total Operating Income As Reported": -13144000.0,
        "Diluted Average Shares": 41588035.0,
        "Basic Average Shares": 41588035.0,
        "Diluted EPS": -0.31,
        "Basic EPS": -0.31,
        "Diluted NI Availto Com Stockholders": -12702000.0,
        "Net Income Common Stockholders": -12702000.0,
        "Net Income": -12702000.0,
        "Net Income Including Noncontrolling Interests": -12702000.0,
        "Net Income Continuous Operations": -12702000.0,
        "Tax Provision": 0.0,
        "Pretax Income": -12702000.0,
        "Other Income Expense": NaN,
        "Gain On Sale Of Security": NaN,
        "Net Non Operating Interest Income Expense": 442000.0,
        "Total Other Finance Cost": -442000.0,
        "Operating Income": -13144000.0,
        "Operating Expense": 16529000.0,
        "Research And Development": 11326000.0,
        "Selling General And Administration": 5203000.0,
        "General And Administrative Expense": 5203000.0,
        "Other Gand A": 2621000.0,
        "Insurance And Claims": 353000.0,
        "Salaries And Wages": 2229000.0,
        "Total Revenue": 3385000.0,
        "Operating Revenue": 3385000.0
    }
}