{
    "2023-06-30": {
        "Tax Effect Of Unusual Items": NaN,
        "Tax Rate For Calcs": NaN,
        "Normalized EBITDA": NaN,
        "Net Income From Continuing Operation Net Minority Interest": NaN,
        "Reconciled Depreciation": NaN,
        "Reconciled Cost Of Revenue": NaN,
        "EBITDA": NaN,
        "EBIT": NaN,
        "Net Interest Income": NaN,
        "Interest Expense": NaN,
        "Interest Income": NaN,
        "Normalized Income": NaN,
        "Net Income From Continuing And Discontinued Operation": NaN,
        "Total Expenses": NaN,
        "Total Operating Income As Reported": NaN,
        "Diluted Average Shares": NaN,
        "Basic Average Shares": NaN,
        "Diluted EPS": NaN,
        "Basic EPS": NaN,
        "Diluted NI Availto Com Stockholders": NaN,
        "Net Income Common Stockholders": NaN,
        "Net Income": NaN,
        "Minority Interests": NaN,
        "Net Income Including Noncontrolling Interests": NaN,
        "Net Income Discontinuous Operations": NaN,
        "Net Income Continuous Operations": NaN,
        "Tax Provision": NaN,
        "Pretax Income": NaN,
        "Other Income Expense": NaN,
        "Other Non Operating Income Expenses": NaN,
        "Earnings From Equity Interest": NaN,
        "Net Non Operating Interest Income Expense": NaN,
        "Interest Expense Non Operating": NaN,
        "Interest Income Non Operating": NaN,
        "Operating Income": NaN,
        "Operating Expense": NaN,
        "Research And Development": NaN,
        "Selling General And Administration": NaN,
        "General And Administrative Expense": 784000000.0,
        "Other Gand A": 784000000.0,
        "Salaries And Wages": 0.0,
        "Gross Profit": NaN,
        "Cost Of Revenue": NaN,
        "Total Revenue": NaN,
        "Operating Revenue": NaN
    },
    "2023-03-31": {
        "Tax Effect Of Unusual Items": NaN,
        "Tax Rate For Calcs": NaN,
        "Normalized EBITDA": NaN,
        "Net Income From Continuing Operation Net Minority Interest": NaN,
        "Reconciled Depreciation": NaN,
        "Reconciled Cost Of Revenue": NaN,
        "EBITDA": NaN,
        "EBIT": NaN,
        "Net Interest Income": NaN,
        "Interest Expense": NaN,
        "Interest Income": NaN,
        "Normalized Income": NaN,
        "Net Income From Continuing And Discontinued Operation": NaN,
        "Total Expenses": NaN,
        "Total Operating Income As Reported": NaN,
        "Diluted Average Shares": NaN,
        "Basic Average Shares": NaN,
        "Diluted EPS": NaN,
        "Basic EPS": NaN,
        "Diluted NI Availto Com Stockholders": NaN,
        "Net Income Common Stockholders": NaN,
        "Net Income": NaN,
        "Minority Interests": NaN,
        "Net Income Including Noncontrolling Interests": NaN,
        "Net Income Discontinuous Operations": NaN,
        "Net Income Continuous Operations": NaN,
        "Tax Provision": NaN,
        "Pretax Income": NaN,
        "Other Income Expense": NaN,
        "Other Non Operating Income Expenses": NaN,
        "Earnings From Equity Interest": NaN,
        "Net Non Operating Interest Income Expense": NaN,
        "Interest Expense Non Operating": NaN,
        "Interest Income Non Operating": NaN,
        "Operating Income": NaN,
        "Operating Expense": NaN,
        "Research And Development": NaN,
        "Selling General And Administration": NaN,
        "General And Administrative Expense": 721000000.0,
        "Other Gand A": 721000000.0,
        "Salaries And Wages": 0.0,
        "Gross Profit": NaN,
        "Cost Of Revenue": NaN,
        "Total Revenue": NaN,
        "Operating Revenue": NaN
    },
    "2022-12-31": {
        "Tax Effect Of Unusual Items": NaN,
        "Tax Rate For Calcs": NaN,
        "Normalized EBITDA": NaN,
        "Net Income From Continuing Operation Net Minority Interest": NaN,
        "Reconciled Depreciation": NaN,
        "Reconciled Cost Of Revenue": NaN,
        "EBITDA": NaN,
        "EBIT": NaN,
        "Net Interest Income": NaN,
        "Interest Expense": NaN,
        "Interest Income": NaN,
        "Normalized Income": NaN,
        "Net Income From Continuing And Discontinued Operation": NaN,
        "Total Expenses": NaN,
        "Total Operating Income As Reported": NaN,
        "Diluted Average Shares": NaN,
        "Basic Average Shares": NaN,
        "Diluted EPS": NaN,
        "Basic EPS": NaN,
        "Diluted NI Availto Com Stockholders": NaN,
        "Net Income Common Stockholders": NaN,
        "Net Income": NaN,
        "Minority Interests": NaN,
        "Net Income Including Noncontrolling Interests": NaN,
        "Net Income Continuous Operations": NaN,
        "Tax Provision": NaN,
        "Pretax Income": NaN,
        "Other Income Expense": NaN,
        "Other Non Operating Income Expenses": NaN,
        "Earnings From Equity Interest": NaN,
        "Net Non Operating Interest Income Expense": NaN,
        "Interest Expense Non Operating": NaN,
        "Interest Income Non Operating": NaN,
        "Operating Income": NaN,
        "Operating Expense": NaN,
        "Research And Development": NaN,
        "Selling General And Administration": NaN,
        "General And Administrative Expense": 675000000.0,
        "Other Gand A": 673000000.0,
        "Salaries And Wages": 2000000.0,
        "Gross Profit": NaN,
        "Cost Of Revenue": NaN,
        "Total Revenue": NaN,
        "Operating Revenue": NaN
    },
    "2022-09-30": {
        "Tax Effect Of Unusual Items": 0.0,
        "Tax Rate For Calcs": 0.094,
        "Normalized EBITDA": 1643000000.0,
        "Net Income From Continuing Operation Net Minority Interest": 1312000000.0,
        "Reconciled Depreciation": 102000000.0,
        "Reconciled Cost Of Revenue": 3974000000.0,
        "EBITDA": 1643000000.0,
        "EBIT": 1541000000.0,
        "Net Interest Income": -56000000.0,
        "Interest Expense": 71000000.0,
        "Interest Income": 15000000.0,
        "Normalized Income": 1312000000.0,
        "Net Income From Continuing And Discontinued Operation": 1312000000.0,
        "Total Expenses": 4741000000.0,
        "Total Operating Income As Reported": 1526000000.0,
        "Diluted Average Shares": 856500000.0,
        "Basic Average Shares": 839600000.0,
        "Diluted EPS": 1.53,
        "Basic EPS": 1.56,
        "Diluted NI Availto Com Stockholders": 1312000000.0,
        "Net Income Common Stockholders": 1312000000.0,
        "Net Income": 1312000000.0,
        "Minority Interests": -20000000.0,
        "Net Income Including Noncontrolling Interests": 1332000000.0,
        "Net Income Continuous Operations": 1332000000.0,
        "Tax Provision": 138000000.0,
        "Pretax Income": 1470000000.0,
        "Other Income Expense": 816000000.0,
        "Other Non Operating Income Expenses": 753000000.0,
        "Earnings From Equity Interest": 63000000.0,
        "Net Non Operating Interest Income Expense": -56000000.0,
        "Total Other Finance Cost": NaN,
        "Interest Expense Non Operating": 71000000.0,
        "Interest Income Non Operating": 15000000.0,
        "Operating Income": 710000000.0,
        "Operating Expense": 767000000.0,
        "Research And Development": 143000000.0,
        "Selling General And Administration": 624000000.0,
        "Gross Profit": 1477000000.0,
        "Cost Of Revenue": 3974000000.0,
        "Total Revenue": 5451000000.0,
        "Operating Revenue": 5451000000.0
    },
    "2022-06-30": {
        "Tax Effect Of Unusual Items": 0.0,
        "Tax Rate For Calcs": 0.225,
        "Normalized EBITDA": 901000000.0,
        "Net Income From Continuing Operation Net Minority Interest": 573000000.0,
        "Reconciled Depreciation": 76000000.0,
        "Reconciled Cost Of Revenue": 3764000000.0,
        "EBITDA": 901000000.0,
        "EBIT": 825000000.0,
        "Net Interest Income": -61000000.0,
        "Interest Expense": 68000000.0,
        "Interest Income": 7000000.0,
        "Normalized Income": 573000000.0,
        "Net Income From Continuing And Discontinued Operation": 573000000.0,
        "Total Expenses": 4500000000.0,
        "Total Operating Income As Reported": 819000000.0,
        "Diluted Average Shares": 862700000.0,
        "Basic Average Shares": 845700000.0,
        "Diluted EPS": 0.67,
        "Basic EPS": 0.68,
        "Diluted NI Availto Com Stockholders": 573000000.0,
        "Net Income Common Stockholders": 573000000.0,
        "Net Income": 573000000.0,
        "Minority Interests": -14000000.0,
        "Net Income Including Noncontrolling Interests": 587000000.0,
        "Net Income Continuous Operations": 587000000.0,
        "Tax Provision": 170000000.0,
        "Pretax Income": 757000000.0,
        "Other Income Expense": 107000000.0,
        "Other Non Operating Income Expenses": 6000000.0,
        "Earnings From Equity Interest": 101000000.0,
        "Net Non Operating Interest Income Expense": -61000000.0,
        "Total Other Finance Cost": NaN,
        "Interest Expense Non Operating": 68000000.0,
        "Interest Income Non Operating": 7000000.0,
        "Operating Income": 711000000.0,
        "Operating Expense": 736000000.0,
        "Research And Development": 122000000.0,
        "Selling General And Administration": 614000000.0,
        "Gross Profit": 1447000000.0,
        "Cost Of Revenue": 3764000000.0,
        "Total Revenue": 5211000000.0,
        "Operating Revenue": 5211000000.0
    },
    "2022-03-31": {
        "Diluted EPS": 1.58,
        "Total Revenue": NaN,
        "Gross Profit": NaN,
        "Operating Income": NaN,
        "EBIT": NaN,
        "Net Income": NaN
    },
    "2021-12-31": {
        "Diluted EPS": 0.36,
        "Total Revenue": NaN,
        "Gross Profit": NaN,
        "Operating Income": 463,
        "EBIT": 550,
        "Net Income": 324
    },
    "2021-09-30": {
        "Diluted EPS": 0.53,
        "Total Revenue": NaN,
        "Gross Profit": NaN,
        "Operating Income": 828,
        "EBIT": 911,
        "Net Income": 469
    },
    "2021-06-30": {
        "Diluted EPS": 0.55,
        "Total Revenue": NaN,
        "Gross Profit": NaN,
        "Operating Income": 783,
        "EBIT": 868,
        "Net Income": 487
    },
    "2021-03-31": {
        "Diluted EPS": 0.43,
        "Total Revenue": NaN,
        "Gross Profit": NaN,
        "Operating Income": 571,
        "EBIT": 654,
        "Net Income": 384
    },
    "2020-12-31": {
        "Diluted EPS": 1.0,
        "Total Revenue": NaN,
        "Gross Profit": NaN,
        "Operating Income": NaN,
        "EBIT": NaN,
        "Net Income": 884
    },
    "2020-09-30": {
        "Diluted EPS": 0.84,
        "Total Revenue": NaN,
        "Gross Profit": NaN,
        "Operating Income": NaN,
        "EBIT": NaN,
        "Net Income": 741
    },
    "2020-06-30": {
        "Diluted EPS": 0.3,
        "Total Revenue": NaN,
        "Gross Profit": NaN,
        "Operating Income": 442,
        "EBIT": 520,
        "Net Income": 261
    },
    "2020-03-31": {
        "Diluted EPS": 0.11,
        "Total Revenue": NaN,
        "Gross Profit": NaN,
        "Operating Income": 315,
        "EBIT": 396,
        "Net Income": 96
    },
    "2019-12-31": {
        "Diluted EPS": 0.5,
        "Total Revenue": NaN,
        "Gross Profit": NaN,
        "Operating Income": 557,
        "EBIT": 641,
        "Net Income": 440
    },
    "2019-09-30": {
        "Diluted EPS": 0.57,
        "Total Revenue": NaN,
        "Gross Profit": NaN,
        "Operating Income": 629,
        "EBIT": 713,
        "Net Income": 492
    },
    "2019-06-30": {
        "Diluted EPS": 0.91,
        "Total Revenue": NaN,
        "Gross Profit": NaN,
        "Operating Income": 805,
        "EBIT": 887,
        "Net Income": 784
    },
    "2019-03-31": {
        "Diluted EPS": 0.46,
        "Total Revenue": NaN,
        "Gross Profit": NaN,
        "Operating Income": 500,
        "EBIT": 585,
        "Net Income": 400
    },
    "2018-12-31": {
        "Diluted EPS": 0.0,
        "Total Revenue": NaN,
        "Gross Profit": NaN,
        "Operating Income": NaN,
        "EBIT": NaN,
        "Net Income": NaN
    },
    "2017-12-31": {
        "Diluted EPS": 0.0,
        "Total Revenue": NaN,
        "Gross Profit": NaN,
        "Operating Income": NaN,
        "EBIT": NaN,
        "Net Income": NaN
    },
    "2023-09-30": {
        "Tax Effect Of Unusual Items": 0.0,
        "Tax Rate For Calcs": 0.376,
        "Normalized EBITDA": 639000000.0,
        "Net Income From Continuing Operation Net Minority Interest": 270000000.0,
        "Reconciled Depreciation": 95000000.0,
        "Reconciled Cost Of Revenue": 3449000000.0,
        "EBITDA": 639000000.0,
        "EBIT": 544000000.0,
        "Net Interest Income": -39000000.0,
        "Interest Expense": 73000000.0,
        "Interest Income": 34000000.0,
        "Normalized Income": 270000000.0,
        "Net Income From Continuing And Discontinued Operation": 357000000.0,
        "Total Expenses": 4239000000.0,
        "Total Operating Income As Reported": 510000000.0,
        "Diluted Average Shares": 854700000.0,
        "Basic Average Shares": 838700000.0,
        "Diluted EPS": 0.42,
        "Basic EPS": 0.43,
        "Diluted NI Availto Com Stockholders": 357000000.0,
        "Net Income Common Stockholders": 357000000.0,
        "Net Income": 357000000.0,
        "Minority Interests": -24000000.0,
        "Net Income Including Noncontrolling Interests": 381000000.0,
        "Net Income Discontinuous Operations": 87000000.0,
        "Net Income Continuous Operations": 294000000.0,
        "Tax Provision": 177000000.0,
        "Pretax Income": 471000000.0,
        "Other Income Expense": -186000000.0,
        "Other Non Operating Income Expenses": -261000000.0,
        "Earnings From Equity Interest": 75000000.0,
        "Net Non Operating Interest Income Expense": -39000000.0,
        "Interest Expense Non Operating": 73000000.0,
        "Interest Income Non Operating": 34000000.0,
        "Operating Income": 696000000.0,
        "Operating Expense": 790000000.0,
        "Research And Development": 126000000.0,
        "Selling General And Administration": 664000000.0,
        "General And Administrative Expense": 831000000.0,
        "Other Gand A": 831000000.0,
        "Salaries And Wages": 0.0,
        "Gross Profit": 1486000000.0,
        "Cost Of Revenue": 3449000000.0,
        "Total Revenue": 4935000000.0,
        "Operating Revenue": 4935000000.0
    },
    "2023-12-31": {
        "Tax Effect Of Unusual Items": 0.0,
        "Tax Rate For Calcs": 0.214669,
        "Normalized EBITDA": 805000000.0,
        "Net Income From Continuing Operation Net Minority Interest": 420000000.0,
        "Reconciled Depreciation": 135000000.0,
        "Reconciled Cost Of Revenue": 3668000000.0,
        "EBITDA": 805000000.0,
        "EBIT": 670000000.0,
        "Net Interest Income": -47000000.0,
        "Interest Expense": 111000000.0,
        "Interest Income": 64000000.0,
        "Normalized Income": 420000000.0,
        "Net Income From Continuing And Discontinued Operation": 420000000.0,
        "Total Expenses": 4799000000.0,
        "Total Operating Income As Reported": 607000000.0,
        "Diluted Average Shares": 854200000.0,
        "Basic Average Shares": 839600000.0,
        "Diluted EPS": 0.49,
        "Basic EPS": 0.5,
        "Diluted NI Availto Com Stockholders": 420000000.0,
        "Net Income Common Stockholders": 420000000.0,
        "Net Income": 420000000.0,
        "Minority Interests": -19000000.0,
        "Net Income Including Noncontrolling Interests": 439000000.0,
        "Net Income Discontinuous Operations": NaN,
        "Net Income Continuous Operations": 439000000.0,
        "Tax Provision": 120000000.0,
        "Pretax Income": 559000000.0,
        "Other Income Expense": 303000000.0,
        "Other Non Operating Income Expenses": 664000000.0,
        "Earnings From Equity Interest": 40000000.0,
        "Net Non Operating Interest Income Expense": -47000000.0,
        "Interest Expense Non Operating": 111000000.0,
        "Interest Income Non Operating": 64000000.0,
        "Operating Income": 303000000.0,
        "Operating Expense": 1131000000.0,
        "Research And Development": 170000000.0,
        "Selling General And Administration": 961000000.0,
        "General And Administrative Expense": 961000000.0,
        "Other Gand A": 961000000.0,
        "Salaries And Wages": 1000000.0,
        "Gross Profit": 1434000000.0,
        "Cost Of Revenue": 3668000000.0,
        "Total Revenue": 5102000000.0,
        "Operating Revenue": 5102000000.0
    },
    "2024-03-31": {
        "Tax Effect Of Unusual Items": 0.0,
        "Tax Rate For Calcs": 0.137,
        "Normalized EBITDA": 829000000.0,
        "Net Income From Continuing Operation Net Minority Interest": 269000000.0,
        "Reconciled Depreciation": 314000000.0,
        "Reconciled Cost Of Revenue": 4477000000.0,
        "EBITDA": 829000000.0,
        "EBIT": 515000000.0,
        "Net Interest Income": -165000000.0,
        "Interest Expense": 180000000.0,
        "Interest Income": 15000000.0,
        "Normalized Income": 269000000.0,
        "Net Income From Continuing And Discontinued Operation": 269000000.0,
        "Total Expenses": 5686000000.0,
        "Total Operating Income As Reported": 500000000.0,
        "Diluted Average Shares": 913000000.0,
        "Basic Average Shares": 899200000.0,
        "Diluted EPS": 0.29,
        "Basic EPS": 0.3,
        "Diluted NI Availto Com Stockholders": 269000000.0,
        "Net Income Common Stockholders": 269000000.0,
        "Net Income": 269000000.0,
        "Minority Interests": -20000000.0,
        "Net Income Including Noncontrolling Interests": 289000000.0,
        "Net Income Discontinuous Operations": NaN,
        "Net Income Continuous Operations": 289000000.0,
        "Tax Provision": 46000000.0,
        "Pretax Income": 335000000.0,
        "Other Income Expense": 4000000.0,
        "Other Non Operating Income Expenses": -27000000.0,
        "Earnings From Equity Interest": 31000000.0,
        "Net Non Operating Interest Income Expense": -165000000.0,
        "Interest Expense Non Operating": 180000000.0,
        "Interest Income Non Operating": 15000000.0,
        "Operating Income": 496000000.0,
        "Operating Expense": 1209000000.0,
        "Research And Development": 224000000.0,
        "Selling General And Administration": 985000000.0,
        "General And Administrative Expense": NaN,
        "Other Gand A": NaN,
        "Salaries And Wages": NaN,
        "Gross Profit": 1705000000.0,
        "Cost Of Revenue": 4477000000.0,
        "Total Revenue": 6182000000.0,
        "Operating Revenue": 6182000000.0
    },
    "2024-06-30": {
        "Tax Effect Of Unusual Items": 0.0,
        "Tax Rate For Calcs": 0.328,
        "Normalized EBITDA": 4020000000.0,
        "Net Income From Continuing Operation Net Minority Interest": 2337000000.0,
        "Reconciled Depreciation": 311000000.0,
        "Reconciled Cost Of Revenue": 4811000000.0,
        "EBITDA": 4020000000.0,
        "EBIT": 3709000000.0,
        "Net Interest Income": -166000000.0,
        "Interest Expense": 185000000.0,
        "Interest Income": 19000000.0,
        "Normalized Income": 2337000000.0,
        "Net Income From Continuing And Discontinued Operation": 2337000000.0,
        "Total Expenses": 5973000000.0,
        "Total Operating Income As Reported": 3691000000.0,
        "Diluted Average Shares": 915300000.0,
        "Basic Average Shares": 902400000.0,
        "Diluted EPS": 2.55,
        "Basic EPS": 2.59,
        "Diluted NI Availto Com Stockholders": 2337000000.0,
        "Net Income Common Stockholders": 2337000000.0,
        "Net Income": 2337000000.0,
        "Minority Interests": -32000000.0,
        "Net Income Including Noncontrolling Interests": 2369000000.0,
        "Net Income Discontinuous Operations": NaN,
        "Net Income Continuous Operations": 2369000000.0,
        "Tax Provision": 1155000000.0,
        "Pretax Income": 3524000000.0,
        "Other Income Expense": 2974000000.0,
        "Other Non Operating Income Expenses": 2884000000.0,
        "Earnings From Equity Interest": 90000000.0,
        "Net Non Operating Interest Income Expense": -166000000.0,
        "Interest Expense Non Operating": 185000000.0,
        "Interest Income Non Operating": 19000000.0,
        "Operating Income": 716000000.0,
        "Operating Expense": 1162000000.0,
        "Research And Development": 187000000.0,
        "Selling General And Administration": 975000000.0,
        "General And Administrative Expense": 975000000.0,
        "Other Gand A": 975000000.0,
        "Salaries And Wages": 1000000.0,
        "Gross Profit": 1878000000.0,
        "Cost Of Revenue": 4811000000.0,
        "Total Revenue": 6689000000.0,
        "Operating Revenue": 6689000000.0
    },
    "2024-09-30": {
        "Tax Effect Of Unusual Items": 0.0,
        "Tax Rate For Calcs": 0.223,
        "Normalized EBITDA": 1190000000.0,
        "Net Income From Continuing Operation Net Minority Interest": 564000000.0,
        "Reconciled Depreciation": 289000000.0,
        "Reconciled Cost Of Revenue": 4307000000.0,
        "EBITDA": 1190000000.0,
        "EBIT": 901000000.0,
        "Net Interest Income": 8000000.0,
        "Interest Expense": 131000000.0,
        "Interest Income": 139000000.0,
        "Normalized Income": 564000000.0,
        "Net Income From Continuing And Discontinued Operation": 447000000.0,
        "Total Expenses": 5278000000.0,
        "Total Operating Income As Reported": 763000000.0,
        "Diluted Average Shares": 915000000.0,
        "Basic Average Shares": 901200000.0,
        "Diluted EPS": 0.49,
        "Basic EPS": 0.5,
        "Diluted NI Availto Com Stockholders": 447000000.0,
        "Net Income Common Stockholders": 447000000.0,
        "Net Income": 447000000.0,
        "Minority Interests": -34000000.0,
        "Net Income Including Noncontrolling Interests": 481000000.0,
        "Net Income Discontinuous Operations": -117000000.0,
        "Net Income Continuous Operations": 598000000.0,
        "Tax Provision": 172000000.0,
        "Pretax Income": 770000000.0,
        "Other Income Expense": 56000000.0,
        "Other Non Operating Income Expenses": -10000000.0,
        "Earnings From Equity Interest": 66000000.0,
        "Net Non Operating Interest Income Expense": 8000000.0,
        "Interest Expense Non Operating": 131000000.0,
        "Interest Income Non Operating": 139000000.0,
        "Operating Income": 706000000.0,
        "Operating Expense": 971000000.0,
        "Research And Development": 172000000.0,
        "Selling General And Administration": 799000000.0,
        "General And Administrative Expense": NaN,
        "Other Gand A": NaN,
        "Salaries And Wages": NaN,
        "Gross Profit": 1677000000.0,
        "Cost Of Revenue": 4307000000.0,
        "Total Revenue": 5984000000.0,
        "Operating Revenue": 5984000000.0
    }
}