{
    "2023-09-30": {
        "Tax Effect Of Unusual Items": 0.0,
        "Tax Rate For Calcs": 0.18,
        "Normalized EBITDA": -2442000000.0,
        "Net Income From Continuing Operation Net Minority Interest": -1999000000.0,
        "Reconciled Depreciation": 15000000.0,
        "Reconciled Cost Of Revenue": 203000000.0,
        "EBITDA": -2442000000.0,
        "EBIT": -2457000000.0,
        "Net Interest Income": 23000000.0,
        "Interest Income": 23000000.0,
        "Normalized Income": -1999000000.0,
        "Net Income From Continuing And Discontinued Operation": -1999000000.0,
        "Total Expenses": 3221000000.0,
        "Total Operating Income As Reported": -2457000000.0,
        "Diluted Average Shares": 95836000.0,
        "Basic Average Shares": 95836000.0,
        "Diluted EPS": -20.86,
        "Basic EPS": -20.86,
        "Diluted NI Availto Com Stockholders": -1999000000.0,
        "Average Dilution Earnings": NaN,
        "Net Income Common Stockholders": -1999000000.0,
        "Preferred Stock Dividends": NaN,
        "Net Income": -1999000000.0,
        "Net Income Including Noncontrolling Interests": -1999000000.0,
        "Net Income Continuous Operations": -1999000000.0,
        "Tax Provision": -440000000.0,
        "Pretax Income": -2439000000.0,
        "Other Income Expense": -5000000.0,
        "Other Non Operating Income Expenses": -5000000.0,
        "Net Non Operating Interest Income Expense": 23000000.0,
        "Interest Income Non Operating": 23000000.0,
        "Operating Income": -2457000000.0,
        "Operating Expense": 3018000000.0,
        "Other Operating Expenses": 145000000.0,
        "Research And Development": 1850000000.0,
        "Selling General And Administration": 1023000000.0,
        "Selling And Marketing Expense": 455000000.0,
        "General And Administrative Expense": 568000000.0,
        "Other Gand A": 568000000.0,
        "Gross Profit": 561000000.0,
        "Cost Of Revenue": 203000000.0,
        "Total Revenue": 764000000.0,
        "Operating Revenue": 764000000.0
    },
    "2022-12-31": {
        "Tax Effect Of Unusual Items": NaN,
        "Tax Rate For Calcs": NaN,
        "Normalized EBITDA": NaN,
        "Net Income From Continuing Operation Net Minority Interest": NaN,
        "Reconciled Depreciation": NaN,
        "Reconciled Cost Of Revenue": NaN,
        "EBITDA": NaN,
        "EBIT": NaN,
        "Net Interest Income": NaN,
        "Interest Income": NaN,
        "Normalized Income": NaN,
        "Net Income From Continuing And Discontinued Operation": NaN,
        "Total Expenses": NaN,
        "Total Operating Income As Reported": NaN,
        "Diluted Average Shares": NaN,
        "Basic Average Shares": NaN,
        "Diluted EPS": NaN,
        "Basic EPS": NaN,
        "Diluted NI Availto Com Stockholders": NaN,
        "Average Dilution Earnings": NaN,
        "Net Income Common Stockholders": NaN,
        "Preferred Stock Dividends": NaN,
        "Net Income": NaN,
        "Net Income Including Noncontrolling Interests": NaN,
        "Net Income Continuous Operations": NaN,
        "Tax Provision": NaN,
        "Pretax Income": NaN,
        "Other Income Expense": -1000000.0,
        "Other Non Operating Income Expenses": -1000000.0,
        "Net Non Operating Interest Income Expense": NaN,
        "Interest Income Non Operating": NaN,
        "Operating Income": NaN,
        "Operating Expense": NaN,
        "Other Operating Expenses": NaN,
        "Research And Development": NaN,
        "Selling General And Administration": NaN,
        "Selling And Marketing Expense": NaN,
        "General And Administrative Expense": NaN,
        "Other Gand A": NaN,
        "Gross Profit": NaN,
        "Cost Of Revenue": NaN,
        "Total Revenue": NaN,
        "Operating Revenue": NaN
    },
    "2022-09-30": {
        "Tax Effect Of Unusual Items": NaN,
        "Tax Rate For Calcs": NaN,
        "Normalized EBITDA": NaN,
        "Net Income From Continuing Operation Net Minority Interest": NaN,
        "Reconciled Depreciation": NaN,
        "Reconciled Cost Of Revenue": NaN,
        "EBITDA": NaN,
        "EBIT": NaN,
        "Net Interest Income": NaN,
        "Interest Income": NaN,
        "Normalized Income": NaN,
        "Net Income From Continuing And Discontinued Operation": NaN,
        "Total Expenses": NaN,
        "Total Operating Income As Reported": NaN,
        "Diluted Average Shares": 276459151.0,
        "Basic Average Shares": 276459151.0,
        "Diluted EPS": 0.0,
        "Basic EPS": 0.0,
        "Diluted NI Availto Com Stockholders": NaN,
        "Average Dilution Earnings": NaN,
        "Net Income Common Stockholders": NaN,
        "Preferred Stock Dividends": 36000000.0,
        "Net Income": NaN,
        "Net Income Including Noncontrolling Interests": NaN,
        "Net Income Continuous Operations": NaN,
        "Tax Provision": NaN,
        "Pretax Income": NaN,
        "Other Income Expense": -5000000.0,
        "Other Non Operating Income Expenses": -5000000.0,
        "Net Non Operating Interest Income Expense": NaN,
        "Interest Income Non Operating": NaN,
        "Operating Income": NaN,
        "Operating Expense": NaN,
        "Other Operating Expenses": NaN,
        "Research And Development": NaN,
        "Selling General And Administration": NaN,
        "Selling And Marketing Expense": NaN,
        "General And Administrative Expense": NaN,
        "Other Gand A": NaN,
        "Gross Profit": NaN,
        "Cost Of Revenue": NaN,
        "Total Revenue": NaN,
        "Operating Revenue": NaN
    },
    "2023-12-31": {
        "Tax Effect Of Unusual Items": 0.0,
        "Tax Rate For Calcs": 0.21,
        "Normalized EBITDA": 59000000.0,
        "Net Income From Continuing Operation Net Minority Interest": 135000000.0,
        "Reconciled Depreciation": 13000000.0,
        "Reconciled Cost Of Revenue": 195000000.0,
        "EBITDA": 59000000.0,
        "EBIT": 46000000.0,
        "Net Interest Income": 24000000.0,
        "Interest Income": 24000000.0,
        "Normalized Income": 135000000.0,
        "Net Income From Continuing And Discontinued Operation": 135000000.0,
        "Total Expenses": 757000000.0,
        "Total Operating Income As Reported": 46000000.0,
        "Diluted Average Shares": NaN,
        "Basic Average Shares": NaN,
        "Diluted EPS": NaN,
        "Basic EPS": NaN,
        "Diluted NI Availto Com Stockholders": 133000000.0,
        "Average Dilution Earnings": NaN,
        "Net Income Common Stockholders": 133000000.0,
        "Preferred Stock Dividends": NaN,
        "Net Income": 135000000.0,
        "Net Income Including Noncontrolling Interests": 135000000.0,
        "Net Income Continuous Operations": 135000000.0,
        "Tax Provision": -63000000.0,
        "Pretax Income": 72000000.0,
        "Other Income Expense": NaN,
        "Other Non Operating Income Expenses": NaN,
        "Net Non Operating Interest Income Expense": 24000000.0,
        "Interest Income Non Operating": 24000000.0,
        "Operating Income": 46000000.0,
        "Operating Expense": 562000000.0,
        "Other Operating Expenses": 71000000.0,
        "Research And Development": 205000000.0,
        "Selling General And Administration": 286000000.0,
        "Selling And Marketing Expense": 179000000.0,
        "General And Administrative Expense": 107000000.0,
        "Other Gand A": 107000000.0,
        "Gross Profit": 608000000.0,
        "Cost Of Revenue": 195000000.0,
        "Total Revenue": 803000000.0,
        "Operating Revenue": 803000000.0
    },
    "2024-03-31": {
        "Tax Effect Of Unusual Items": 0.0,
        "Tax Rate For Calcs": 0.211,
        "Normalized EBITDA": 159000000.0,
        "Net Income From Continuing Operation Net Minority Interest": 130000000.0,
        "Reconciled Depreciation": 15000000.0,
        "Reconciled Cost Of Revenue": 206000000.0,
        "EBITDA": 159000000.0,
        "EBIT": 144000000.0,
        "Net Interest Income": 22000000.0,
        "Interest Income": 22000000.0,
        "Normalized Income": 130000000.0,
        "Net Income From Continuing And Discontinued Operation": 130000000.0,
        "Total Expenses": 676000000.0,
        "Total Operating Income As Reported": 144000000.0,
        "Diluted Average Shares": 302126000.0,
        "Basic Average Shares": 274763000.0,
        "Diluted EPS": 0.43,
        "Basic EPS": 0.47,
        "Diluted NI Availto Com Stockholders": 130000000.0,
        "Average Dilution Earnings": 2000000.0,
        "Net Income Common Stockholders": 128000000.0,
        "Preferred Stock Dividends": 2000000.0,
        "Net Income": 130000000.0,
        "Net Income Including Noncontrolling Interests": 130000000.0,
        "Net Income Continuous Operations": 130000000.0,
        "Tax Provision": 35000000.0,
        "Pretax Income": 165000000.0,
        "Other Income Expense": -1000000.0,
        "Other Non Operating Income Expenses": -1000000.0,
        "Net Non Operating Interest Income Expense": 22000000.0,
        "Interest Income Non Operating": 22000000.0,
        "Operating Income": 144000000.0,
        "Operating Expense": 470000000.0,
        "Other Operating Expenses": 73000000.0,
        "Research And Development": 115000000.0,
        "Selling General And Administration": 282000000.0,
        "Selling And Marketing Expense": 184000000.0,
        "General And Administrative Expense": 98000000.0,
        "Other Gand A": 98000000.0,
        "Gross Profit": 614000000.0,
        "Cost Of Revenue": 206000000.0,
        "Total Revenue": 820000000.0,
        "Operating Revenue": 820000000.0
    },
    "2023-06-30": {
        "Tax Effect Of Unusual Items": 0.0,
        "Tax Rate For Calcs": 0.197,
        "Normalized EBITDA": 134000000.0,
        "Net Income From Continuing Operation Net Minority Interest": 114000000.0,
        "Reconciled Depreciation": 15000000.0,
        "Reconciled Cost Of Revenue": 189000000.0,
        "EBITDA": 134000000.0,
        "EBIT": 119000000.0,
        "Net Interest Income": 20000000.0,
        "Interest Income": 20000000.0,
        "Normalized Income": 114000000.0,
        "Net Income From Continuing And Discontinued Operation": 114000000.0,
        "Total Expenses": 597000000.0,
        "Total Operating Income As Reported": 119000000.0,
        "Diluted Average Shares": 276459151.0,
        "Basic Average Shares": 276459151.0,
        "Diluted EPS": 0.0,
        "Basic EPS": 0.0,
        "Diluted NI Availto Com Stockholders": 0.0,
        "Average Dilution Earnings": 0.0,
        "Net Income Common Stockholders": 0.0,
        "Preferred Stock Dividends": 114000000.0,
        "Net Income": 114000000.0,
        "Net Income Including Noncontrolling Interests": 114000000.0,
        "Net Income Continuous Operations": 114000000.0,
        "Tax Provision": 28000000.0,
        "Pretax Income": 142000000.0,
        "Other Income Expense": 3000000.0,
        "Other Non Operating Income Expenses": 3000000.0,
        "Net Non Operating Interest Income Expense": 20000000.0,
        "Interest Income Non Operating": 20000000.0,
        "Operating Income": 119000000.0,
        "Operating Expense": 408000000.0,
        "Other Operating Expenses": 61000000.0,
        "Research And Development": 130000000.0,
        "Selling General And Administration": 217000000.0,
        "Selling And Marketing Expense": 166000000.0,
        "General And Administrative Expense": 51000000.0,
        "Other Gand A": 51000000.0,
        "Gross Profit": 527000000.0,
        "Cost Of Revenue": 189000000.0,
        "Total Revenue": 716000000.0,
        "Operating Revenue": 716000000.0
    },
    "2023-03-31": {
        "Tax Effect Of Unusual Items": NaN,
        "Tax Rate For Calcs": NaN,
        "Normalized EBITDA": NaN,
        "Net Income From Continuing Operation Net Minority Interest": NaN,
        "Reconciled Depreciation": NaN,
        "Reconciled Cost Of Revenue": NaN,
        "EBITDA": NaN,
        "EBIT": NaN,
        "Net Interest Income": NaN,
        "Interest Income": NaN,
        "Normalized Income": NaN,
        "Net Income From Continuing And Discontinued Operation": NaN,
        "Total Expenses": NaN,
        "Total Operating Income As Reported": NaN,
        "Diluted Average Shares": 276459151.0,
        "Basic Average Shares": 276459151.0,
        "Diluted EPS": 0.0,
        "Basic EPS": 0.0,
        "Diluted NI Availto Com Stockholders": NaN,
        "Average Dilution Earnings": 0.0,
        "Net Income Common Stockholders": NaN,
        "Preferred Stock Dividends": 128000000.0,
        "Net Income": NaN,
        "Net Income Including Noncontrolling Interests": NaN,
        "Net Income Continuous Operations": NaN,
        "Tax Provision": NaN,
        "Pretax Income": NaN,
        "Other Income Expense": NaN,
        "Other Non Operating Income Expenses": NaN,
        "Net Non Operating Interest Income Expense": NaN,
        "Interest Income Non Operating": NaN,
        "Operating Income": NaN,
        "Operating Expense": NaN,
        "Other Operating Expenses": NaN,
        "Research And Development": NaN,
        "Selling General And Administration": NaN,
        "Selling And Marketing Expense": NaN,
        "General And Administrative Expense": NaN,
        "Other Gand A": NaN,
        "Gross Profit": NaN,
        "Cost Of Revenue": NaN,
        "Total Revenue": NaN,
        "Operating Revenue": NaN
    },
    "2024-06-30": {
        "Tax Effect Of Unusual Items": 0.0,
        "Tax Rate For Calcs": 0.109,
        "Normalized EBITDA": 67000000.0,
        "Net Income From Continuing Operation Net Minority Interest": 61000000.0,
        "Reconciled Depreciation": 15000000.0,
        "Reconciled Cost Of Revenue": 200000000.0,
        "EBITDA": 67000000.0,
        "EBIT": 52000000.0,
        "Net Interest Income": 17000000.0,
        "Interest Income": 17000000.0,
        "Normalized Income": 61000000.0,
        "Net Income From Continuing And Discontinued Operation": 61000000.0,
        "Total Expenses": 771000000.0,
        "Total Operating Income As Reported": 52000000.0,
        "Diluted Average Shares": 286256000.0,
        "Basic Average Shares": 265542000.0,
        "Diluted EPS": 0.2,
        "Basic EPS": 0.22,
        "Diluted NI Availto Com Stockholders": 58000000.0,
        "Average Dilution Earnings": 0.0,
        "Net Income Common Stockholders": 58000000.0,
        "Preferred Stock Dividends": 3000000.0,
        "Net Income": 61000000.0,
        "Net Income Including Noncontrolling Interests": 61000000.0,
        "Net Income Continuous Operations": 61000000.0,
        "Tax Provision": 7000000.0,
        "Pretax Income": 68000000.0,
        "Other Income Expense": -1000000.0,
        "Other Non Operating Income Expenses": -1000000.0,
        "Net Non Operating Interest Income Expense": 17000000.0,
        "Interest Income Non Operating": 17000000.0,
        "Operating Income": 52000000.0,
        "Operating Expense": 571000000.0,
        "Other Operating Expenses": 69000000.0,
        "Research And Development": 185000000.0,
        "Selling General And Administration": 317000000.0,
        "Selling And Marketing Expense": 203000000.0,
        "General And Administrative Expense": 114000000.0,
        "Other Gand A": 114000000.0,
        "Gross Profit": 623000000.0,
        "Cost Of Revenue": 200000000.0,
        "Total Revenue": 823000000.0,
        "Operating Revenue": 823000000.0
    }
}