{
    "2023-03-31": {
        "Tax Effect Of Unusual Items": NaN,
        "Tax Rate For Calcs": NaN,
        "Total Unusual Items": NaN,
        "Total Unusual Items Excluding Goodwill": NaN,
        "Net Income From Continuing Operation Net Minority Interest": NaN,
        "Reconciled Depreciation": NaN,
        "Net Interest Income": NaN,
        "Interest Expense": NaN,
        "Interest Income": NaN,
        "Normalized Income": NaN,
        "Net Income From Continuing And Discontinued Operation": NaN,
        "Diluted Average Shares": NaN,
        "Basic Average Shares": NaN,
        "Diluted EPS": NaN,
        "Basic EPS": NaN,
        "Diluted NI Availto Com Stockholders": NaN,
        "Net Income Common Stockholders": NaN,
        "Otherunder Preferred Stock Dividend": NaN,
        "Net Income": NaN,
        "Net Income Including Noncontrolling Interests": NaN,
        "Net Income Continuous Operations": NaN,
        "Tax Provision": NaN,
        "Pretax Income": NaN,
        "Special Income Charges": NaN,
        "Other Special Charges": NaN,
        "Selling General And Administration": NaN,
        "Selling And Marketing Expense": 145000.0,
        "General And Administrative Expense": NaN,
        "Insurance And Claims": NaN,
        "Salaries And Wages": NaN,
        "Total Revenue": NaN,
        "Operating Revenue": NaN,
        "Occupancy And Equipment": NaN,
        "Professional Expense And Contract Services Expense": NaN,
        "Other Non Interest Expense": NaN
    },
    "2022-12-31": {
        "Tax Effect Of Unusual Items": NaN,
        "Tax Rate For Calcs": NaN,
        "Total Unusual Items": 0.0,
        "Total Unusual Items Excluding Goodwill": 0.0,
        "Net Income From Continuing Operation Net Minority Interest": NaN,
        "Reconciled Depreciation": NaN,
        "Net Interest Income": NaN,
        "Interest Expense": NaN,
        "Interest Income": NaN,
        "Normalized Income": NaN,
        "Net Income From Continuing And Discontinued Operation": NaN,
        "Diluted Average Shares": 4294871.0,
        "Basic Average Shares": 4294871.0,
        "Diluted EPS": -0.25,
        "Basic EPS": -0.25,
        "Diluted NI Availto Com Stockholders": NaN,
        "Net Income Common Stockholders": NaN,
        "Otherunder Preferred Stock Dividend": NaN,
        "Net Income": NaN,
        "Net Income Including Noncontrolling Interests": NaN,
        "Net Income Continuous Operations": NaN,
        "Tax Provision": NaN,
        "Pretax Income": NaN,
        "Special Income Charges": 0.0,
        "Other Special Charges": NaN,
        "Selling General And Administration": NaN,
        "Selling And Marketing Expense": NaN,
        "General And Administrative Expense": NaN,
        "Insurance And Claims": NaN,
        "Salaries And Wages": NaN,
        "Total Revenue": NaN,
        "Operating Revenue": NaN,
        "Occupancy And Equipment": NaN,
        "Professional Expense And Contract Services Expense": NaN,
        "Other Non Interest Expense": NaN
    },
    "2022-09-30": {
        "Tax Effect Of Unusual Items": NaN,
        "Tax Rate For Calcs": NaN,
        "Total Unusual Items": -23000.0,
        "Total Unusual Items Excluding Goodwill": -23000.0,
        "Net Income From Continuing Operation Net Minority Interest": NaN,
        "Reconciled Depreciation": NaN,
        "Net Interest Income": NaN,
        "Interest Expense": NaN,
        "Interest Income": NaN,
        "Normalized Income": NaN,
        "Net Income From Continuing And Discontinued Operation": NaN,
        "Diluted Average Shares": 4291672.0,
        "Basic Average Shares": 4291672.0,
        "Diluted EPS": -0.22,
        "Basic EPS": -0.22,
        "Diluted NI Availto Com Stockholders": NaN,
        "Net Income Common Stockholders": NaN,
        "Otherunder Preferred Stock Dividend": NaN,
        "Net Income": NaN,
        "Net Income Including Noncontrolling Interests": NaN,
        "Net Income Continuous Operations": NaN,
        "Tax Provision": NaN,
        "Pretax Income": NaN,
        "Special Income Charges": -23000.0,
        "Other Special Charges": 23000.0,
        "Selling General And Administration": NaN,
        "Selling And Marketing Expense": NaN,
        "General And Administrative Expense": NaN,
        "Insurance And Claims": NaN,
        "Salaries And Wages": NaN,
        "Total Revenue": NaN,
        "Operating Revenue": NaN
    },
    "2022-06-30": {
        "Tax Effect Of Unusual Items": 0.0,
        "Tax Rate For Calcs": 0.0,
        "Total Unusual Items": 0.0,
        "Total Unusual Items Excluding Goodwill": 0.0,
        "Net Income From Continuing Operation Net Minority Interest": -857000.0,
        "Reconciled Depreciation": 260000.0,
        "Net Interest Income": 5814000.0,
        "Interest Expense": 559000.0,
        "Interest Income": 6373000.0,
        "Normalized Income": -857000.0,
        "Net Income From Continuing And Discontinued Operation": -857000.0,
        "Diluted Average Shares": 4229209.0,
        "Basic Average Shares": 4229209.0,
        "Diluted EPS": -0.2,
        "Basic EPS": -0.2,
        "Diluted NI Availto Com Stockholders": -857000.0,
        "Net Income Common Stockholders": -857000.0,
        "Net Income": -857000.0,
        "Net Income Including Noncontrolling Interests": -857000.0,
        "Net Income Continuous Operations": -857000.0,
        "Tax Provision": 0.0,
        "Pretax Income": -857000.0,
        "Special Income Charges": 0.0,
        "Other Special Charges": NaN,
        "Selling General And Administration": 4073000.0,
        "Selling And Marketing Expense": 369000.0,
        "General And Administrative Expense": 3704000.0,
        "Other Gand A": 712000.0,
        "Insurance And Claims": 397000.0,
        "Salaries And Wages": 3307000.0,
        "Total Revenue": 6449000.0,
        "Operating Revenue": 6449000.0
    },
    "2022-03-31": {
        "Diluted EPS": 0.25,
        "Total Revenue": 7,
        "Gross Profit": 6,
        "Operating Income": 0,
        "EBIT": NaN,
        "Net Income": 1
    },
    "2021-12-31": {
        "Diluted EPS": 0.13,
        "Total Revenue": 7,
        "Gross Profit": 7,
        "Operating Income": 1,
        "EBIT": NaN,
        "Net Income": 0
    },
    "2021-09-30": {
        "Diluted EPS": 0.19,
        "Total Revenue": 9,
        "Gross Profit": 8,
        "Operating Income": 1,
        "EBIT": NaN,
        "Net Income": 1
    },
    "2021-06-30": {
        "Diluted EPS": -0.81,
        "Total Revenue": 7,
        "Gross Profit": 6,
        "Operating Income": -3,
        "EBIT": NaN,
        "Net Income": -3
    },
    "2021-03-31": {
        "Diluted EPS": -0.27,
        "Total Revenue": 7,
        "Gross Profit": 6,
        "Operating Income": -1,
        "EBIT": NaN,
        "Net Income": -1
    },
    "2020-12-31": {
        "Diluted EPS": -0.44,
        "Total Revenue": 6,
        "Gross Profit": 5,
        "Operating Income": -1,
        "EBIT": NaN,
        "Net Income": -1
    },
    "2020-09-30": {
        "Diluted EPS": -0.21,
        "Total Revenue": 7,
        "Gross Profit": 6,
        "Operating Income": -1,
        "EBIT": NaN,
        "Net Income": -1
    },
    "2020-06-30": {
        "Diluted EPS": -0.22,
        "Total Revenue": 6,
        "Gross Profit": 5,
        "Operating Income": -1,
        "EBIT": NaN,
        "Net Income": -1
    },
    "2020-03-31": {
        "Diluted EPS": -0.49,
        "Total Revenue": 6,
        "Gross Profit": 5,
        "Operating Income": -2,
        "EBIT": NaN,
        "Net Income": -2
    },
    "2019-12-31": {
        "Diluted EPS": -0.39,
        "Total Revenue": 6,
        "Gross Profit": 5,
        "Operating Income": -1,
        "EBIT": NaN,
        "Net Income": -1
    },
    "2019-09-30": {
        "Diluted EPS": -0.28,
        "Total Revenue": 6,
        "Gross Profit": 5,
        "Operating Income": -1,
        "EBIT": NaN,
        "Net Income": -1
    },
    "2019-06-30": {
        "Diluted EPS": -0.31,
        "Total Revenue": 7,
        "Gross Profit": 5,
        "Operating Income": -1,
        "EBIT": NaN,
        "Net Income": -1
    },
    "2019-03-31": {
        "Diluted EPS": -0.41,
        "Total Revenue": 7,
        "Gross Profit": 5,
        "Operating Income": -2,
        "EBIT": NaN,
        "Net Income": -2
    },
    "2018-12-31": {
        "Diluted EPS": -0.36,
        "Total Revenue": 7,
        "Gross Profit": 5,
        "Operating Income": -1,
        "EBIT": NaN,
        "Net Income": -1
    },
    "2018-09-30": {
        "Diluted EPS": -0.55,
        "Total Revenue": 7,
        "Gross Profit": 5,
        "Operating Income": -2,
        "EBIT": NaN,
        "Net Income": -2
    },
    "2018-06-30": {
        "Diluted EPS": -0.28,
        "Total Revenue": 7,
        "Gross Profit": 6,
        "Operating Income": -1,
        "EBIT": NaN,
        "Net Income": -1
    },
    "2018-03-31": {
        "Diluted EPS": 1.17,
        "Total Revenue": 16,
        "Gross Profit": 15,
        "Operating Income": 7,
        "EBIT": NaN,
        "Net Income": 4
    },
    "2017-12-31": {
        "Diluted EPS": -0.26,
        "Total Revenue": 7,
        "Gross Profit": 6,
        "Operating Income": -1,
        "EBIT": NaN,
        "Net Income": -1
    },
    "2017-09-30": {
        "Diluted EPS": -0.16,
        "Total Revenue": 7,
        "Gross Profit": 6,
        "Operating Income": -1,
        "EBIT": NaN,
        "Net Income": -1
    },
    "2017-06-30": {
        "Diluted EPS": -0.17,
        "Total Revenue": 7,
        "Gross Profit": 6,
        "Operating Income": -1,
        "EBIT": NaN,
        "Net Income": -1
    },
    "2017-03-31": {
        "Diluted EPS": -0.5,
        "Total Revenue": 8,
        "Gross Profit": 7,
        "Operating Income": -2,
        "EBIT": NaN,
        "Net Income": -2
    },
    "2016-12-31": {
        "Diluted EPS": -0.24,
        "Total Revenue": 7,
        "Gross Profit": 6,
        "Operating Income": -1,
        "EBIT": NaN,
        "Net Income": -1
    },
    "2016-09-30": {
        "Diluted EPS": -0.07,
        "Total Revenue": 8,
        "Gross Profit": 6,
        "Operating Income": 0,
        "EBIT": NaN,
        "Net Income": 0
    },
    "2016-06-30": {
        "Diluted EPS": 0.04,
        "Total Revenue": 8,
        "Gross Profit": 7,
        "Operating Income": 0,
        "EBIT": NaN,
        "Net Income": 0
    },
    "2016-03-31": {
        "Diluted EPS": -0.55,
        "Total Revenue": 8,
        "Gross Profit": 6,
        "Operating Income": -3,
        "EBIT": NaN,
        "Net Income": -2
    },
    "2015-12-31": {
        "Diluted EPS": 0.06,
        "Total Revenue": 10,
        "Gross Profit": 9,
        "Operating Income": 1,
        "EBIT": NaN,
        "Net Income": 0
    },
    "2015-09-30": {
        "Diluted EPS": -0.04,
        "Total Revenue": 8,
        "Gross Profit": 7,
        "Operating Income": 0,
        "EBIT": NaN,
        "Net Income": 0
    },
    "2015-06-30": {
        "Diluted EPS": 0.05,
        "Total Revenue": 7,
        "Gross Profit": 6,
        "Operating Income": 0,
        "EBIT": NaN,
        "Net Income": 0
    },
    "2015-03-31": {
        "Diluted EPS": -0.21,
        "Total Revenue": 7,
        "Gross Profit": 6,
        "Operating Income": -1,
        "EBIT": NaN,
        "Net Income": -1
    },
    "2014-12-31": {
        "Diluted EPS": 0.03,
        "Total Revenue": 7,
        "Gross Profit": 6,
        "Operating Income": 0,
        "EBIT": NaN,
        "Net Income": 0
    },
    "2014-09-30": {
        "Diluted EPS": 0.06,
        "Total Revenue": 7,
        "Gross Profit": 6,
        "Operating Income": 0,
        "EBIT": NaN,
        "Net Income": 0
    },
    "2014-06-30": {
        "Diluted EPS": 0.05,
        "Total Revenue": 7,
        "Gross Profit": 6,
        "Operating Income": 0,
        "EBIT": NaN,
        "Net Income": 0
    },
    "2014-03-31": {
        "Diluted EPS": -0.21,
        "Total Revenue": 8,
        "Gross Profit": 7,
        "Operating Income": -1,
        "EBIT": NaN,
        "Net Income": -1
    },
    "2013-12-31": {
        "Diluted EPS": -0.22,
        "Total Revenue": 7,
        "Gross Profit": 6,
        "Operating Income": -1,
        "EBIT": NaN,
        "Net Income": -1
    },
    "2013-09-30": {
        "Diluted EPS": 0.09,
        "Total Revenue": 8,
        "Gross Profit": 7,
        "Operating Income": 0,
        "EBIT": NaN,
        "Net Income": 0
    },
    "2013-06-30": {
        "Diluted EPS": 0.11,
        "Total Revenue": 8,
        "Gross Profit": 7,
        "Operating Income": 1,
        "EBIT": NaN,
        "Net Income": 0
    },
    "2013-03-31": {
        "Diluted EPS": 0.19,
        "Total Revenue": 7,
        "Gross Profit": 6,
        "Operating Income": 1,
        "EBIT": NaN,
        "Net Income": 1
    },
    "2012-12-31": {
        "Diluted EPS": 0.13,
        "Total Revenue": 8,
        "Gross Profit": 7,
        "Operating Income": 0,
        "EBIT": NaN,
        "Net Income": 0
    },
    "2012-09-30": {
        "Diluted EPS": -0.04,
        "Total Revenue": 9,
        "Gross Profit": 7,
        "Operating Income": 0,
        "EBIT": NaN,
        "Net Income": 0
    },
    "2012-06-30": {
        "Diluted EPS": -0.1,
        "Total Revenue": 7,
        "Gross Profit": 6,
        "Operating Income": -1,
        "EBIT": NaN,
        "Net Income": 0
    },
    "2012-03-31": {
        "Diluted EPS": 82.32,
        "Total Revenue": 8,
        "Gross Profit": 5,
        "Operating Income": -7,
        "EBIT": NaN,
        "Net Income": -7
    },
    "2011-12-31": {
        "Diluted EPS": -0.26,
        "Total Revenue": 7,
        "Gross Profit": 6,
        "Operating Income": -2,
        "EBIT": NaN,
        "Net Income": -1
    },
    "2011-09-30": {
        "Diluted EPS": -58.67,
        "Total Revenue": 8,
        "Gross Profit": 7,
        "Operating Income": -8,
        "EBIT": NaN,
        "Net Income": -10
    },
    "2011-06-30": {
        "Diluted EPS": -37.65,
        "Total Revenue": 8,
        "Gross Profit": 6,
        "Operating Income": -6,
        "EBIT": NaN,
        "Net Income": -6
    },
    "2011-03-31": {
        "Diluted EPS": 207.53,
        "Total Revenue": 10,
        "Gross Profit": 8,
        "Operating Income": -7,
        "EBIT": NaN,
        "Net Income": -6
    },
    "2010-12-31": {
        "Diluted EPS": -49.46,
        "Total Revenue": 10,
        "Gross Profit": 8,
        "Operating Income": -6,
        "EBIT": NaN,
        "Net Income": -8
    },
    "2010-09-30": {
        "Diluted EPS": -141.72,
        "Total Revenue": 12,
        "Gross Profit": 9,
        "Operating Income": -6,
        "EBIT": NaN,
        "Net Income": -23
    },
    "2010-06-30": {
        "Diluted EPS": -16.34,
        "Total Revenue": 11,
        "Gross Profit": 9,
        "Operating Income": -5,
        "EBIT": NaN,
        "Net Income": -3
    },
    "2010-03-31": {
        "Diluted EPS": -14.51,
        "Total Revenue": 12,
        "Gross Profit": 9,
        "Operating Income": -3,
        "EBIT": NaN,
        "Net Income": -3
    },
    "2009-12-31": {
        "Diluted EPS": 3.3,
        "Total Revenue": 13,
        "Gross Profit": 10,
        "Operating Income": 0,
        "EBIT": NaN,
        "Net Income": 1
    },
    "2009-09-30": {
        "Diluted EPS": -3.3,
        "Total Revenue": 10,
        "Gross Profit": 7,
        "Operating Income": -1,
        "EBIT": NaN,
        "Net Income": 0
    },
    "2009-06-30": {
        "Diluted EPS": 2.7,
        "Total Revenue": 11,
        "Gross Profit": 8,
        "Operating Income": 0,
        "EBIT": NaN,
        "Net Income": 1
    },
    "2009-03-31": {
        "Diluted EPS": -7.23,
        "Total Revenue": 11,
        "Gross Profit": 7,
        "Operating Income": -3,
        "EBIT": NaN,
        "Net Income": -1
    },
    "2023-06-30": {
        "Tax Effect Of Unusual Items": 0.0,
        "Tax Rate For Calcs": 0.0,
        "Total Unusual Items": NaN,
        "Total Unusual Items Excluding Goodwill": NaN,
        "Net Income From Continuing Operation Net Minority Interest": -1421000.0,
        "Reconciled Depreciation": 260000.0,
        "Net Interest Income": 5502000.0,
        "Interest Expense": 2292000.0,
        "Interest Income": 7794000.0,
        "Normalized Income": -1421000.0,
        "Net Income From Continuing And Discontinued Operation": -1421000.0,
        "Diluted Average Shares": 4496782.0,
        "Basic Average Shares": 4496782.0,
        "Diluted EPS": -0.32,
        "Basic EPS": -0.32,
        "Diluted NI Availto Com Stockholders": -1421000.0,
        "Net Income Common Stockholders": -1421000.0,
        "Otherunder Preferred Stock Dividend": NaN,
        "Net Income": -1421000.0,
        "Net Income Including Noncontrolling Interests": -1421000.0,
        "Net Income Continuous Operations": -1421000.0,
        "Tax Provision": 0.0,
        "Pretax Income": -1421000.0,
        "Special Income Charges": NaN,
        "Other Special Charges": NaN,
        "Selling General And Administration": 3863000.0,
        "Selling And Marketing Expense": 69000.0,
        "General And Administrative Expense": 3863000.0,
        "Insurance And Claims": 437000.0,
        "Salaries And Wages": 3426000.0,
        "Total Revenue": 6257000.0,
        "Operating Revenue": 6257000.0,
        "Occupancy And Equipment": 1582000.0,
        "Professional Expense And Contract Services Expense": 359000.0,
        "Other Non Interest Expense": 1868000.0
    },
    "2023-09-30": {
        "Tax Effect Of Unusual Items": 0.0,
        "Tax Rate For Calcs": 0.0,
        "Total Unusual Items": -100000.0,
        "Total Unusual Items Excluding Goodwill": -100000.0,
        "Net Income From Continuing Operation Net Minority Interest": -1586000.0,
        "Reconciled Depreciation": 263000.0,
        "Net Interest Income": 5399000.0,
        "Interest Expense": 2611000.0,
        "Interest Income": 8010000.0,
        "Normalized Income": -1486000.0,
        "Net Income From Continuing And Discontinued Operation": -1586000.0,
        "Diluted Average Shares": 4816046.0,
        "Basic Average Shares": 4816046.0,
        "Diluted EPS": -0.33,
        "Basic EPS": -0.33,
        "Diluted NI Availto Com Stockholders": -1586000.0,
        "Net Income Common Stockholders": -1586000.0,
        "Otherunder Preferred Stock Dividend": NaN,
        "Net Income": -1586000.0,
        "Net Income Including Noncontrolling Interests": -1586000.0,
        "Net Income Continuous Operations": -1586000.0,
        "Tax Provision": 0.0,
        "Pretax Income": -1586000.0,
        "Special Income Charges": -100000.0,
        "Other Special Charges": 100000.0,
        "Selling General And Administration": 4059000.0,
        "Selling And Marketing Expense": 165000.0,
        "General And Administrative Expense": 3894000.0,
        "Insurance And Claims": 464000.0,
        "Salaries And Wages": 3430000.0,
        "Total Revenue": 6855000.0,
        "Operating Revenue": 6855000.0,
        "Occupancy And Equipment": 1763000.0,
        "Professional Expense And Contract Services Expense": 549000.0,
        "Other Non Interest Expense": 1802000.0
    },
    "2023-12-31": {
        "Tax Effect Of Unusual Items": 0.0,
        "Tax Rate For Calcs": 0.0,
        "Total Unusual Items": NaN,
        "Total Unusual Items Excluding Goodwill": NaN,
        "Net Income From Continuing Operation Net Minority Interest": 19000.0,
        "Reconciled Depreciation": 221000.0,
        "Net Interest Income": 5481000.0,
        "Interest Expense": 2993000.0,
        "Interest Income": 8474000.0,
        "Normalized Income": 19000.0,
        "Net Income From Continuing And Discontinued Operation": 19000.0,
        "Diluted Average Shares": 6419826.0,
        "Basic Average Shares": 5002290.0,
        "Diluted EPS": 0.002337,
        "Basic EPS": 0.002999,
        "Diluted NI Availto Com Stockholders": 15000.0,
        "Net Income Common Stockholders": 15000.0,
        "Otherunder Preferred Stock Dividend": 4000.0,
        "Net Income": 19000.0,
        "Net Income Including Noncontrolling Interests": 19000.0,
        "Net Income Continuous Operations": 19000.0,
        "Tax Provision": 0.0,
        "Pretax Income": 19000.0,
        "Special Income Charges": NaN,
        "Other Special Charges": NaN,
        "Selling General And Administration": 4107000.0,
        "Selling And Marketing Expense": 68000.0,
        "General And Administrative Expense": 4039000.0,
        "Insurance And Claims": 452000.0,
        "Salaries And Wages": 3587000.0,
        "Total Revenue": 8001000.0,
        "Operating Revenue": 8001000.0,
        "Occupancy And Equipment": 1617000.0,
        "Professional Expense And Contract Services Expense": 386000.0,
        "Other Non Interest Expense": 1969000.0
    },
    "2024-03-31": {
        "Tax Effect Of Unusual Items": 0.0,
        "Tax Rate For Calcs": 0.0,
        "Total Unusual Items": NaN,
        "Total Unusual Items Excluding Goodwill": NaN,
        "Net Income From Continuing Operation Net Minority Interest": 11000.0,
        "Reconciled Depreciation": 221000.0,
        "Net Interest Income": 6179000.0,
        "Interest Expense": 3562000.0,
        "Interest Income": 9741000.0,
        "Normalized Income": 11000.0,
        "Net Income From Continuing And Discontinued Operation": 11000.0,
        "Diluted Average Shares": NaN,
        "Basic Average Shares": NaN,
        "Diluted EPS": NaN,
        "Basic EPS": NaN,
        "Diluted NI Availto Com Stockholders": 11000.0,
        "Net Income Common Stockholders": 11000.0,
        "Otherunder Preferred Stock Dividend": NaN,
        "Net Income": 11000.0,
        "Net Income Including Noncontrolling Interests": 11000.0,
        "Net Income Continuous Operations": 11000.0,
        "Tax Provision": 0.0,
        "Pretax Income": 11000.0,
        "Special Income Charges": NaN,
        "Other Special Charges": NaN,
        "Selling General And Administration": 4078000.0,
        "Selling And Marketing Expense": 74000.0,
        "General And Administrative Expense": 4004000.0,
        "Insurance And Claims": 497000.0,
        "Salaries And Wages": 3507000.0,
        "Total Revenue": 8190000.0,
        "Operating Revenue": 8190000.0,
        "Occupancy And Equipment": 1630000.0,
        "Professional Expense And Contract Services Expense": 412000.0,
        "Other Non Interest Expense": 2053000.0
    },
    "2024-06-30": {
        "Tax Effect Of Unusual Items": 0.0,
        "Tax Rate For Calcs": 0.0,
        "Total Unusual Items": NaN,
        "Total Unusual Items Excluding Goodwill": NaN,
        "Net Income From Continuing Operation Net Minority Interest": -2212000.0,
        "Reconciled Depreciation": 226000.0,
        "Net Interest Income": 5504000.0,
        "Interest Expense": 3703000.0,
        "Interest Income": 9207000.0,
        "Normalized Income": -2212000.0,
        "Net Income From Continuing And Discontinued Operation": -2212000.0,
        "Diluted Average Shares": 5140872.0,
        "Basic Average Shares": 5140872.0,
        "Diluted EPS": -0.43,
        "Basic EPS": -0.43,
        "Diluted NI Availto Com Stockholders": -2212000.0,
        "Net Income Common Stockholders": -2212000.0,
        "Otherunder Preferred Stock Dividend": NaN,
        "Net Income": -2212000.0,
        "Net Income Including Noncontrolling Interests": -2212000.0,
        "Net Income Continuous Operations": -2212000.0,
        "Tax Provision": 0.0,
        "Pretax Income": -2212000.0,
        "Special Income Charges": NaN,
        "Other Special Charges": NaN,
        "Selling General And Administration": 4067000.0,
        "Selling And Marketing Expense": NaN,
        "General And Administrative Expense": 4067000.0,
        "Insurance And Claims": 461000.0,
        "Salaries And Wages": 3606000.0,
        "Total Revenue": 6209000.0,
        "Operating Revenue": 6209000.0,
        "Occupancy And Equipment": 1777000.0,
        "Professional Expense And Contract Services Expense": 396000.0,
        "Other Non Interest Expense": 1921000.0
    }
}