{
    "2023-04-30": {
        "Tax Effect Of Unusual Items": 0.0,
        "Tax Rate For Calcs": 0.227298,
        "Normalized EBITDA": 166023000.0,
        "Net Income From Continuing Operation Net Minority Interest": 56092000.0,
        "Reconciled Depreciation": 80631000.0,
        "Reconciled Cost Of Revenue": 2640949000.0,
        "EBITDA": 166023000.0,
        "EBIT": 85392000.0,
        "Net Interest Income": -12800000.0,
        "Normalized Income": 56092000.0,
        "Net Income From Continuing And Discontinued Operation": 56092000.0,
        "Total Expenses": 3243309000.0,
        "Diluted Average Shares": 37573677.0,
        "Basic Average Shares": 37283677.0,
        "Diluted EPS": 1.49,
        "Basic EPS": 1.5,
        "Diluted NI Availto Com Stockholders": 56092000.0,
        "Net Income Common Stockholders": 56092000.0,
        "Net Income": 56092000.0,
        "Net Income Including Noncontrolling Interests": 56092000.0,
        "Net Income Continuous Operations": 56092000.0,
        "Tax Provision": 16500000.0,
        "Pretax Income": 72592000.0,
        "Net Non Operating Interest Income Expense": -12800000.0,
        "Total Other Finance Cost": 12800000.0,
        "Operating Income": 85392000.0,
        "Operating Expense": 602360000.0,
        "Other Operating Expenses": 521729000.0,
        "Depreciation Amortization Depletion Income Statement": 80631000.0,
        "Depreciation And Amortization In Income Statement": 80631000.0,
        "Gross Profit": 687752000.0,
        "Cost Of Revenue": 2640949000.0,
        "Total Revenue": 3328701000.0,
        "Operating Revenue": 3261875000.0
    },
    "2023-01-31": {
        "Tax Effect Of Unusual Items": NaN,
        "Tax Rate For Calcs": NaN,
        "Normalized EBITDA": NaN,
        "Net Income From Continuing Operation Net Minority Interest": NaN,
        "Reconciled Depreciation": NaN,
        "Reconciled Cost Of Revenue": NaN,
        "EBITDA": NaN,
        "EBIT": NaN,
        "Net Interest Income": NaN,
        "Normalized Income": NaN,
        "Net Income From Continuing And Discontinued Operation": NaN,
        "Total Expenses": NaN,
        "Diluted Average Shares": 37564551.0,
        "Basic Average Shares": 37281103.0,
        "Diluted EPS": 2.67,
        "Basic EPS": 2.69,
        "Diluted NI Availto Com Stockholders": NaN,
        "Net Income Common Stockholders": NaN,
        "Net Income": NaN,
        "Net Income Including Noncontrolling Interests": NaN,
        "Net Income Continuous Operations": NaN,
        "Tax Provision": NaN,
        "Pretax Income": NaN,
        "Net Non Operating Interest Income Expense": NaN,
        "Total Other Finance Cost": NaN,
        "Operating Income": NaN,
        "Operating Expense": NaN,
        "Other Operating Expenses": NaN,
        "Depreciation Amortization Depletion Income Statement": NaN,
        "Depreciation And Amortization In Income Statement": NaN,
        "Gross Profit": NaN,
        "Cost Of Revenue": NaN,
        "Total Revenue": NaN,
        "Operating Revenue": NaN
    },
    "2022-10-31": {
        "Tax Effect Of Unusual Items": 0.0,
        "Tax Rate For Calcs": 0.236298,
        "Normalized EBITDA": 271735000.0,
        "Net Income From Continuing Operation Net Minority Interest": 137555000.0,
        "Reconciled Depreciation": 78117000.0,
        "Reconciled Cost Of Revenue": 3167633000.0,
        "EBITDA": 271735000.0,
        "EBIT": 193618000.0,
        "Net Interest Income": -13502000.0,
        "Normalized Income": 137555000.0,
        "Net Income From Continuing And Discontinued Operation": 137555000.0,
        "Total Expenses": 3784957000.0,
        "Diluted Average Shares": 37523759.0,
        "Basic Average Shares": 37277080.0,
        "Diluted EPS": 3.67,
        "Basic EPS": 3.69,
        "Diluted NI Availto Com Stockholders": 137555000.0,
        "Net Income Common Stockholders": 137555000.0,
        "Net Income": 137555000.0,
        "Net Income Including Noncontrolling Interests": 137555000.0,
        "Net Income Continuous Operations": 137555000.0,
        "Tax Provision": 42561000.0,
        "Pretax Income": 180116000.0,
        "Net Non Operating Interest Income Expense": -13502000.0,
        "Total Other Finance Cost": 13502000.0,
        "Operating Income": 193618000.0,
        "Operating Expense": 617324000.0,
        "Other Operating Expenses": 539207000.0,
        "Depreciation Amortization Depletion Income Statement": 78117000.0,
        "Depreciation And Amortization In Income Statement": 78117000.0,
        "Gross Profit": 810942000.0,
        "Cost Of Revenue": 3167633000.0,
        "Total Revenue": 3978575000.0,
        "Operating Revenue": 3978575000.0
    },
    "2022-07-31": {
        "Tax Effect Of Unusual Items": 0.0,
        "Tax Rate For Calcs": 0.246,
        "Normalized EBITDA": 292979000.0,
        "Net Income From Continuing Operation Net Minority Interest": 152932000.0,
        "Reconciled Depreciation": 76295000.0,
        "Reconciled Cost Of Revenue": 3618394000.0,
        "EBITDA": 292979000.0,
        "EBIT": 216684000.0,
        "Net Interest Income": -13816000.0,
        "Normalized Income": 152932000.0,
        "Net Income From Continuing And Discontinued Operation": 152932000.0,
        "Total Expenses": 4237960000.0,
        "Diluted Average Shares": 37409705.0,
        "Basic Average Shares": 37222943.0,
        "Diluted EPS": 4.09,
        "Basic EPS": 4.11,
        "Diluted NI Availto Com Stockholders": 152932000.0,
        "Net Income Common Stockholders": 152932000.0,
        "Net Income": 152932000.0,
        "Net Income Including Noncontrolling Interests": 152932000.0,
        "Net Income Continuous Operations": 152932000.0,
        "Tax Provision": 49936000.0,
        "Pretax Income": 202868000.0,
        "Net Non Operating Interest Income Expense": -13816000.0,
        "Total Other Finance Cost": 13816000.0,
        "Operating Income": 216684000.0,
        "Operating Expense": 619566000.0,
        "Other Operating Expenses": 543271000.0,
        "Depreciation Amortization Depletion Income Statement": 76295000.0,
        "Depreciation And Amortization In Income Statement": 76295000.0,
        "Gross Profit": 836250000.0,
        "Cost Of Revenue": 3618394000.0,
        "Total Revenue": 4454644000.0,
        "Operating Revenue": 4454644000.0
    },
    "2022-04-30": {
        "Diluted EPS": 1.61,
        "Total Revenue": NaN,
        "Gross Profit": 657,
        "Operating Income": 88,
        "EBIT": 167,
        "Net Income": 60
    },
    "2022-01-31": {
        "Diluted EPS": 1.71,
        "Total Revenue": NaN,
        "Gross Profit": 664,
        "Operating Income": 98,
        "EBIT": 174,
        "Net Income": 64
    },
    "2021-10-31": {
        "Diluted EPS": 2.59,
        "Total Revenue": NaN,
        "Gross Profit": 718,
        "Operating Income": 143,
        "EBIT": 217,
        "Net Income": 97
    },
    "2021-07-31": {
        "Diluted EPS": 3.19,
        "Total Revenue": NaN,
        "Gross Profit": 724,
        "Operating Income": 169,
        "EBIT": 245,
        "Net Income": 119
    },
    "2021-04-30": {
        "Diluted EPS": 1.1,
        "Total Revenue": NaN,
        "Gross Profit": 561,
        "Operating Income": 65,
        "EBIT": 135,
        "Net Income": 42
    },
    "2021-01-31": {
        "Diluted EPS": 1.04,
        "Total Revenue": NaN,
        "Gross Profit": 540,
        "Operating Income": 61,
        "EBIT": 127,
        "Net Income": 39
    },
    "2020-10-31": {
        "Diluted EPS": 3.0,
        "Total Revenue": NaN,
        "Gross Profit": 632,
        "Operating Income": 157,
        "EBIT": 221,
        "Net Income": 112
    },
    "2020-07-31": {
        "Diluted EPS": 3.24,
        "Total Revenue": NaN,
        "Gross Profit": 624,
        "Operating Income": 172,
        "EBIT": 237,
        "Net Income": 121
    },
    "2020-04-30": {
        "Diluted EPS": 1.67,
        "Total Revenue": NaN,
        "Gross Profit": 525,
        "Operating Income": 92,
        "EBIT": 158,
        "Net Income": 62
    },
    "2020-01-31": {
        "Diluted EPS": 0.91,
        "Total Revenue": NaN,
        "Gross Profit": 497,
        "Operating Income": 56,
        "EBIT": 120,
        "Net Income": 34
    },
    "2019-10-31": {
        "Diluted EPS": 2.21,
        "Total Revenue": NaN,
        "Gross Profit": 557,
        "Operating Income": 121,
        "EBIT": 184,
        "Net Income": 82
    },
    "2019-07-31": {
        "Diluted EPS": 2.31,
        "Total Revenue": NaN,
        "Gross Profit": 566,
        "Operating Income": 126,
        "EBIT": 186,
        "Net Income": 86
    },
    "2019-04-30": {
        "Diluted EPS": 0.68,
        "Total Revenue": NaN,
        "Gross Profit": 452,
        "Operating Income": 43,
        "EBIT": 106,
        "Net Income": 25
    },
    "2019-01-31": {
        "Diluted EPS": 1.13,
        "Total Revenue": NaN,
        "Gross Profit": 470,
        "Operating Income": 67,
        "EBIT": 129,
        "Net Income": 42
    },
    "2018-10-31": {
        "Diluted EPS": 1.8,
        "Total Revenue": NaN,
        "Gross Profit": 510,
        "Operating Income": 105,
        "EBIT": 166,
        "Net Income": 67
    },
    "2018-07-31": {
        "Diluted EPS": 1.9,
        "Total Revenue": NaN,
        "Gross Profit": 522,
        "Operating Income": 104,
        "EBIT": 162,
        "Net Income": 70
    },
    "2018-04-30": {
        "Diluted EPS": 0.52,
        "Total Revenue": NaN,
        "Gross Profit": 405,
        "Operating Income": 32,
        "EBIT": 89,
        "Net Income": 19
    },
    "2018-01-31": {
        "Diluted EPS": 5.08,
        "Total Revenue": NaN,
        "Gross Profit": 420,
        "Operating Income": 40,
        "EBIT": 97,
        "Net Income": 193
    },
    "2017-10-31": {
        "Diluted EPS": 1.28,
        "Total Revenue": NaN,
        "Gross Profit": 468,
        "Operating Income": 91,
        "EBIT": 145,
        "Net Income": 49
    },
    "2017-07-31": {
        "Diluted EPS": 1.46,
        "Total Revenue": NaN,
        "Gross Profit": 477,
        "Operating Income": 103,
        "EBIT": 155,
        "Net Income": 57
    },
    "2017-04-30": {
        "Diluted EPS": 0.76,
        "Total Revenue": NaN,
        "Gross Profit": 398,
        "Operating Income": 54,
        "EBIT": 106,
        "Net Income": 30
    },
    "2017-01-31": {
        "Diluted EPS": 0.58,
        "Total Revenue": NaN,
        "Gross Profit": 390,
        "Operating Income": 46,
        "EBIT": 97,
        "Net Income": 23
    },
    "2016-10-31": {
        "Diluted EPS": 1.44,
        "Total Revenue": NaN,
        "Gross Profit": 444,
        "Operating Income": 100,
        "EBIT": 148,
        "Net Income": 57
    },
    "2016-07-31": {
        "Diluted EPS": 1.7,
        "Total Revenue": NaN,
        "Gross Profit": 450,
        "Operating Income": 112,
        "EBIT": 158,
        "Net Income": 67
    },
    "2016-04-30": {
        "Diluted EPS": 1.19,
        "Total Revenue": NaN,
        "Gross Profit": 388,
        "Operating Income": 80,
        "EBIT": 125,
        "Net Income": 47
    },
    "2016-01-31": {
        "Diluted EPS": 0.97,
        "Total Revenue": NaN,
        "Gross Profit": 371,
        "Operating Income": 68,
        "EBIT": 112,
        "Net Income": 38
    },
    "2015-10-31": {
        "Diluted EPS": 2.0,
        "Total Revenue": NaN,
        "Gross Profit": 443,
        "Operating Income": 133,
        "EBIT": 175,
        "Net Income": 79
    },
    "2015-07-31": {
        "Diluted EPS": 1.57,
        "Total Revenue": NaN,
        "Gross Profit": 411,
        "Operating Income": 108,
        "EBIT": 148,
        "Net Income": 62
    },
    "2015-04-30": {
        "Diluted EPS": 1.05,
        "Total Revenue": NaN,
        "Gross Profit": 347,
        "Operating Income": 72,
        "EBIT": 114,
        "Net Income": 41
    },
    "2015-01-31": {
        "Diluted EPS": 1.01,
        "Total Revenue": NaN,
        "Gross Profit": 351,
        "Operating Income": 72,
        "EBIT": 112,
        "Net Income": 39
    },
    "2014-10-31": {
        "Diluted EPS": 1.28,
        "Total Revenue": NaN,
        "Gross Profit": 371,
        "Operating Income": 89,
        "EBIT": 127,
        "Net Income": 50
    },
    "2014-07-31": {
        "Diluted EPS": 1.28,
        "Total Revenue": NaN,
        "Gross Profit": 371,
        "Operating Income": 90,
        "EBIT": 127,
        "Net Income": 50
    },
    "2014-04-30": {
        "Diluted EPS": 0.53,
        "Total Revenue": NaN,
        "Gross Profit": 284,
        "Operating Income": 38,
        "EBIT": 73,
        "Net Income": 21
    },
    "2014-01-31": {
        "Diluted EPS": 0.33,
        "Total Revenue": NaN,
        "Gross Profit": 277,
        "Operating Income": 29,
        "EBIT": 62,
        "Net Income": 13
    },
    "2013-10-31": {
        "Diluted EPS": 1.01,
        "Total Revenue": NaN,
        "Gross Profit": 319,
        "Operating Income": 70,
        "EBIT": 103,
        "Net Income": 39
    },
    "2013-07-31": {
        "Diluted EPS": 1.39,
        "Total Revenue": NaN,
        "Gross Profit": 342,
        "Operating Income": 96,
        "EBIT": 127,
        "Net Income": 54
    },
    "2013-04-30": {
        "Diluted EPS": 0.43,
        "Total Revenue": NaN,
        "Gross Profit": 255,
        "Operating Income": 34,
        "EBIT": 64,
        "Net Income": 16
    },
    "2013-01-31": {
        "Diluted EPS": 0.4,
        "Total Revenue": NaN,
        "Gross Profit": 250,
        "Operating Income": 32,
        "EBIT": 60,
        "Net Income": 15
    },
    "2012-10-31": {
        "Diluted EPS": 0.85,
        "Total Revenue": NaN,
        "Gross Profit": 279,
        "Operating Income": 62,
        "EBIT": 89,
        "Net Income": 33
    },
    "2012-07-31": {
        "Diluted EPS": 1.01,
        "Total Revenue": NaN,
        "Gross Profit": 287,
        "Operating Income": 71,
        "EBIT": 98,
        "Net Income": 39
    },
    "2012-04-30": {
        "Diluted EPS": 0.6,
        "Total Revenue": NaN,
        "Gross Profit": 245,
        "Operating Income": 44,
        "EBIT": 69,
        "Net Income": 23
    },
    "2012-01-31": {
        "Diluted EPS": 0.43,
        "Total Revenue": NaN,
        "Gross Profit": 229,
        "Operating Income": 35,
        "EBIT": 59,
        "Net Income": 17
    },
    "2011-10-31": {
        "Diluted EPS": 0.98,
        "Total Revenue": NaN,
        "Gross Profit": 263,
        "Operating Income": 68,
        "EBIT": 91,
        "Net Income": 38
    },
    "2011-07-31": {
        "Diluted EPS": 1.03,
        "Total Revenue": NaN,
        "Gross Profit": 267,
        "Operating Income": 72,
        "EBIT": 96,
        "Net Income": 39
    },
    "2011-04-30": {
        "Diluted EPS": 0.64,
        "Total Revenue": NaN,
        "Gross Profit": 217,
        "Operating Income": 45,
        "EBIT": 67,
        "Net Income": 23
    },
    "2011-01-31": {
        "Diluted EPS": 0.34,
        "Total Revenue": NaN,
        "Gross Profit": 203,
        "Operating Income": 30,
        "EBIT": 51,
        "Net Income": 13
    },
    "2010-10-31": {
        "Diluted EPS": 0.51,
        "Total Revenue": NaN,
        "Gross Profit": 227,
        "Operating Income": 54,
        "EBIT": 74,
        "Net Income": 22
    },
    "2010-07-31": {
        "Diluted EPS": 0.73,
        "Total Revenue": NaN,
        "Gross Profit": 234,
        "Operating Income": 62,
        "EBIT": 82,
        "Net Income": 37
    },
    "2010-04-30": {
        "Diluted EPS": 0.42,
        "Total Revenue": NaN,
        "Gross Profit": 189,
        "Operating Income": 36,
        "EBIT": 54,
        "Net Income": 22
    },
    "2010-01-31": {
        "Diluted EPS": 0.34,
        "Total Revenue": NaN,
        "Gross Profit": 177,
        "Operating Income": 30,
        "EBIT": 49,
        "Net Income": 17
    },
    "2009-10-31": {
        "Diluted EPS": 0.66,
        "Total Revenue": NaN,
        "Gross Profit": 206,
        "Operating Income": 57,
        "EBIT": 75,
        "Net Income": 34
    },
    "2009-07-31": {
        "Diluted EPS": 0.87,
        "Total Revenue": NaN,
        "Gross Profit": 220,
        "Operating Income": 70,
        "EBIT": 88,
        "Net Income": 44
    },
    "2009-04-30": {
        "Diluted EPS": 0.29,
        "Total Revenue": 883,
        "Gross Profit": 172,
        "Operating Income": 29,
        "EBIT": 47,
        "Net Income": 16
    },
    "2009-01-31": {
        "Diluted EPS": 0.28,
        "Total Revenue": 849,
        "Gross Profit": 161,
        "Operating Income": 25,
        "EBIT": 42,
        "Net Income": 14
    },
    "2023-07-31": {
        "Tax Effect Of Unusual Items": 0.0,
        "Tax Rate For Calcs": 0.236,
        "Normalized EBITDA": 316899000.0,
        "Net Income From Continuing Operation Net Minority Interest": 169237000.0,
        "Reconciled Depreciation": 82905000.0,
        "Reconciled Cost Of Revenue": 2991497000.0,
        "EBITDA": 316899000.0,
        "EBIT": 233994000.0,
        "Net Interest Income": -12495000.0,
        "Normalized Income": 169237000.0,
        "Net Income From Continuing And Discontinued Operation": 169237000.0,
        "Total Expenses": 3635257000.0,
        "Diluted Average Shares": 37456139.0,
        "Basic Average Shares": 37300952.0,
        "Diluted EPS": 4.52,
        "Basic EPS": 4.54,
        "Diluted NI Availto Com Stockholders": 169237000.0,
        "Net Income Common Stockholders": 169237000.0,
        "Net Income": 169237000.0,
        "Net Income Including Noncontrolling Interests": 169237000.0,
        "Net Income Continuous Operations": 169237000.0,
        "Tax Provision": 52262000.0,
        "Pretax Income": 221499000.0,
        "Net Non Operating Interest Income Expense": -12495000.0,
        "Total Other Finance Cost": 12495000.0,
        "Operating Income": 233994000.0,
        "Operating Expense": 643760000.0,
        "Other Operating Expenses": 560855000.0,
        "Depreciation Amortization Depletion Income Statement": 82905000.0,
        "Depreciation And Amortization In Income Statement": 82905000.0,
        "Gross Profit": 877754000.0,
        "Cost Of Revenue": 2991497000.0,
        "Total Revenue": 3869251000.0,
        "Operating Revenue": 3797082000.0
    },
    "2023-10-31": {
        "Tax Effect Of Unusual Items": 0.0,
        "Tax Rate For Calcs": 0.236,
        "Normalized EBITDA": 305858000.0,
        "Net Income From Continuing Operation Net Minority Interest": 158782000.0,
        "Reconciled Depreciation": 85598000.0,
        "Reconciled Cost Of Revenue": 3178839000.0,
        "EBITDA": 305858000.0,
        "EBIT": 220260000.0,
        "Net Interest Income": -12306000.0,
        "Normalized Income": 158782000.0,
        "Net Income From Continuing And Discontinued Operation": 158782000.0,
        "Total Expenses": 3844140000.0,
        "Diluted Average Shares": 37431075.0,
        "Basic Average Shares": 37227932.0,
        "Diluted EPS": 4.24,
        "Basic EPS": 4.27,
        "Diluted NI Availto Com Stockholders": 158782000.0,
        "Net Income Common Stockholders": 158782000.0,
        "Net Income": 158782000.0,
        "Net Income Including Noncontrolling Interests": 158782000.0,
        "Net Income Continuous Operations": 158782000.0,
        "Tax Provision": 49172000.0,
        "Pretax Income": 207954000.0,
        "Net Non Operating Interest Income Expense": -12306000.0,
        "Total Other Finance Cost": 12306000.0,
        "Operating Income": 220260000.0,
        "Operating Expense": 665301000.0,
        "Other Operating Expenses": 579703000.0,
        "Depreciation Amortization Depletion Income Statement": 85598000.0,
        "Depreciation And Amortization In Income Statement": 85598000.0,
        "Gross Profit": 885561000.0,
        "Cost Of Revenue": 3178839000.0,
        "Total Revenue": 4064400000.0,
        "Operating Revenue": 3993389000.0
    },
    "2024-01-31": {
        "Tax Effect Of Unusual Items": 0.0,
        "Tax Rate For Calcs": 0.241,
        "Normalized EBITDA": 217615000.0,
        "Net Income From Continuing Operation Net Minority Interest": 86933000.0,
        "Reconciled Depreciation": 88950000.0,
        "Reconciled Cost Of Revenue": 2542724000.0,
        "EBITDA": 217615000.0,
        "EBIT": 128665000.0,
        "Net Interest Income": -14146000.0,
        "Normalized Income": 86933000.0,
        "Net Income From Continuing And Discontinued Operation": 86933000.0,
        "Total Expenses": 3200582000.0,
        "Diluted Average Shares": 37336083.0,
        "Basic Average Shares": 37100143.0,
        "Diluted EPS": 2.33,
        "Basic EPS": 2.34,
        "Diluted NI Availto Com Stockholders": 86933000.0,
        "Net Income Common Stockholders": 86933000.0,
        "Net Income": 86933000.0,
        "Net Income Including Noncontrolling Interests": 86933000.0,
        "Net Income Continuous Operations": 86933000.0,
        "Tax Provision": 27586000.0,
        "Pretax Income": 114519000.0,
        "Net Non Operating Interest Income Expense": -14146000.0,
        "Total Other Finance Cost": 14146000.0,
        "Operating Income": 128665000.0,
        "Operating Expense": 657858000.0,
        "Other Operating Expenses": 568908000.0,
        "Depreciation Amortization Depletion Income Statement": 88950000.0,
        "Depreciation And Amortization In Income Statement": 88950000.0,
        "Gross Profit": 786523000.0,
        "Cost Of Revenue": 2542724000.0,
        "Total Revenue": 3329247000.0,
        "Operating Revenue": 3266633000.0
    },
    "2024-04-30": {
        "Tax Effect Of Unusual Items": 0.0,
        "Tax Rate For Calcs": 0.224338,
        "Normalized EBITDA": 219026000.0,
        "Net Income From Continuing Operation Net Minority Interest": 87020000.0,
        "Reconciled Depreciation": 92344000.0,
        "Reconciled Cost Of Revenue": 2801942000.0,
        "EBITDA": 219026000.0,
        "EBIT": 126682000.0,
        "Net Interest Income": -14494000.0,
        "Normalized Income": 87020000.0,
        "Net Income From Continuing And Discontinued Operation": 87020000.0,
        "Total Expenses": 3473333000.0,
        "Diluted Average Shares": NaN,
        "Basic Average Shares": NaN,
        "Diluted EPS": NaN,
        "Basic EPS": NaN,
        "Diluted NI Availto Com Stockholders": 87020000.0,
        "Net Income Common Stockholders": 87020000.0,
        "Net Income": 87020000.0,
        "Net Income Including Noncontrolling Interests": 87020000.0,
        "Net Income Continuous Operations": 87020000.0,
        "Tax Provision": 25168000.0,
        "Pretax Income": 112188000.0,
        "Net Non Operating Interest Income Expense": -14494000.0,
        "Total Other Finance Cost": 14494000.0,
        "Operating Income": 126682000.0,
        "Operating Expense": 671391000.0,
        "Other Operating Expenses": 579047000.0,
        "Depreciation Amortization Depletion Income Statement": 92344000.0,
        "Depreciation And Amortization In Income Statement": 92344000.0,
        "Gross Profit": 798073000.0,
        "Cost Of Revenue": 2801942000.0,
        "Total Revenue": 3600015000.0,
        "Operating Revenue": 3533961000.0
    }
}