{
    "2023-12-31": {
        "Tax Effect Of Unusual Items": 4620.0,
        "Tax Rate For Calcs": 0.21,
        "Normalized EBITDA": -8606000.0,
        "Total Unusual Items": 22000.0,
        "Total Unusual Items Excluding Goodwill": 22000.0,
        "Net Income From Continuing Operation Net Minority Interest": -15622000.0,
        "Reconciled Depreciation": 262000.0,
        "Reconciled Cost Of Revenue": NaN,
        "EBITDA": -8584000.0,
        "EBIT": -8846000.0,
        "Net Interest Income": 38000.0,
        "Interest Expense": 24000.0,
        "Interest Income": 62000.0,
        "Normalized Income": -15639380.0,
        "Net Income From Continuing And Discontinued Operation": -24675000.0,
        "Total Expenses": 2589000.0,
        "Total Operating Income As Reported": -7806000.0,
        "Diluted Average Shares": NaN,
        "Basic Average Shares": NaN,
        "Diluted EPS": NaN,
        "Basic EPS": NaN,
        "Diluted NI Availto Com Stockholders": -24675000.0,
        "Net Income Common Stockholders": -24675000.0,
        "Net Income": -24675000.0,
        "Net Income Including Noncontrolling Interests": -25772000.0,
        "Net Income Extraordinary": NaN,
        "Net Income Discontinuous Operations": NaN,
        "Net Income Continuous Operations": -16719000.0,
        "Tax Provision": 7849000.0,
        "Pretax Income": -8870000.0,
        "Other Income Expense": 17000.0,
        "Other Non Operating Income Expenses": 0.0,
        "Special Income Charges": 22000.0,
        "Gain On Sale Of Ppe": 22000.0,
        "Earnings From Equity Interest": -5000.0,
        "Net Non Operating Interest Income Expense": 38000.0,
        "Interest Expense Non Operating": 24000.0,
        "Interest Income Non Operating": 62000.0,
        "Operating Income": -8925000.0,
        "Operating Expense": 7452000.0,
        "Other Operating Expenses": -322000.0,
        "Research And Development": 6080000.0,
        "Selling General And Administration": 1694000.0,
        "Selling And Marketing Expense": NaN,
        "General And Administrative Expense": 4272000.0,
        "Other Gand A": 4272000.0,
        "Gross Profit": NaN,
        "Cost Of Revenue": NaN,
        "Total Revenue": -5239000.0,
        "Operating Revenue": -5239000.0
    },
    "2023-09-30": {
        "Tax Effect Of Unusual Items": 0.0,
        "Tax Rate For Calcs": 0.0,
        "Normalized EBITDA": -9299000.0,
        "Total Unusual Items": 0.0,
        "Total Unusual Items Excluding Goodwill": 0.0,
        "Net Income From Continuing Operation Net Minority Interest": -9572000.0,
        "Reconciled Depreciation": 259000.0,
        "Reconciled Cost Of Revenue": 1447000.0,
        "EBITDA": -9299000.0,
        "EBIT": -9558000.0,
        "Net Interest Income": 190000.0,
        "Interest Expense": 14000.0,
        "Interest Income": 204000.0,
        "Normalized Income": -9572000.0,
        "Net Income From Continuing And Discontinued Operation": -10356000.0,
        "Total Expenses": 9750000.0,
        "Total Operating Income As Reported": -9750000.0,
        "Diluted Average Shares": 28055000.0,
        "Basic Average Shares": 28055000.0,
        "Diluted EPS": -0.37,
        "Basic EPS": -0.37,
        "Diluted NI Availto Com Stockholders": -10356000.0,
        "Net Income Common Stockholders": -10356000.0,
        "Net Income": -10356000.0,
        "Net Income Including Noncontrolling Interests": -10356000.0,
        "Net Income Extraordinary": 0.0,
        "Net Income Discontinuous Operations": -784000.0,
        "Net Income Continuous Operations": -9572000.0,
        "Tax Provision": 0.0,
        "Pretax Income": -9572000.0,
        "Other Income Expense": -12000.0,
        "Other Non Operating Income Expenses": NaN,
        "Special Income Charges": 0.0,
        "Gain On Sale Of Ppe": 0.0,
        "Earnings From Equity Interest": -12000.0,
        "Net Non Operating Interest Income Expense": 190000.0,
        "Interest Expense Non Operating": 14000.0,
        "Interest Income Non Operating": 204000.0,
        "Operating Income": -9750000.0,
        "Operating Expense": 9750000.0,
        "Other Operating Expenses": -276000.0,
        "Research And Development": 5552000.0,
        "Selling General And Administration": 4474000.0,
        "Selling And Marketing Expense": 855000.0,
        "General And Administrative Expense": 4474000.0,
        "Other Gand A": 4474000.0,
        "Gross Profit": 738000.0,
        "Cost Of Revenue": 1447000.0,
        "Total Revenue": 0.0,
        "Operating Revenue": 0.0
    },
    "2023-06-30": {
        "Tax Effect Of Unusual Items": NaN,
        "Tax Rate For Calcs": NaN,
        "Normalized EBITDA": NaN,
        "Total Unusual Items": NaN,
        "Total Unusual Items Excluding Goodwill": NaN,
        "Net Income From Continuing Operation Net Minority Interest": NaN,
        "Reconciled Depreciation": NaN,
        "Reconciled Cost Of Revenue": 1840000.0,
        "EBITDA": NaN,
        "EBIT": NaN,
        "Net Interest Income": NaN,
        "Interest Expense": NaN,
        "Interest Income": NaN,
        "Normalized Income": NaN,
        "Net Income From Continuing And Discontinued Operation": NaN,
        "Total Expenses": NaN,
        "Total Operating Income As Reported": NaN,
        "Diluted Average Shares": 27999000.0,
        "Basic Average Shares": 27999000.0,
        "Diluted EPS": -0.4,
        "Basic EPS": -0.4,
        "Diluted NI Availto Com Stockholders": NaN,
        "Net Income Common Stockholders": NaN,
        "Net Income": NaN,
        "Net Income Including Noncontrolling Interests": NaN,
        "Net Income Extraordinary": 0.0,
        "Net Income Discontinuous Operations": -1620000.0,
        "Net Income Continuous Operations": NaN,
        "Tax Provision": NaN,
        "Pretax Income": NaN,
        "Other Income Expense": 2000.0,
        "Other Non Operating Income Expenses": 2000.0,
        "Special Income Charges": NaN,
        "Gain On Sale Of Ppe": NaN,
        "Earnings From Equity Interest": NaN,
        "Net Non Operating Interest Income Expense": NaN,
        "Interest Expense Non Operating": NaN,
        "Interest Income Non Operating": NaN,
        "Operating Income": NaN,
        "Operating Expense": NaN,
        "Other Operating Expenses": NaN,
        "Research And Development": NaN,
        "Selling General And Administration": NaN,
        "Selling And Marketing Expense": 911000.0,
        "General And Administrative Expense": NaN,
        "Other Gand A": NaN,
        "Gross Profit": 248000.0,
        "Cost Of Revenue": 1840000.0,
        "Total Revenue": NaN,
        "Operating Revenue": NaN
    },
    "2023-03-31": {
        "Tax Effect Of Unusual Items": NaN,
        "Tax Rate For Calcs": NaN,
        "Normalized EBITDA": NaN,
        "Total Unusual Items": NaN,
        "Total Unusual Items Excluding Goodwill": NaN,
        "Net Income From Continuing Operation Net Minority Interest": NaN,
        "Reconciled Depreciation": NaN,
        "Reconciled Cost Of Revenue": 1576000.0,
        "EBITDA": NaN,
        "EBIT": NaN,
        "Net Interest Income": NaN,
        "Interest Expense": NaN,
        "Interest Income": NaN,
        "Normalized Income": NaN,
        "Net Income From Continuing And Discontinued Operation": NaN,
        "Total Expenses": NaN,
        "Total Operating Income As Reported": NaN,
        "Diluted Average Shares": NaN,
        "Basic Average Shares": NaN,
        "Diluted EPS": NaN,
        "Basic EPS": NaN,
        "Diluted NI Availto Com Stockholders": NaN,
        "Net Income Common Stockholders": NaN,
        "Net Income": NaN,
        "Net Income Including Noncontrolling Interests": NaN,
        "Net Income Extraordinary": NaN,
        "Net Income Discontinuous Operations": NaN,
        "Net Income Continuous Operations": NaN,
        "Tax Provision": NaN,
        "Pretax Income": NaN,
        "Other Income Expense": NaN,
        "Other Non Operating Income Expenses": NaN,
        "Special Income Charges": NaN,
        "Gain On Sale Of Ppe": NaN,
        "Earnings From Equity Interest": NaN,
        "Net Non Operating Interest Income Expense": NaN,
        "Interest Expense Non Operating": NaN,
        "Interest Income Non Operating": NaN,
        "Operating Income": NaN,
        "Operating Expense": NaN,
        "Other Operating Expenses": NaN,
        "Research And Development": NaN,
        "Selling General And Administration": NaN,
        "Selling And Marketing Expense": 812000.0,
        "General And Administrative Expense": NaN,
        "Other Gand A": NaN,
        "Gross Profit": 254000.0,
        "Cost Of Revenue": 1576000.0,
        "Total Revenue": NaN,
        "Operating Revenue": NaN
    },
    "2024-03-31": {
        "Tax Effect Of Unusual Items": 0.0,
        "Tax Rate For Calcs": 0.0,
        "Normalized EBITDA": -11450000.0,
        "Total Unusual Items": 0.0,
        "Total Unusual Items Excluding Goodwill": 0.0,
        "Net Income From Continuing Operation Net Minority Interest": -11825000.0,
        "Reconciled Depreciation": 346000.0,
        "Reconciled Cost Of Revenue": NaN,
        "EBITDA": -11450000.0,
        "EBIT": -11796000.0,
        "Net Interest Income": 1182000.0,
        "Interest Expense": 29000.0,
        "Interest Income": 1211000.0,
        "Normalized Income": -11825000.0,
        "Net Income From Continuing And Discontinued Operation": -12286000.0,
        "Total Expenses": 13005000.0,
        "Total Operating Income As Reported": -13005000.0,
        "Diluted Average Shares": 49510000.0,
        "Basic Average Shares": 49510000.0,
        "Diluted EPS": -0.2,
        "Basic EPS": -0.2,
        "Diluted NI Availto Com Stockholders": -12284000.0,
        "Net Income Common Stockholders": -12284000.0,
        "Net Income": -12284000.0,
        "Net Income Including Noncontrolling Interests": -12284000.0,
        "Net Income Extraordinary": 2000.0,
        "Net Income Discontinuous Operations": -461000.0,
        "Net Income Continuous Operations": -11825000.0,
        "Tax Provision": 0.0,
        "Pretax Income": -11825000.0,
        "Other Income Expense": -2000.0,
        "Other Non Operating Income Expenses": NaN,
        "Special Income Charges": 0.0,
        "Gain On Sale Of Ppe": 0.0,
        "Earnings From Equity Interest": -2000.0,
        "Net Non Operating Interest Income Expense": 1182000.0,
        "Interest Expense Non Operating": 29000.0,
        "Interest Income Non Operating": 1211000.0,
        "Operating Income": -13005000.0,
        "Operating Expense": 13005000.0,
        "Other Operating Expenses": -325000.0,
        "Research And Development": 7452000.0,
        "Selling General And Administration": 5878000.0,
        "Selling And Marketing Expense": NaN,
        "General And Administrative Expense": 5878000.0,
        "Other Gand A": 5878000.0,
        "Gross Profit": NaN,
        "Cost Of Revenue": NaN,
        "Total Revenue": 0.0,
        "Operating Revenue": 0.0
    },
    "2022-12-31": {
        "Tax Effect Of Unusual Items": NaN,
        "Tax Rate For Calcs": NaN,
        "Normalized EBITDA": NaN,
        "Total Unusual Items": NaN,
        "Total Unusual Items Excluding Goodwill": NaN,
        "Net Income From Continuing Operation Net Minority Interest": NaN,
        "Reconciled Depreciation": NaN,
        "Reconciled Cost Of Revenue": NaN,
        "EBITDA": NaN,
        "EBIT": NaN,
        "Net Interest Income": NaN,
        "Interest Expense": NaN,
        "Interest Income": NaN,
        "Normalized Income": NaN,
        "Net Income From Continuing And Discontinued Operation": NaN,
        "Total Expenses": NaN,
        "Total Operating Income As Reported": NaN,
        "Diluted Average Shares": 142113000.0,
        "Basic Average Shares": 142113000.0,
        "Diluted EPS": -0.02,
        "Basic EPS": -0.02,
        "Diluted NI Availto Com Stockholders": NaN,
        "Net Income Common Stockholders": NaN,
        "Net Income": NaN,
        "Net Income Including Noncontrolling Interests": NaN,
        "Net Income Extraordinary": NaN,
        "Net Income Discontinuous Operations": NaN,
        "Net Income Continuous Operations": NaN,
        "Tax Provision": NaN,
        "Pretax Income": NaN,
        "Other Income Expense": NaN,
        "Other Non Operating Income Expenses": NaN,
        "Special Income Charges": NaN,
        "Gain On Sale Of Ppe": NaN,
        "Earnings From Equity Interest": NaN,
        "Net Non Operating Interest Income Expense": NaN,
        "Interest Expense Non Operating": NaN,
        "Interest Income Non Operating": NaN,
        "Operating Income": NaN,
        "Operating Expense": NaN,
        "Other Operating Expenses": NaN,
        "Research And Development": NaN,
        "Selling General And Administration": NaN,
        "Selling And Marketing Expense": NaN,
        "General And Administrative Expense": NaN,
        "Other Gand A": NaN,
        "Gross Profit": NaN,
        "Cost Of Revenue": NaN,
        "Total Revenue": NaN,
        "Operating Revenue": NaN
    },
    "2022-09-30": {
        "Tax Effect Of Unusual Items": NaN,
        "Tax Rate For Calcs": NaN,
        "Normalized EBITDA": NaN,
        "Total Unusual Items": NaN,
        "Total Unusual Items Excluding Goodwill": NaN,
        "Net Income From Continuing Operation Net Minority Interest": NaN,
        "Reconciled Depreciation": NaN,
        "Reconciled Cost Of Revenue": 1303000.0,
        "EBITDA": NaN,
        "EBIT": NaN,
        "Net Interest Income": NaN,
        "Interest Expense": NaN,
        "Interest Income": NaN,
        "Normalized Income": NaN,
        "Net Income From Continuing And Discontinued Operation": NaN,
        "Total Expenses": NaN,
        "Total Operating Income As Reported": NaN,
        "Diluted Average Shares": NaN,
        "Basic Average Shares": NaN,
        "Diluted EPS": NaN,
        "Basic EPS": NaN,
        "Diluted NI Availto Com Stockholders": NaN,
        "Net Income Common Stockholders": NaN,
        "Net Income": NaN,
        "Net Income Including Noncontrolling Interests": NaN,
        "Net Income Extraordinary": NaN,
        "Net Income Discontinuous Operations": NaN,
        "Net Income Continuous Operations": NaN,
        "Tax Provision": NaN,
        "Pretax Income": NaN,
        "Other Income Expense": NaN,
        "Other Non Operating Income Expenses": NaN,
        "Special Income Charges": NaN,
        "Gain On Sale Of Ppe": NaN,
        "Earnings From Equity Interest": NaN,
        "Net Non Operating Interest Income Expense": NaN,
        "Interest Expense Non Operating": NaN,
        "Interest Income Non Operating": NaN,
        "Operating Income": NaN,
        "Operating Expense": NaN,
        "Other Operating Expenses": NaN,
        "Research And Development": NaN,
        "Selling General And Administration": NaN,
        "Selling And Marketing Expense": 800000.0,
        "General And Administrative Expense": NaN,
        "Other Gand A": NaN,
        "Gross Profit": 414000.0,
        "Cost Of Revenue": 1303000.0,
        "Total Revenue": NaN,
        "Operating Revenue": NaN
    },
    "2024-06-30": {
        "Tax Effect Of Unusual Items": 0.0,
        "Tax Rate For Calcs": 0.0,
        "Normalized EBITDA": -10621000.0,
        "Total Unusual Items": 0.0,
        "Total Unusual Items Excluding Goodwill": 0.0,
        "Net Income From Continuing Operation Net Minority Interest": -11214000.0,
        "Reconciled Depreciation": 570000.0,
        "Reconciled Cost Of Revenue": NaN,
        "EBITDA": -10621000.0,
        "EBIT": -11191000.0,
        "Net Interest Income": 3053000.0,
        "Interest Expense": 23000.0,
        "Interest Income": 3076000.0,
        "Normalized Income": -11214000.0,
        "Net Income From Continuing And Discontinued Operation": -11643000.0,
        "Total Expenses": 14263000.0,
        "Total Operating Income As Reported": -14263000.0,
        "Diluted Average Shares": 66648000.0,
        "Basic Average Shares": 66648000.0,
        "Diluted EPS": -0.18,
        "Basic EPS": -0.18,
        "Diluted NI Availto Com Stockholders": -11704000.0,
        "Net Income Common Stockholders": -11704000.0,
        "Net Income": -11704000.0,
        "Net Income Including Noncontrolling Interests": -11704000.0,
        "Net Income Extraordinary": -61000.0,
        "Net Income Discontinuous Operations": -429000.0,
        "Net Income Continuous Operations": -11214000.0,
        "Tax Provision": 0.0,
        "Pretax Income": -11214000.0,
        "Other Income Expense": -4000.0,
        "Other Non Operating Income Expenses": NaN,
        "Special Income Charges": 0.0,
        "Gain On Sale Of Ppe": 0.0,
        "Earnings From Equity Interest": -4000.0,
        "Net Non Operating Interest Income Expense": 3053000.0,
        "Interest Expense Non Operating": 23000.0,
        "Interest Income Non Operating": 3076000.0,
        "Operating Income": -14263000.0,
        "Operating Expense": 14263000.0,
        "Other Operating Expenses": -526000.0,
        "Research And Development": 9275000.0,
        "Selling General And Administration": 5514000.0,
        "Selling And Marketing Expense": NaN,
        "General And Administrative Expense": 5514000.0,
        "Other Gand A": 5514000.0,
        "Gross Profit": NaN,
        "Cost Of Revenue": NaN,
        "Total Revenue": 0.0,
        "Operating Revenue": 0.0
    },
    "2024-09-30": {
        "Tax Effect Of Unusual Items": 0.0,
        "Tax Rate For Calcs": 0.0,
        "Normalized EBITDA": -14384000.0,
        "Total Unusual Items": 0.0,
        "Total Unusual Items Excluding Goodwill": 0.0,
        "Net Income From Continuing Operation Net Minority Interest": -15122000.0,
        "Reconciled Depreciation": 669000.0,
        "Reconciled Cost Of Revenue": NaN,
        "EBITDA": -14384000.0,
        "EBIT": -15053000.0,
        "Net Interest Income": 3512000.0,
        "Interest Expense": 69000.0,
        "Interest Income": 3581000.0,
        "Normalized Income": -15122000.0,
        "Net Income From Continuing And Discontinued Operation": -15122000.0,
        "Total Expenses": 18634000.0,
        "Total Operating Income As Reported": -18634000.0,
        "Diluted Average Shares": 70629000.0,
        "Basic Average Shares": 70629000.0,
        "Diluted EPS": -0.21,
        "Basic EPS": -0.21,
        "Diluted NI Availto Com Stockholders": -15122000.0,
        "Net Income Common Stockholders": -15122000.0,
        "Net Income": -15122000.0,
        "Net Income Including Noncontrolling Interests": -15122000.0,
        "Net Income Extraordinary": 0.0,
        "Net Income Discontinuous Operations": 0.0,
        "Net Income Continuous Operations": -15122000.0,
        "Tax Provision": 0.0,
        "Pretax Income": -15122000.0,
        "Other Income Expense": NaN,
        "Other Non Operating Income Expenses": NaN,
        "Special Income Charges": 0.0,
        "Gain On Sale Of Ppe": 0.0,
        "Earnings From Equity Interest": 0.0,
        "Net Non Operating Interest Income Expense": 3512000.0,
        "Interest Expense Non Operating": 69000.0,
        "Interest Income Non Operating": 3581000.0,
        "Operating Income": -18634000.0,
        "Operating Expense": 18634000.0,
        "Other Operating Expenses": -369000.0,
        "Research And Development": 12028000.0,
        "Selling General And Administration": 6975000.0,
        "Selling And Marketing Expense": NaN,
        "General And Administrative Expense": 6975000.0,
        "Other Gand A": 6975000.0,
        "Gross Profit": NaN,
        "Cost Of Revenue": NaN,
        "Total Revenue": 0.0,
        "Operating Revenue": 0.0
    }
}