{
    "2023-09-30": {
        "Tax Effect Of Unusual Items": NaN,
        "Tax Rate For Calcs": NaN,
        "Normalized EBITDA": NaN,
        "Total Unusual Items": NaN,
        "Total Unusual Items Excluding Goodwill": NaN,
        "Net Income From Continuing Operation Net Minority Interest": NaN,
        "Reconciled Depreciation": NaN,
        "Reconciled Cost Of Revenue": NaN,
        "EBITDA": NaN,
        "EBIT": NaN,
        "Net Interest Income": NaN,
        "Interest Income": 3956000.0,
        "Normalized Income": NaN,
        "Net Income From Continuing And Discontinued Operation": NaN,
        "Total Expenses": NaN,
        "Rent Expense Supplemental": NaN,
        "Total Operating Income As Reported": NaN,
        "Diluted Average Shares": NaN,
        "Basic Average Shares": NaN,
        "Diluted EPS": NaN,
        "Basic EPS": NaN,
        "Diluted NI Availto Com Stockholders": NaN,
        "Net Income Common Stockholders": NaN,
        "Net Income": NaN,
        "Net Income Including Noncontrolling Interests": NaN,
        "Net Income Continuous Operations": NaN,
        "Tax Provision": NaN,
        "Pretax Income": NaN,
        "Other Income Expense": NaN,
        "Other Non Operating Income Expenses": NaN,
        "Special Income Charges": NaN,
        "Other Special Charges": NaN,
        "Write Off": NaN,
        "Restructuring And Mergern Acquisition": NaN,
        "Net Non Operating Interest Income Expense": NaN,
        "Total Other Finance Cost": -3956000.0,
        "Interest Income Non Operating": 3956000.0,
        "Operating Income": NaN,
        "Operating Expense": NaN,
        "Other Operating Expenses": NaN,
        "Depreciation Amortization Depletion Income Statement": NaN,
        "Depreciation And Amortization In Income Statement": NaN,
        "Selling General And Administration": NaN,
        "General And Administrative Expense": NaN,
        "Other Gand A": NaN,
        "Gross Profit": NaN,
        "Cost Of Revenue": NaN,
        "Total Revenue": NaN,
        "Operating Revenue": NaN
    },
    "2023-06-30": {
        "Tax Effect Of Unusual Items": NaN,
        "Tax Rate For Calcs": NaN,
        "Normalized EBITDA": NaN,
        "Total Unusual Items": NaN,
        "Total Unusual Items Excluding Goodwill": NaN,
        "Net Income From Continuing Operation Net Minority Interest": NaN,
        "Reconciled Depreciation": NaN,
        "Reconciled Cost Of Revenue": NaN,
        "EBITDA": NaN,
        "EBIT": NaN,
        "Net Interest Income": NaN,
        "Interest Income": 699000.0,
        "Normalized Income": NaN,
        "Net Income From Continuing And Discontinued Operation": NaN,
        "Total Expenses": NaN,
        "Rent Expense Supplemental": NaN,
        "Total Operating Income As Reported": NaN,
        "Diluted Average Shares": NaN,
        "Basic Average Shares": NaN,
        "Diluted EPS": NaN,
        "Basic EPS": NaN,
        "Diluted NI Availto Com Stockholders": NaN,
        "Net Income Common Stockholders": NaN,
        "Net Income": NaN,
        "Net Income Including Noncontrolling Interests": NaN,
        "Net Income Continuous Operations": NaN,
        "Tax Provision": NaN,
        "Pretax Income": NaN,
        "Other Income Expense": NaN,
        "Other Non Operating Income Expenses": NaN,
        "Special Income Charges": NaN,
        "Other Special Charges": NaN,
        "Write Off": NaN,
        "Restructuring And Mergern Acquisition": NaN,
        "Net Non Operating Interest Income Expense": NaN,
        "Total Other Finance Cost": -699000.0,
        "Interest Income Non Operating": 699000.0,
        "Operating Income": NaN,
        "Operating Expense": NaN,
        "Other Operating Expenses": 3400000.0,
        "Depreciation Amortization Depletion Income Statement": NaN,
        "Depreciation And Amortization In Income Statement": NaN,
        "Selling General And Administration": NaN,
        "General And Administrative Expense": NaN,
        "Other Gand A": NaN,
        "Gross Profit": NaN,
        "Cost Of Revenue": NaN,
        "Total Revenue": NaN,
        "Operating Revenue": NaN
    },
    "2023-04-30": {
        "Tax Effect Of Unusual Items": NaN,
        "Tax Rate For Calcs": NaN,
        "Normalized EBITDA": NaN,
        "Total Unusual Items": NaN,
        "Total Unusual Items Excluding Goodwill": NaN,
        "Net Income From Continuing Operation Net Minority Interest": NaN,
        "Reconciled Depreciation": NaN,
        "Reconciled Cost Of Revenue": NaN,
        "EBITDA": NaN,
        "EBIT": NaN,
        "Net Interest Income": NaN,
        "Interest Expense": 25000.0,
        "Interest Income": NaN,
        "Normalized Income": NaN,
        "Net Income From Continuing And Discontinued Operation": NaN,
        "Total Expenses": NaN,
        "Rent Expense Supplemental": NaN,
        "Total Operating Income As Reported": NaN,
        "Diluted Average Shares": NaN,
        "Basic Average Shares": NaN,
        "Diluted EPS": NaN,
        "Basic EPS": NaN,
        "Diluted NI Availto Com Stockholders": NaN,
        "Net Income Common Stockholders": NaN,
        "Net Income": NaN,
        "Net Income Including Noncontrolling Interests": NaN,
        "Net Income Continuous Operations": NaN,
        "Tax Provision": NaN,
        "Pretax Income": NaN,
        "Other Income Expense": NaN,
        "Other Non Operating Income Expenses": NaN,
        "Special Income Charges": NaN,
        "Other Special Charges": NaN,
        "Write Off": NaN,
        "Restructuring And Mergern Acquisition": NaN,
        "Net Non Operating Interest Income Expense": NaN,
        "Total Other Finance Cost": 25000.0,
        "Interest Expense Non Operating": 25000.0,
        "Interest Income Non Operating": NaN,
        "Operating Income": NaN,
        "Operating Expense": NaN,
        "Other Operating Expenses": 5999000.0,
        "Depreciation Amortization Depletion Income Statement": NaN,
        "Depreciation And Amortization In Income Statement": NaN,
        "Selling General And Administration": NaN,
        "General And Administrative Expense": NaN,
        "Other Gand A": NaN,
        "Gross Profit": NaN,
        "Cost Of Revenue": NaN,
        "Total Revenue": NaN,
        "Operating Revenue": NaN
    },
    "2022-12-31": {
        "Tax Effect Of Unusual Items": NaN,
        "Tax Rate For Calcs": NaN,
        "Normalized EBITDA": NaN,
        "Total Unusual Items": NaN,
        "Total Unusual Items Excluding Goodwill": NaN,
        "Net Income From Continuing Operation Net Minority Interest": NaN,
        "Reconciled Depreciation": NaN,
        "Reconciled Cost Of Revenue": NaN,
        "EBITDA": NaN,
        "EBIT": NaN,
        "Net Interest Income": NaN,
        "Interest Expense": -215000.0,
        "Interest Income": NaN,
        "Normalized Income": NaN,
        "Net Income From Continuing And Discontinued Operation": NaN,
        "Total Expenses": NaN,
        "Rent Expense Supplemental": NaN,
        "Total Operating Income As Reported": NaN,
        "Diluted Average Shares": NaN,
        "Basic Average Shares": NaN,
        "Diluted EPS": NaN,
        "Basic EPS": NaN,
        "Diluted NI Availto Com Stockholders": NaN,
        "Net Income Common Stockholders": NaN,
        "Net Income": NaN,
        "Net Income Including Noncontrolling Interests": NaN,
        "Net Income Continuous Operations": NaN,
        "Tax Provision": NaN,
        "Pretax Income": NaN,
        "Other Income Expense": NaN,
        "Other Non Operating Income Expenses": NaN,
        "Special Income Charges": NaN,
        "Other Special Charges": NaN,
        "Write Off": NaN,
        "Restructuring And Mergern Acquisition": NaN,
        "Net Non Operating Interest Income Expense": NaN,
        "Total Other Finance Cost": NaN,
        "Interest Expense Non Operating": -215000.0,
        "Interest Income Non Operating": NaN,
        "Operating Income": NaN,
        "Operating Expense": NaN,
        "Other Operating Expenses": 5088000.0,
        "Depreciation Amortization Depletion Income Statement": NaN,
        "Depreciation And Amortization In Income Statement": NaN,
        "Selling General And Administration": NaN,
        "General And Administrative Expense": NaN,
        "Other Gand A": NaN,
        "Gross Profit": NaN,
        "Cost Of Revenue": NaN,
        "Total Revenue": NaN,
        "Operating Revenue": NaN
    },
    "2023-12-31": {
        "Tax Effect Of Unusual Items": -1070091.077379,
        "Tax Rate For Calcs": 0.241392,
        "Normalized EBITDA": 19623000.0,
        "Total Unusual Items": -4433000.0,
        "Total Unusual Items Excluding Goodwill": -4433000.0,
        "Net Income From Continuing Operation Net Minority Interest": 2049000.0,
        "Reconciled Depreciation": 12337000.0,
        "Reconciled Cost Of Revenue": 137306000.0,
        "EBITDA": 15190000.0,
        "EBIT": 2853000.0,
        "Net Interest Income": 4222000.0,
        "Interest Income": NaN,
        "Normalized Income": 5411908.922621,
        "Net Income From Continuing And Discontinued Operation": 2049000.0,
        "Total Expenses": 174317000.0,
        "Rent Expense Supplemental": 14538000.0,
        "Total Operating Income As Reported": -1580000.0,
        "Diluted Average Shares": 117250000.0,
        "Basic Average Shares": 113642000.0,
        "Diluted EPS": 0.02,
        "Basic EPS": 0.02,
        "Diluted NI Availto Com Stockholders": 2049000.0,
        "Net Income Common Stockholders": 2049000.0,
        "Net Income": 2049000.0,
        "Net Income Including Noncontrolling Interests": 2049000.0,
        "Net Income Continuous Operations": 2049000.0,
        "Tax Provision": 652000.0,
        "Pretax Income": 2701000.0,
        "Other Income Expense": -4374000.0,
        "Other Non Operating Income Expenses": 59000.0,
        "Special Income Charges": -4433000.0,
        "Other Special Charges": 2909000.0,
        "Write Off": 604000.0,
        "Restructuring And Mergern Acquisition": 920000.0,
        "Net Non Operating Interest Income Expense": 4222000.0,
        "Total Other Finance Cost": NaN,
        "Interest Income Non Operating": NaN,
        "Operating Income": 2853000.0,
        "Operating Expense": 37011000.0,
        "Other Operating Expenses": NaN,
        "Depreciation Amortization Depletion Income Statement": 12337000.0,
        "Depreciation And Amortization In Income Statement": 12337000.0,
        "Selling General And Administration": 24674000.0,
        "General And Administrative Expense": 24674000.0,
        "Other Gand A": 24674000.0,
        "Gross Profit": 39864000.0,
        "Cost Of Revenue": 137306000.0,
        "Total Revenue": 177170000.0,
        "Operating Revenue": 177170000.0
    },
    "2022-09-30": {
        "Tax Effect Of Unusual Items": NaN,
        "Tax Rate For Calcs": NaN,
        "Normalized EBITDA": NaN,
        "Total Unusual Items": NaN,
        "Total Unusual Items Excluding Goodwill": NaN,
        "Net Income From Continuing Operation Net Minority Interest": NaN,
        "Reconciled Depreciation": NaN,
        "Reconciled Cost Of Revenue": NaN,
        "EBITDA": NaN,
        "EBIT": NaN,
        "Net Interest Income": NaN,
        "Interest Expense": NaN,
        "Normalized Income": NaN,
        "Net Income From Continuing And Discontinued Operation": NaN,
        "Total Expenses": NaN,
        "Rent Expense Supplemental": NaN,
        "Total Operating Income As Reported": NaN,
        "Diluted Average Shares": NaN,
        "Basic Average Shares": NaN,
        "Diluted EPS": NaN,
        "Basic EPS": NaN,
        "Diluted NI Availto Com Stockholders": NaN,
        "Net Income Common Stockholders": NaN,
        "Net Income": NaN,
        "Net Income Including Noncontrolling Interests": NaN,
        "Net Income Continuous Operations": NaN,
        "Tax Provision": NaN,
        "Pretax Income": NaN,
        "Other Income Expense": NaN,
        "Other Non Operating Income Expenses": NaN,
        "Special Income Charges": NaN,
        "Other Special Charges": NaN,
        "Write Off": NaN,
        "Restructuring And Mergern Acquisition": NaN,
        "Net Non Operating Interest Income Expense": NaN,
        "Total Other Finance Cost": -115000.0,
        "Interest Expense Non Operating": NaN,
        "Operating Income": NaN,
        "Operating Expense": NaN,
        "Other Operating Expenses": 6175000.0,
        "Depreciation Amortization Depletion Income Statement": NaN,
        "Depreciation And Amortization In Income Statement": NaN,
        "Selling General And Administration": NaN,
        "General And Administrative Expense": NaN,
        "Other Gand A": NaN,
        "Gross Profit": NaN,
        "Cost Of Revenue": NaN,
        "Total Revenue": NaN,
        "Operating Revenue": NaN
    },
    "2024-04-30": {
        "Tax Effect Of Unusual Items": -89118.0,
        "Tax Rate For Calcs": 0.018,
        "Normalized EBITDA": 36477000.0,
        "Total Unusual Items": -4951000.0,
        "Total Unusual Items Excluding Goodwill": -4951000.0,
        "Net Income From Continuing Operation Net Minority Interest": 13993000.0,
        "Reconciled Depreciation": 17322000.0,
        "Reconciled Cost Of Revenue": 193640000.0,
        "EBITDA": 31526000.0,
        "EBIT": 14204000.0,
        "Net Interest Income": 4914000.0,
        "Interest Income": NaN,
        "Normalized Income": 18854882.0,
        "Net Income From Continuing And Discontinued Operation": 13993000.0,
        "Total Expenses": 244802000.0,
        "Rent Expense Supplemental": 20422000.0,
        "Total Operating Income As Reported": 9253000.0,
        "Diluted Average Shares": 117936000.0,
        "Basic Average Shares": 113972000.0,
        "Diluted EPS": 0.12,
        "Basic EPS": 0.12,
        "Diluted NI Availto Com Stockholders": 13993000.0,
        "Net Income Common Stockholders": 13993000.0,
        "Net Income": 13993000.0,
        "Net Income Including Noncontrolling Interests": 13993000.0,
        "Net Income Continuous Operations": 13993000.0,
        "Tax Provision": 252000.0,
        "Pretax Income": 14245000.0,
        "Other Income Expense": -4873000.0,
        "Other Non Operating Income Expenses": 78000.0,
        "Special Income Charges": -4951000.0,
        "Other Special Charges": 3379000.0,
        "Write Off": 1290000.0,
        "Restructuring And Mergern Acquisition": 282000.0,
        "Net Non Operating Interest Income Expense": 4914000.0,
        "Total Other Finance Cost": -4914000.0,
        "Interest Income Non Operating": NaN,
        "Operating Income": 14204000.0,
        "Operating Expense": 51162000.0,
        "Other Operating Expenses": NaN,
        "Depreciation Amortization Depletion Income Statement": 17322000.0,
        "Depreciation And Amortization In Income Statement": 17322000.0,
        "Selling General And Administration": 33840000.0,
        "General And Administrative Expense": 33840000.0,
        "Other Gand A": 33840000.0,
        "Gross Profit": 65366000.0,
        "Cost Of Revenue": 193640000.0,
        "Total Revenue": 259006000.0,
        "Operating Revenue": 259006000.0
    },
    "2024-03-31": {
        "Tax Effect Of Unusual Items": -87585.257985,
        "Tax Rate For Calcs": 0.01769,
        "Normalized EBITDA": 36477000.0,
        "Total Unusual Items": -4951000.0,
        "Total Unusual Items Excluding Goodwill": -4951000.0,
        "Net Income From Continuing Operation Net Minority Interest": 13993000.0,
        "Reconciled Depreciation": 17322000.0,
        "Reconciled Cost Of Revenue": 193640000.0,
        "EBITDA": 31526000.0,
        "EBIT": 14204000.0,
        "Net Interest Income": 4914000.0,
        "Interest Income": NaN,
        "Normalized Income": 18856414.742015,
        "Net Income From Continuing And Discontinued Operation": 13993000.0,
        "Total Expenses": 244802000.0,
        "Rent Expense Supplemental": 20422000.0,
        "Total Operating Income As Reported": 9253000.0,
        "Diluted Average Shares": 117936000.0,
        "Basic Average Shares": 113972000.0,
        "Diluted EPS": 0.12,
        "Basic EPS": 0.12,
        "Diluted NI Availto Com Stockholders": 13993000.0,
        "Net Income Common Stockholders": 13993000.0,
        "Net Income": 13993000.0,
        "Net Income Including Noncontrolling Interests": 13993000.0,
        "Net Income Continuous Operations": 13993000.0,
        "Tax Provision": 252000.0,
        "Pretax Income": 14245000.0,
        "Other Income Expense": -4873000.0,
        "Other Non Operating Income Expenses": 78000.0,
        "Special Income Charges": -4951000.0,
        "Other Special Charges": 3379000.0,
        "Write Off": 1290000.0,
        "Restructuring And Mergern Acquisition": 282000.0,
        "Net Non Operating Interest Income Expense": 4914000.0,
        "Total Other Finance Cost": -4914000.0,
        "Interest Income Non Operating": NaN,
        "Operating Income": 14204000.0,
        "Operating Expense": 51162000.0,
        "Other Operating Expenses": NaN,
        "Depreciation Amortization Depletion Income Statement": 17322000.0,
        "Depreciation And Amortization In Income Statement": 17322000.0,
        "Selling General And Administration": 33840000.0,
        "General And Administrative Expense": 33840000.0,
        "Other Gand A": 33840000.0,
        "Gross Profit": 65366000.0,
        "Cost Of Revenue": 193640000.0,
        "Total Revenue": 259006000.0,
        "Operating Revenue": 259006000.0
    },
    "2024-06-30": {
        "Tax Effect Of Unusual Items": -60214.39984,
        "Tax Rate For Calcs": 0.01433,
        "Normalized EBITDA": 38281000.0,
        "Total Unusual Items": -4202000.0,
        "Total Unusual Items Excluding Goodwill": -4202000.0,
        "Net Income From Continuing Operation Net Minority Interest": 19741000.0,
        "Reconciled Depreciation": 13733000.0,
        "Reconciled Cost Of Revenue": 171135000.0,
        "EBITDA": 34079000.0,
        "EBIT": 20346000.0,
        "Net Interest Income": 3824000.0,
        "Interest Income": 3824000.0,
        "Normalized Income": 23882785.60016,
        "Net Income From Continuing And Discontinued Operation": 19741000.0,
        "Total Expenses": 213149000.0,
        "Rent Expense Supplemental": 15917000.0,
        "Total Operating Income As Reported": 16144000.0,
        "Diluted Average Shares": 118291000.0,
        "Basic Average Shares": 114130000.0,
        "Diluted EPS": 0.17,
        "Basic EPS": 0.17,
        "Diluted NI Availto Com Stockholders": 19741000.0,
        "Net Income Common Stockholders": 19741000.0,
        "Net Income": 19741000.0,
        "Net Income Including Noncontrolling Interests": 19741000.0,
        "Net Income Continuous Operations": 19741000.0,
        "Tax Provision": 287000.0,
        "Pretax Income": 20028000.0,
        "Other Income Expense": -4142000.0,
        "Other Non Operating Income Expenses": 60000.0,
        "Special Income Charges": -4202000.0,
        "Other Special Charges": 3302000.0,
        "Write Off": 830000.0,
        "Restructuring And Mergern Acquisition": 70000.0,
        "Net Non Operating Interest Income Expense": 3824000.0,
        "Total Other Finance Cost": NaN,
        "Interest Income Non Operating": 3824000.0,
        "Operating Income": 20346000.0,
        "Operating Expense": 42014000.0,
        "Other Operating Expenses": NaN,
        "Depreciation Amortization Depletion Income Statement": 13733000.0,
        "Depreciation And Amortization In Income Statement": 13733000.0,
        "Selling General And Administration": 28281000.0,
        "General And Administrative Expense": 28281000.0,
        "Other Gand A": 28281000.0,
        "Gross Profit": 62360000.0,
        "Cost Of Revenue": 171135000.0,
        "Total Revenue": 233495000.0,
        "Operating Revenue": 233495000.0
    },
    "2024-09-30": {
        "Tax Effect Of Unusual Items": -992040.0,
        "Tax Rate For Calcs": 0.21,
        "Normalized EBITDA": 37541000.0,
        "Total Unusual Items": -4724000.0,
        "Total Unusual Items Excluding Goodwill": -4724000.0,
        "Net Income From Continuing Operation Net Minority Interest": 17966000.0,
        "Reconciled Depreciation": 14325000.0,
        "Reconciled Cost Of Revenue": 181170000.0,
        "EBITDA": 32817000.0,
        "EBIT": 18492000.0,
        "Net Interest Income": 4091000.0,
        "Interest Income": 4091000.0,
        "Normalized Income": 21697960.0,
        "Net Income From Continuing And Discontinued Operation": 17966000.0,
        "Total Expenses": 225325000.0,
        "Rent Expense Supplemental": 16412000.0,
        "Total Operating Income As Reported": 13768000.0,
        "Diluted Average Shares": 118430000.0,
        "Basic Average Shares": 114434000.0,
        "Diluted EPS": 0.15,
        "Basic EPS": 0.16,
        "Diluted NI Availto Com Stockholders": 17966000.0,
        "Net Income Common Stockholders": 17966000.0,
        "Net Income": 17966000.0,
        "Net Income Including Noncontrolling Interests": 17966000.0,
        "Net Income Continuous Operations": 17966000.0,
        "Tax Provision": -57000.0,
        "Pretax Income": 17909000.0,
        "Other Income Expense": -4674000.0,
        "Other Non Operating Income Expenses": 50000.0,
        "Special Income Charges": -4724000.0,
        "Other Special Charges": 2819000.0,
        "Write Off": 1675000.0,
        "Restructuring And Mergern Acquisition": 230000.0,
        "Net Non Operating Interest Income Expense": 4091000.0,
        "Total Other Finance Cost": NaN,
        "Interest Income Non Operating": 4091000.0,
        "Operating Income": 18492000.0,
        "Operating Expense": 44155000.0,
        "Other Operating Expenses": NaN,
        "Depreciation Amortization Depletion Income Statement": 14325000.0,
        "Depreciation And Amortization In Income Statement": 14325000.0,
        "Selling General And Administration": 29830000.0,
        "General And Administrative Expense": 29830000.0,
        "Other Gand A": 29830000.0,
        "Gross Profit": 62647000.0,
        "Cost Of Revenue": 181170000.0,
        "Total Revenue": 243817000.0,
        "Operating Revenue": 243817000.0
    }
}