{
    "2023-03-31": {
        "Tax Effect Of Unusual Items": 0.0,
        "Tax Rate For Calcs": 0.0,
        "Normalized EBITDA": -24176000.0,
        "Net Income From Continuing Operation Net Minority Interest": -28778000.0,
        "Reconciled Depreciation": 199000.0,
        "EBITDA": -24176000.0,
        "EBIT": -24375000.0,
        "Net Interest Income": -2390000.0,
        "Interest Expense": 4403000.0,
        "Interest Income": 2013000.0,
        "Normalized Income": -28778000.0,
        "Net Income From Continuing And Discontinued Operation": -28778000.0,
        "Total Expenses": 26875000.0,
        "Total Operating Income As Reported": -26875000.0,
        "Diluted Average Shares": 97971081.0,
        "Basic Average Shares": 97971081.0,
        "Diluted EPS": -0.29,
        "Basic EPS": -0.29,
        "Diluted NI Availto Com Stockholders": -28778000.0,
        "Net Income Common Stockholders": -28778000.0,
        "Net Income": -28778000.0,
        "Net Income Including Noncontrolling Interests": -28778000.0,
        "Net Income Continuous Operations": -28778000.0,
        "Pretax Income": -28778000.0,
        "Other Income Expense": 487000.0,
        "Other Non Operating Income Expenses": 487000.0,
        "Net Non Operating Interest Income Expense": -2390000.0,
        "Interest Expense Non Operating": 4403000.0,
        "Interest Income Non Operating": 2013000.0,
        "Operating Income": -26875000.0,
        "Operating Expense": 26875000.0,
        "Research And Development": 18551000.0,
        "Selling General And Administration": 8324000.0,
        "General And Administrative Expense": 8324000.0,
        "Other Gand A": 8324000.0,
        "Total Revenue": 0.0,
        "Operating Revenue": 0.0
    },
    "2022-12-31": {
        "Tax Effect Of Unusual Items": 0.0,
        "Tax Rate For Calcs": 0.0,
        "Normalized EBITDA": -22373000.0,
        "Net Income From Continuing Operation Net Minority Interest": -26633000.0,
        "Reconciled Depreciation": 185000.0,
        "EBITDA": -22373000.0,
        "EBIT": -22558000.0,
        "Net Interest Income": -3156000.0,
        "Interest Expense": 4075000.0,
        "Interest Income": 919000.0,
        "Normalized Income": -26633000.0,
        "Net Income From Continuing And Discontinued Operation": -26633000.0,
        "Total Expenses": 23477000.0,
        "Total Operating Income As Reported": -23477000.0,
        "Diluted Average Shares": 87806063.0,
        "Basic Average Shares": 87806063.0,
        "Diluted EPS": -0.3,
        "Basic EPS": -0.3,
        "Diluted NI Availto Com Stockholders": -26633000.0,
        "Net Income Common Stockholders": -26633000.0,
        "Net Income": -26633000.0,
        "Net Income Including Noncontrolling Interests": -26633000.0,
        "Net Income Continuous Operations": -26633000.0,
        "Pretax Income": -26633000.0,
        "Other Income Expense": NaN,
        "Other Non Operating Income Expenses": NaN,
        "Net Non Operating Interest Income Expense": -3156000.0,
        "Interest Expense Non Operating": 4075000.0,
        "Interest Income Non Operating": 919000.0,
        "Operating Income": -23477000.0,
        "Operating Expense": 23477000.0,
        "Research And Development": 16230000.0,
        "Selling General And Administration": 7247000.0,
        "General And Administrative Expense": 7247000.0,
        "Other Gand A": 7247000.0,
        "Total Revenue": 0.0,
        "Operating Revenue": 0.0
    },
    "2022-09-30": {
        "Tax Effect Of Unusual Items": 0.0,
        "Tax Rate For Calcs": 0.0,
        "Normalized EBITDA": -20504000.0,
        "Net Income From Continuing Operation Net Minority Interest": -24505000.0,
        "Reconciled Depreciation": 182000.0,
        "EBITDA": -20504000.0,
        "EBIT": -20686000.0,
        "Net Interest Income": -3142000.0,
        "Interest Expense": 3819000.0,
        "Interest Income": 677000.0,
        "Normalized Income": -24505000.0,
        "Net Income From Continuing And Discontinued Operation": -24505000.0,
        "Total Expenses": 21363000.0,
        "Total Operating Income As Reported": -21363000.0,
        "Diluted Average Shares": 87804272.0,
        "Basic Average Shares": 87804272.0,
        "Diluted EPS": -0.28,
        "Basic EPS": -0.28,
        "Diluted NI Availto Com Stockholders": -24505000.0,
        "Net Income Common Stockholders": -24505000.0,
        "Net Income": -24505000.0,
        "Net Income Including Noncontrolling Interests": -24505000.0,
        "Net Income Continuous Operations": -24505000.0,
        "Pretax Income": -24505000.0,
        "Other Income Expense": NaN,
        "Other Non Operating Income Expenses": NaN,
        "Net Non Operating Interest Income Expense": -3142000.0,
        "Interest Expense Non Operating": 3819000.0,
        "Interest Income Non Operating": 677000.0,
        "Operating Income": -21363000.0,
        "Operating Expense": 21363000.0,
        "Research And Development": 15459000.0,
        "Selling General And Administration": 5904000.0,
        "General And Administrative Expense": 5904000.0,
        "Other Gand A": 5904000.0,
        "Total Revenue": 0.0,
        "Operating Revenue": 0.0
    },
    "2022-06-30": {
        "Tax Effect Of Unusual Items": 0.0,
        "Tax Rate For Calcs": 0.0,
        "Normalized EBITDA": -23272000.0,
        "Net Income From Continuing Operation Net Minority Interest": -27094000.0,
        "Reconciled Depreciation": 174000.0,
        "EBITDA": -23272000.0,
        "EBIT": -23446000.0,
        "Net Interest Income": -3327000.0,
        "Interest Expense": 3648000.0,
        "Interest Income": 321000.0,
        "Normalized Income": -27094000.0,
        "Net Income From Continuing And Discontinued Operation": -27094000.0,
        "Total Expenses": 23769000.0,
        "Total Operating Income As Reported": -23769000.0,
        "Diluted Average Shares": 87802939.0,
        "Basic Average Shares": 87802939.0,
        "Diluted EPS": -0.31,
        "Basic EPS": -0.31,
        "Diluted NI Availto Com Stockholders": -27094000.0,
        "Net Income Common Stockholders": -27094000.0,
        "Net Income": -27094000.0,
        "Net Income Including Noncontrolling Interests": -27094000.0,
        "Net Income Continuous Operations": -27094000.0,
        "Pretax Income": -27094000.0,
        "Other Income Expense": 2000.0,
        "Other Non Operating Income Expenses": 2000.0,
        "Net Non Operating Interest Income Expense": -3327000.0,
        "Interest Expense Non Operating": 3648000.0,
        "Interest Income Non Operating": 321000.0,
        "Operating Income": -23769000.0,
        "Operating Expense": 23769000.0,
        "Research And Development": 17891000.0,
        "Selling General And Administration": 5878000.0,
        "General And Administrative Expense": 5878000.0,
        "Other Gand A": 5878000.0,
        "Total Revenue": 0.0,
        "Operating Revenue": 0.0
    },
    "2022-03-31": {
        "Diluted EPS": -0.32,
        "Total Revenue": NaN,
        "Gross Profit": NaN,
        "Operating Income": -25,
        "EBIT": -24,
        "Net Income": -28
    },
    "2021-12-31": {
        "Diluted EPS": -0.35,
        "Total Revenue": NaN,
        "Gross Profit": NaN,
        "Operating Income": -25,
        "EBIT": -24,
        "Net Income": -27
    },
    "2021-09-30": {
        "Diluted EPS": -0.33,
        "Total Revenue": NaN,
        "Gross Profit": NaN,
        "Operating Income": -22,
        "EBIT": -22,
        "Net Income": -23
    },
    "2021-06-30": {
        "Diluted EPS": -0.34,
        "Total Revenue": NaN,
        "Gross Profit": NaN,
        "Operating Income": -23,
        "EBIT": -23,
        "Net Income": -23
    },
    "2021-03-31": {
        "Diluted EPS": -0.25,
        "Total Revenue": NaN,
        "Gross Profit": NaN,
        "Operating Income": -18,
        "EBIT": -17,
        "Net Income": -18
    },
    "2020-12-31": {
        "Diluted EPS": -0.22,
        "Total Revenue": NaN,
        "Gross Profit": NaN,
        "Operating Income": -16,
        "EBIT": -16,
        "Net Income": -16
    },
    "2020-09-30": {
        "Diluted EPS": -0.17,
        "Total Revenue": NaN,
        "Gross Profit": NaN,
        "Operating Income": -12,
        "EBIT": -11,
        "Net Income": -11
    },
    "2020-06-30": {
        "Diluted EPS": -0.16,
        "Total Revenue": NaN,
        "Gross Profit": NaN,
        "Operating Income": -11,
        "EBIT": -11,
        "Net Income": -11
    },
    "2020-03-31": {
        "Diluted EPS": -0.19,
        "Total Revenue": NaN,
        "Gross Profit": NaN,
        "Operating Income": -14,
        "EBIT": -14,
        "Net Income": -13
    },
    "2019-12-31": {
        "Diluted EPS": -0.43,
        "Total Revenue": NaN,
        "Gross Profit": NaN,
        "Operating Income": -31,
        "EBIT": -31,
        "Net Income": -29
    },
    "2019-09-30": {
        "Diluted EPS": -0.38,
        "Total Revenue": NaN,
        "Gross Profit": NaN,
        "Operating Income": -28,
        "EBIT": -28,
        "Net Income": -26
    },
    "2019-06-30": {
        "Diluted EPS": -0.35,
        "Total Revenue": NaN,
        "Gross Profit": NaN,
        "Operating Income": -26,
        "EBIT": -26,
        "Net Income": -24
    },
    "2019-03-31": {
        "Diluted EPS": -0.37,
        "Total Revenue": NaN,
        "Gross Profit": NaN,
        "Operating Income": -24,
        "EBIT": -25,
        "Net Income": -23
    },
    "2018-12-31": {
        "Diluted EPS": -0.3,
        "Total Revenue": NaN,
        "Gross Profit": NaN,
        "Operating Income": -21,
        "EBIT": -21,
        "Net Income": -19
    },
    "2018-09-30": {
        "Diluted EPS": -0.34,
        "Total Revenue": NaN,
        "Gross Profit": NaN,
        "Operating Income": -21,
        "EBIT": -22,
        "Net Income": -19
    },
    "2018-06-30": {
        "Diluted EPS": -0.3,
        "Total Revenue": NaN,
        "Gross Profit": NaN,
        "Operating Income": -18,
        "EBIT": -18,
        "Net Income": -18
    },
    "2018-03-31": {
        "Diluted EPS": -0.32,
        "Total Revenue": NaN,
        "Gross Profit": NaN,
        "Operating Income": -13,
        "EBIT": -13,
        "Net Income": -17
    },
    "2017-12-31": {
        "Diluted EPS": -0.07,
        "Total Revenue": 5,
        "Gross Profit": 5,
        "Operating Income": -4,
        "EBIT": -4,
        "Net Income": -5
    },
    "2017-09-30": {
        "Diluted EPS": -0.21,
        "Total Revenue": NaN,
        "Gross Profit": NaN,
        "Operating Income": -6,
        "EBIT": -6,
        "Net Income": -8
    },
    "2017-06-30": {
        "Diluted EPS": -0.31,
        "Total Revenue": NaN,
        "Gross Profit": NaN,
        "Operating Income": -8,
        "EBIT": -8,
        "Net Income": -9
    },
    "2017-03-31": {
        "Diluted EPS": -0.2,
        "Total Revenue": 5,
        "Gross Profit": 5,
        "Operating Income": -3,
        "EBIT": -3,
        "Net Income": -5
    },
    "2016-12-31": {
        "Diluted EPS": -0.3,
        "Total Revenue": NaN,
        "Gross Profit": NaN,
        "Operating Income": -7,
        "EBIT": -7,
        "Net Income": -7
    },
    "2016-09-30": {
        "Diluted EPS": -0.25,
        "Total Revenue": NaN,
        "Gross Profit": NaN,
        "Operating Income": -6,
        "EBIT": -6,
        "Net Income": -6
    },
    "2016-06-30": {
        "Diluted EPS": -0.3,
        "Total Revenue": NaN,
        "Gross Profit": NaN,
        "Operating Income": -6,
        "EBIT": -6,
        "Net Income": -7
    },
    "2016-03-31": {
        "Diluted EPS": -0.29,
        "Total Revenue": NaN,
        "Gross Profit": NaN,
        "Operating Income": -7,
        "EBIT": -7,
        "Net Income": -7
    },
    "2015-12-31": {
        "Diluted EPS": -0.03,
        "Total Revenue": NaN,
        "Gross Profit": NaN,
        "Operating Income": -6,
        "EBIT": -6,
        "Net Income": -6
    },
    "2015-09-30": {
        "Diluted EPS": -0.27,
        "Total Revenue": NaN,
        "Gross Profit": NaN,
        "Operating Income": -7,
        "EBIT": -7,
        "Net Income": -6
    },
    "2015-06-30": {
        "Diluted EPS": -0.09,
        "Total Revenue": NaN,
        "Gross Profit": NaN,
        "Operating Income": -7,
        "EBIT": -6,
        "Net Income": -1
    },
    "2015-03-31": {
        "Diluted EPS": -0.44,
        "Total Revenue": NaN,
        "Gross Profit": NaN,
        "Operating Income": -7,
        "EBIT": -7,
        "Net Income": -2
    },
    "2014-12-31": {
        "Diluted EPS": -0.63,
        "Total Revenue": NaN,
        "Gross Profit": NaN,
        "Operating Income": -8,
        "EBIT": -7,
        "Net Income": -13
    },
    "2014-09-30": {
        "Diluted EPS": -0.44,
        "Total Revenue": NaN,
        "Gross Profit": NaN,
        "Operating Income": -6,
        "EBIT": -5,
        "Net Income": -6
    },
    "2014-06-30": {
        "Diluted EPS": -0.56,
        "Total Revenue": NaN,
        "Gross Profit": NaN,
        "Operating Income": -6,
        "EBIT": -6,
        "Net Income": -3
    },
    "2014-03-31": {
        "Diluted EPS": -1.02,
        "Total Revenue": NaN,
        "Gross Profit": NaN,
        "Operating Income": -5,
        "EBIT": -5,
        "Net Income": -10
    },
    "2013-12-31": {
        "Diluted EPS": NaN,
        "Total Revenue": NaN,
        "Gross Profit": NaN,
        "Operating Income": -3,
        "EBIT": -3,
        "Net Income": 212
    },
    "2013-09-30": {
        "Diluted EPS": -1.79,
        "Total Revenue": NaN,
        "Gross Profit": NaN,
        "Operating Income": -1,
        "EBIT": -1,
        "Net Income": 43
    },
    "2013-06-30": {
        "Diluted EPS": -917.59,
        "Total Revenue": NaN,
        "Gross Profit": NaN,
        "Operating Income": -2,
        "EBIT": -2,
        "Net Income": -5
    },
    "2013-03-31": {
        "Diluted EPS": -985.06,
        "Total Revenue": NaN,
        "Gross Profit": NaN,
        "Operating Income": -2,
        "EBIT": -2,
        "Net Income": -6
    },
    "2012-12-31": {
        "Diluted EPS": 0.0,
        "Total Revenue": NaN,
        "Gross Profit": NaN,
        "Operating Income": NaN,
        "EBIT": NaN,
        "Net Income": NaN
    },
    "2012-09-30": {
        "Diluted EPS": -637.5,
        "Total Revenue": 3,
        "Gross Profit": 3,
        "Operating Income": 0,
        "EBIT": 0,
        "Net Income": -4
    },
    "2023-06-30": {
        "Tax Effect Of Unusual Items": 0.0,
        "Tax Rate For Calcs": 0.0,
        "Normalized EBITDA": 4021000.0,
        "Net Income From Continuing Operation Net Minority Interest": -808000.0,
        "Reconciled Depreciation": 211000.0,
        "EBITDA": 4021000.0,
        "EBIT": 3810000.0,
        "Net Interest Income": -1991000.0,
        "Interest Expense": 4618000.0,
        "Interest Income": 2627000.0,
        "Normalized Income": -808000.0,
        "Net Income From Continuing And Discontinued Operation": -808000.0,
        "Total Expenses": 31115000.0,
        "Total Operating Income As Reported": -99000.0,
        "Diluted Average Shares": 102150390.0,
        "Basic Average Shares": 102150390.0,
        "Diluted EPS": -0.01,
        "Basic EPS": -0.01,
        "Diluted NI Availto Com Stockholders": -808000.0,
        "Net Income Common Stockholders": -808000.0,
        "Net Income": -808000.0,
        "Net Income Including Noncontrolling Interests": -808000.0,
        "Net Income Continuous Operations": -808000.0,
        "Pretax Income": -808000.0,
        "Other Income Expense": 1282000.0,
        "Other Non Operating Income Expenses": 1282000.0,
        "Net Non Operating Interest Income Expense": -1991000.0,
        "Interest Expense Non Operating": 4618000.0,
        "Interest Income Non Operating": 2627000.0,
        "Operating Income": -99000.0,
        "Operating Expense": 31115000.0,
        "Research And Development": 19537000.0,
        "Selling General And Administration": 11578000.0,
        "General And Administrative Expense": 11578000.0,
        "Other Gand A": 11578000.0,
        "Total Revenue": 31016000.0,
        "Operating Revenue": 31016000.0
    },
    "2023-09-30": {
        "Tax Effect Of Unusual Items": 0.0,
        "Tax Rate For Calcs": 0.0,
        "Normalized EBITDA": -28824000.0,
        "Net Income From Continuing Operation Net Minority Interest": -33882000.0,
        "Reconciled Depreciation": 215000.0,
        "EBITDA": -28824000.0,
        "EBIT": -29039000.0,
        "Net Interest Income": -1673000.0,
        "Interest Expense": 4843000.0,
        "Interest Income": 3170000.0,
        "Normalized Income": -33882000.0,
        "Net Income From Continuing And Discontinued Operation": -33882000.0,
        "Total Expenses": 32207000.0,
        "Total Operating Income As Reported": -32207000.0,
        "Diluted Average Shares": 105717996.0,
        "Basic Average Shares": 105717996.0,
        "Diluted EPS": -0.32,
        "Basic EPS": -0.32,
        "Diluted NI Availto Com Stockholders": -33882000.0,
        "Net Income Common Stockholders": -33882000.0,
        "Net Income": -33882000.0,
        "Net Income Including Noncontrolling Interests": -33882000.0,
        "Net Income Continuous Operations": -33882000.0,
        "Pretax Income": -33882000.0,
        "Other Income Expense": -2000.0,
        "Other Non Operating Income Expenses": -2000.0,
        "Net Non Operating Interest Income Expense": -1673000.0,
        "Interest Expense Non Operating": 4843000.0,
        "Interest Income Non Operating": 3170000.0,
        "Operating Income": -32207000.0,
        "Operating Expense": 32207000.0,
        "Research And Development": 19962000.0,
        "Selling General And Administration": 12245000.0,
        "General And Administrative Expense": 12245000.0,
        "Other Gand A": 12245000.0,
        "Total Revenue": 0.0,
        "Operating Revenue": 0.0
    }
}