{
    "2023-06-30": {
        "Tax Effect Of Unusual Items": 0.0,
        "Tax Rate For Calcs": 0.174807,
        "Normalized EBITDA": 234000000.0,
        "Total Unusual Items": NaN,
        "Total Unusual Items Excluding Goodwill": NaN,
        "Net Income From Continuing Operation Net Minority Interest": -394000000.0,
        "Reconciled Depreciation": 285000000.0,
        "Reconciled Cost Of Revenue": 3542000000.0,
        "EBITDA": 234000000.0,
        "EBIT": -51000000.0,
        "Net Interest Income": -338000000.0,
        "Interest Expense": 338000000.0,
        "Interest Income": NaN,
        "Normalized Income": -394000000.0,
        "Net Income From Continuing And Discontinued Operation": -425000000.0,
        "Total Expenses": 4779000000.0,
        "Total Operating Income As Reported": -1233000000.0,
        "Diluted Average Shares": 269979000.0,
        "Basic Average Shares": 269979000.0,
        "Diluted EPS": -1.574197,
        "Basic EPS": -1.574197,
        "Diluted NI Availto Com Stockholders": -425000000.0,
        "Net Income Common Stockholders": -425000000.0,
        "Net Income": -425000000.0,
        "Minority Interests": -73000000.0,
        "Net Income Including Noncontrolling Interests": -352000000.0,
        "Net Income Discontinuous Operations": -31000000.0,
        "Net Income Continuous Operations": -321000000.0,
        "Tax Provision": -68000000.0,
        "Pretax Income": -389000000.0,
        "Other Income Expense": -27000000.0,
        "Special Income Charges": NaN,
        "Gain On Sale Of Ppe": NaN,
        "Restructuring And Mergern Acquisition": NaN,
        "Earnings From Equity Interest": -27000000.0,
        "Gain On Sale Of Security": NaN,
        "Net Non Operating Interest Income Expense": -338000000.0,
        "Total Other Finance Cost": NaN,
        "Interest Expense Non Operating": 338000000.0,
        "Interest Income Non Operating": NaN,
        "Operating Income": -24000000.0,
        "Operating Expense": 1206000000.0,
        "Other Operating Expenses": 26000000.0,
        "Other Taxes": NaN,
        "Depreciation Amortization Depletion Income Statement": 254000000.0,
        "Depreciation And Amortization In Income Statement": 254000000.0,
        "Selling General And Administration": 926000000.0,
        "Selling And Marketing Expense": 793000000.0,
        "General And Administrative Expense": 133000000.0,
        "Other Gand A": 133000000.0,
        "Gross Profit": 1182000000.0,
        "Cost Of Revenue": 3573000000.0,
        "Total Revenue": 4755000000.0,
        "Excise Taxes": NaN,
        "Operating Revenue": 4755000000.0
    },
    "2023-03-31": {
        "Tax Effect Of Unusual Items": -558352.402746,
        "Tax Rate For Calcs": 0.279176,
        "Normalized EBITDA": 198000000.0,
        "Total Unusual Items": -2000000.0,
        "Total Unusual Items Excluding Goodwill": -2000000.0,
        "Net Income From Continuing Operation Net Minority Interest": -368000000.0,
        "Reconciled Depreciation": 280000000.0,
        "Reconciled Cost Of Revenue": 3370000000.0,
        "EBITDA": 196000000.0,
        "EBIT": -84000000.0,
        "Net Interest Income": -330000000.0,
        "Interest Expense": 353000000.0,
        "Interest Income": 90000000.0,
        "Normalized Income": -366558352.402746,
        "Net Income From Continuing And Discontinued Operation": -248000000.0,
        "Total Expenses": 4565000000.0,
        "Total Operating Income As Reported": NaN,
        "Diluted Average Shares": 269979380.0,
        "Basic Average Shares": 269979380.0,
        "Diluted EPS": -0.918589,
        "Basic EPS": -0.918589,
        "Diluted NI Availto Com Stockholders": -248000000.0,
        "Net Income Common Stockholders": -248000000.0,
        "Net Income": -248000000.0,
        "Minority Interests": -53000000.0,
        "Net Income Including Noncontrolling Interests": -195000000.0,
        "Net Income Discontinuous Operations": 120000000.0,
        "Net Income Continuous Operations": -315000000.0,
        "Tax Provision": -122000000.0,
        "Pretax Income": -437000000.0,
        "Other Income Expense": -39000000.0,
        "Special Income Charges": -34000000.0,
        "Gain On Sale Of Ppe": -10000000.0,
        "Restructuring And Mergern Acquisition": 24000000.0,
        "Earnings From Equity Interest": -37000000.0,
        "Gain On Sale Of Security": -2000000.0,
        "Net Non Operating Interest Income Expense": -330000000.0,
        "Total Other Finance Cost": 67000000.0,
        "Interest Expense Non Operating": 353000000.0,
        "Interest Income Non Operating": 90000000.0,
        "Operating Income": -69000000.0,
        "Operating Expense": 1165000000.0,
        "Other Operating Expenses": 51000000.0,
        "Other Taxes": 16000000.0,
        "Depreciation Amortization Depletion Income Statement": 250000000.0,
        "Depreciation And Amortization In Income Statement": 250000000.0,
        "Selling General And Administration": 864000000.0,
        "Selling And Marketing Expense": 733000000.0,
        "General And Administrative Expense": 131000000.0,
        "Other Gand A": 131000000.0,
        "Gross Profit": 1096000000.0,
        "Cost Of Revenue": 3400000000.0,
        "Total Revenue": 4496000000.0,
        "Excise Taxes": 340000000.0,
        "Operating Revenue": 4496000000.0
    },
    "2022-12-31": {
        "Tax Effect Of Unusual Items": -65676367.869616,
        "Tax Rate For Calcs": 0.381839,
        "Normalized EBITDA": -120000000.0,
        "Total Unusual Items": -172000000.0,
        "Total Unusual Items Excluding Goodwill": -172000000.0,
        "Net Income From Continuing Operation Net Minority Interest": -572000000.0,
        "Reconciled Depreciation": 466000000.0,
        "Reconciled Cost Of Revenue": -9806000000.0,
        "EBITDA": -292000000.0,
        "EBIT": -758000000.0,
        "Net Interest Income": 211000000.0,
        "Interest Expense": 101000000.0,
        "Interest Income": -3000000.0,
        "Normalized Income": -465676367.869616,
        "Net Income From Continuing And Discontinued Operation": -1102000000.0,
        "Total Expenses": -12427000000.0,
        "Total Operating Income As Reported": 6920000000.0,
        "Diluted Average Shares": NaN,
        "Basic Average Shares": NaN,
        "Diluted EPS": NaN,
        "Basic EPS": NaN,
        "Diluted NI Availto Com Stockholders": -1102000000.0,
        "Net Income Common Stockholders": -1102000000.0,
        "Net Income": -1102000000.0,
        "Minority Interests": -41000000.0,
        "Net Income Including Noncontrolling Interests": -1061000000.0,
        "Net Income Discontinuous Operations": -530000000.0,
        "Net Income Continuous Operations": -531000000.0,
        "Tax Provision": -328000000.0,
        "Pretax Income": -859000000.0,
        "Other Income Expense": -182000000.0,
        "Special Income Charges": -198000000.0,
        "Gain On Sale Of Ppe": NaN,
        "Restructuring And Mergern Acquisition": 175000000.0,
        "Earnings From Equity Interest": -10000000.0,
        "Gain On Sale Of Security": 26000000.0,
        "Net Non Operating Interest Income Expense": 211000000.0,
        "Total Other Finance Cost": -316000000.0,
        "Interest Expense Non Operating": 101000000.0,
        "Interest Income Non Operating": -3000000.0,
        "Operating Income": -888000000.0,
        "Operating Expense": -2621000000.0,
        "Other Operating Expenses": 0.0,
        "Other Taxes": 116000000.0,
        "Depreciation Amortization Depletion Income Statement": -286000000.0,
        "Depreciation And Amortization In Income Statement": -286000000.0,
        "Selling General And Administration": -2451000000.0,
        "Selling And Marketing Expense": -1805000000.0,
        "General And Administrative Expense": -646000000.0,
        "Other Gand A": -646000000.0,
        "Gross Profit": -3509000000.0,
        "Cost Of Revenue": -9806000000.0,
        "Total Revenue": -13315000000.0,
        "Excise Taxes": -1880000000.0,
        "Operating Revenue": -15259000000.0
    },
    "2022-09-30": {
        "Tax Effect Of Unusual Items": 0.0,
        "Tax Rate For Calcs": 0.150838,
        "Normalized EBITDA": 611000000.0,
        "Total Unusual Items": -19000000.0,
        "Total Unusual Items Excluding Goodwill": -19000000.0,
        "Net Income From Continuing Operation Net Minority Interest": -204000000.0,
        "Reconciled Depreciation": 478000000.0,
        "Reconciled Cost Of Revenue": 7797000000.0,
        "EBITDA": 611000000.0,
        "EBIT": 133000000.0,
        "Net Interest Income": -312000000.0,
        "Interest Expense": 312000000.0,
        "Interest Income": 235000000.0,
        "Normalized Income": -204000000.0,
        "Net Income From Continuing And Discontinued Operation": -296000000.0,
        "Total Expenses": 10266000000.0,
        "Total Operating Income As Reported": -2462000000.0,
        "Diluted Average Shares": 269476821.0,
        "Basic Average Shares": 269476821.0,
        "Diluted EPS": -1.098425,
        "Basic EPS": -1.098425,
        "Diluted NI Availto Com Stockholders": -296000000.0,
        "Net Income Common Stockholders": -296000000.0,
        "Net Income": -296000000.0,
        "Minority Interests": -52000000.0,
        "Net Income Including Noncontrolling Interests": -244000000.0,
        "Net Income Discontinuous Operations": -92000000.0,
        "Net Income Continuous Operations": -152000000.0,
        "Tax Provision": -27000000.0,
        "Pretax Income": -179000000.0,
        "Other Income Expense": -52000000.0,
        "Special Income Charges": NaN,
        "Gain On Sale Of Ppe": NaN,
        "Restructuring And Mergern Acquisition": NaN,
        "Earnings From Equity Interest": -52000000.0,
        "Gain On Sale Of Security": -19000000.0,
        "Net Non Operating Interest Income Expense": -312000000.0,
        "Total Other Finance Cost": 94000000.0,
        "Interest Expense Non Operating": 312000000.0,
        "Interest Income Non Operating": 235000000.0,
        "Operating Income": 185000000.0,
        "Operating Expense": 2410000000.0,
        "Other Operating Expenses": 57000000.0,
        "Other Taxes": NaN,
        "Depreciation Amortization Depletion Income Statement": 419000000.0,
        "Depreciation And Amortization In Income Statement": 419000000.0,
        "Selling General And Administration": 1934000000.0,
        "Selling And Marketing Expense": 1518000000.0,
        "General And Administrative Expense": 416000000.0,
        "Other Gand A": 416000000.0,
        "Gross Profit": 2595000000.0,
        "Cost Of Revenue": 7856000000.0,
        "Total Revenue": 10451000000.0,
        "Excise Taxes": NaN,
        "Operating Revenue": 10451000000.0
    },
    "2022-06-30": {
        "Tax Effect Of Unusual Items": 0.0,
        "Tax Rate For Calcs": 0.38,
        "Normalized EBITDA": 692000000.0,
        "Total Unusual Items": NaN,
        "Total Unusual Items Excluding Goodwill": NaN,
        "Net Income From Continuing Operation Net Minority Interest": -142000000.0,
        "Reconciled Depreciation": 470000000.0,
        "Reconciled Cost Of Revenue": 7427000000.0,
        "EBITDA": 692000000.0,
        "EBIT": 222000000.0,
        "Net Interest Income": -372000000.0,
        "Interest Expense": 372000000.0,
        "Interest Income": NaN,
        "Normalized Income": -142000000.0,
        "Net Income From Continuing And Discontinued Operation": -173000000.0,
        "Total Expenses": 9837000000.0,
        "Total Operating Income As Reported": -2386000000.0,
        "Diluted Average Shares": 269226129.0,
        "Basic Average Shares": 269226129.0,
        "Diluted EPS": -0.642583,
        "Basic EPS": -0.642583,
        "Diluted NI Availto Com Stockholders": -173000000.0,
        "Net Income Common Stockholders": -173000000.0,
        "Net Income": -173000000.0,
        "Minority Interests": -49000000.0,
        "Net Income Including Noncontrolling Interests": -124000000.0,
        "Net Income Discontinuous Operations": -31000000.0,
        "Net Income Continuous Operations": -93000000.0,
        "Tax Provision": -57000000.0,
        "Pretax Income": -150000000.0,
        "Other Income Expense": -57000000.0,
        "Special Income Charges": NaN,
        "Gain On Sale Of Ppe": NaN,
        "Restructuring And Mergern Acquisition": NaN,
        "Earnings From Equity Interest": -57000000.0,
        "Gain On Sale Of Security": NaN,
        "Net Non Operating Interest Income Expense": -372000000.0,
        "Total Other Finance Cost": NaN,
        "Interest Expense Non Operating": 372000000.0,
        "Interest Income Non Operating": NaN,
        "Operating Income": 279000000.0,
        "Operating Expense": 2329000000.0,
        "Other Operating Expenses": 40000000.0,
        "Other Taxes": NaN,
        "Depreciation Amortization Depletion Income Statement": 389000000.0,
        "Depreciation And Amortization In Income Statement": 389000000.0,
        "Selling General And Administration": 1900000000.0,
        "Selling And Marketing Expense": 1492000000.0,
        "General And Administrative Expense": 408000000.0,
        "Other Gand A": 408000000.0,
        "Gross Profit": 2608000000.0,
        "Cost Of Revenue": 7508000000.0,
        "Total Revenue": 10116000000.0,
        "Excise Taxes": NaN,
        "Operating Revenue": 10116000000.0
    },
    "2022-03-31": {
        "Diluted EPS": 0.99,
        "Total Revenue": NaN,
        "Gross Profit": 499,
        "Operating Income": 50,
        "EBIT": 144,
        "Net Income": 268
    },
    "2021-12-31": {
        "Diluted EPS": 0.54,
        "Total Revenue": NaN,
        "Gross Profit": 669,
        "Operating Income": 168,
        "EBIT": 250,
        "Net Income": 145
    },
    "2021-09-30": {
        "Diluted EPS": -0.06,
        "Total Revenue": NaN,
        "Gross Profit": 568,
        "Operating Income": 24,
        "EBIT": 129,
        "Net Income": -17
    },
    "2021-06-30": {
        "Diluted EPS": 0.0,
        "Total Revenue": NaN,
        "Gross Profit": 569,
        "Operating Income": 57,
        "EBIT": 162,
        "Net Income": 1
    },
    "2021-03-31": {
        "Diluted EPS": 0.08,
        "Total Revenue": NaN,
        "Gross Profit": 594,
        "Operating Income": 73,
        "EBIT": 174,
        "Net Income": 20
    },
    "2020-12-31": {
        "Diluted EPS": 1.19,
        "Total Revenue": NaN,
        "Gross Profit": 29,
        "Operating Income": 76,
        "EBIT": 221,
        "Net Income": 318
    },
    "2020-09-30": {
        "Diluted EPS": 0.26,
        "Total Revenue": NaN,
        "Gross Profit": 858,
        "Operating Income": 164,
        "EBIT": 287,
        "Net Income": 72
    },
    "2020-06-30": {
        "Diluted EPS": 0.23,
        "Total Revenue": NaN,
        "Gross Profit": 841,
        "Operating Income": 165,
        "EBIT": 258,
        "Net Income": 62
    },
    "2020-03-31": {
        "Diluted EPS": -0.11,
        "Total Revenue": NaN,
        "Gross Profit": 939,
        "Operating Income": 86,
        "EBIT": 222,
        "Net Income": -29
    },
    "2019-12-31": {
        "Diluted EPS": 0.07,
        "Total Revenue": NaN,
        "Gross Profit": 900,
        "Operating Income": 153,
        "EBIT": 267,
        "Net Income": 7
    },
    "2019-09-30": {
        "Diluted EPS": 0.15,
        "Total Revenue": NaN,
        "Gross Profit": 727,
        "Operating Income": 111,
        "EBIT": 205,
        "Net Income": 42
    },
    "2019-06-30": {
        "Diluted EPS": 0.39,
        "Total Revenue": NaN,
        "Gross Profit": 719,
        "Operating Income": 108,
        "EBIT": 198,
        "Net Income": 110
    },
    "2019-03-31": {
        "Diluted EPS": 0.15,
        "Total Revenue": NaN,
        "Gross Profit": 742,
        "Operating Income": 126,
        "EBIT": 223,
        "Net Income": 41
    },
    "2018-12-31": {
        "Diluted EPS": 0.39,
        "Total Revenue": NaN,
        "Gross Profit": 825,
        "Operating Income": 176,
        "EBIT": 251,
        "Net Income": 109
    },
    "2018-09-30": {
        "Diluted EPS": 0.13,
        "Total Revenue": NaN,
        "Gross Profit": 689,
        "Operating Income": 102,
        "EBIT": 146,
        "Net Income": 38
    },
    "2018-06-30": {
        "Diluted EPS": 0.47,
        "Total Revenue": NaN,
        "Gross Profit": 862,
        "Operating Income": 212,
        "EBIT": 267,
        "Net Income": 133
    },
    "2018-03-31": {
        "Diluted EPS": 0.16,
        "Total Revenue": NaN,
        "Gross Profit": 785,
        "Operating Income": 97,
        "EBIT": 166,
        "Net Income": 46
    },
    "2017-12-31": {
        "Diluted EPS": 0.37,
        "Total Revenue": NaN,
        "Gross Profit": 955,
        "Operating Income": 179,
        "EBIT": 246,
        "Net Income": 93
    },
    "2017-09-30": {
        "Diluted EPS": 0.04,
        "Total Revenue": NaN,
        "Gross Profit": 752,
        "Operating Income": 64,
        "EBIT": 132,
        "Net Income": 10
    },
    "2017-06-30": {
        "Diluted EPS": 0.18,
        "Total Revenue": NaN,
        "Gross Profit": 893,
        "Operating Income": 146,
        "EBIT": 208,
        "Net Income": 51
    },
    "2017-03-31": {
        "Diluted EPS": 0.14,
        "Total Revenue": NaN,
        "Gross Profit": 752,
        "Operating Income": 102,
        "EBIT": 166,
        "Net Income": 40
    },
    "2016-09-30": {
        "Diluted EPS": -0.14,
        "Total Revenue": NaN,
        "Gross Profit": NaN,
        "Operating Income": 72,
        "EBIT": 168,
        "Net Income": -37
    },
    "2016-06-30": {
        "Diluted EPS": 0.07,
        "Total Revenue": NaN,
        "Gross Profit": NaN,
        "Operating Income": 107,
        "EBIT": 107,
        "Net Income": 19
    },
    "2015-03-31": {
        "Diluted EPS": 0.24,
        "Total Revenue": NaN,
        "Gross Profit": NaN,
        "Operating Income": 232,
        "EBIT": 325,
        "Net Income": 68
    },
    "2014-12-31": {
        "Diluted EPS": 0.95,
        "Total Revenue": NaN,
        "Gross Profit": NaN,
        "Operating Income": 21,
        "EBIT": 124,
        "Net Income": 250
    },
    "2014-09-30": {
        "Diluted EPS": 0.46,
        "Total Revenue": NaN,
        "Gross Profit": NaN,
        "Operating Income": 310,
        "EBIT": 604,
        "Net Income": 122
    },
    "2014-06-30": {
        "Diluted EPS": 0.45,
        "Total Revenue": NaN,
        "Gross Profit": NaN,
        "Operating Income": 421,
        "EBIT": 329,
        "Net Income": 119
    },
    "2014-03-31": {
        "Diluted EPS": 0.41,
        "Total Revenue": NaN,
        "Gross Profit": NaN,
        "Operating Income": 682,
        "EBIT": 774,
        "Net Income": 109
    },
    "2013-12-31": {
        "Diluted EPS": 0.66,
        "Total Revenue": NaN,
        "Gross Profit": NaN,
        "Operating Income": 139,
        "EBIT": 259,
        "Net Income": 210
    },
    "2013-09-30": {
        "Diluted EPS": 0.49,
        "Total Revenue": NaN,
        "Gross Profit": NaN,
        "Operating Income": 636,
        "EBIT": 713,
        "Net Income": 129
    },
    "2013-06-30": {
        "Diluted EPS": 0.07,
        "Total Revenue": NaN,
        "Gross Profit": NaN,
        "Operating Income": -296,
        "EBIT": -196,
        "Net Income": 19
    },
    "2013-03-31": {
        "Diluted EPS": 0.45,
        "Total Revenue": NaN,
        "Gross Profit": NaN,
        "Operating Income": 321,
        "EBIT": 428,
        "Net Income": 119
    },
    "2012-12-31": {
        "Diluted EPS": 0.85,
        "Total Revenue": NaN,
        "Gross Profit": NaN,
        "Operating Income": 798,
        "EBIT": 922,
        "Net Income": 224
    },
    "2012-09-30": {
        "Diluted EPS": 0.68,
        "Total Revenue": NaN,
        "Gross Profit": NaN,
        "Operating Income": 268,
        "EBIT": 372,
        "Net Income": 93
    },
    "2012-06-30": {
        "Diluted EPS": 0.47,
        "Total Revenue": NaN,
        "Gross Profit": NaN,
        "Operating Income": 41,
        "EBIT": 132,
        "Net Income": 125
    },
    "2012-03-31": {
        "Diluted EPS": 0.36,
        "Total Revenue": NaN,
        "Gross Profit": NaN,
        "Operating Income": 327,
        "EBIT": 436,
        "Net Income": 95
    },
    "2011-12-31": {
        "Diluted EPS": 0.8,
        "Total Revenue": NaN,
        "Gross Profit": NaN,
        "Operating Income": 691,
        "EBIT": 815,
        "Net Income": 208
    },
    "2011-09-30": {
        "Diluted EPS": 0.32,
        "Total Revenue": NaN,
        "Gross Profit": NaN,
        "Operating Income": 208,
        "EBIT": 314,
        "Net Income": 82
    },
    "2011-06-30": {
        "Diluted EPS": 0.22,
        "Total Revenue": NaN,
        "Gross Profit": NaN,
        "Operating Income": 263,
        "EBIT": 361,
        "Net Income": 57
    },
    "2011-03-31": {
        "Diluted EPS": 0.26,
        "Total Revenue": NaN,
        "Gross Profit": NaN,
        "Operating Income": 248,
        "EBIT": 343,
        "Net Income": 67
    },
    "2010-12-31": {
        "Diluted EPS": 2.06,
        "Total Revenue": NaN,
        "Gross Profit": NaN,
        "Operating Income": 503,
        "EBIT": 536,
        "Net Income": 264
    },
    "2010-09-30": {
        "Diluted EPS": 0.26,
        "Total Revenue": NaN,
        "Gross Profit": -965,
        "Operating Income": NaN,
        "EBIT": NaN,
        "Net Income": 66
    },
    "2010-06-30": {
        "Diluted EPS": 0.14,
        "Total Revenue": NaN,
        "Gross Profit": 920,
        "Operating Income": 135,
        "EBIT": 207,
        "Net Income": 35
    },
    "2010-03-31": {
        "Diluted EPS": 0.28,
        "Total Revenue": NaN,
        "Gross Profit": 935,
        "Operating Income": 157,
        "EBIT": 226,
        "Net Income": 70
    },
    "2009-12-31": {
        "Diluted EPS": 0.56,
        "Total Revenue": NaN,
        "Gross Profit": NaN,
        "Operating Income": 398,
        "EBIT": 449,
        "Net Income": 141
    },
    "2009-09-30": {
        "Diluted EPS": 0.4,
        "Total Revenue": NaN,
        "Gross Profit": -448,
        "Operating Income": NaN,
        "EBIT": NaN,
        "Net Income": 100
    },
    "2009-06-30": {
        "Diluted EPS": 0.3,
        "Total Revenue": NaN,
        "Gross Profit": 906,
        "Operating Income": 409,
        "EBIT": 465,
        "Net Income": 71
    },
    "2009-03-31": {
        "Diluted EPS": 0.1,
        "Total Revenue": NaN,
        "Gross Profit": 751,
        "Operating Income": 329,
        "EBIT": 376,
        "Net Income": 46
    },
    "2023-09-30": {
        "Tax Effect Of Unusual Items": 0.0,
        "Tax Rate For Calcs": 0.34,
        "Normalized EBITDA": 1088000000.0,
        "Total Unusual Items": NaN,
        "Total Unusual Items Excluding Goodwill": NaN,
        "Net Income From Continuing Operation Net Minority Interest": 799000000.0,
        "Reconciled Depreciation": 285000000.0,
        "Reconciled Cost Of Revenue": 3522000000.0,
        "EBITDA": 1088000000.0,
        "EBIT": 803000000.0,
        "Net Interest Income": -170000000.0,
        "Interest Expense": 170000000.0,
        "Interest Income": NaN,
        "Normalized Income": 799000000.0,
        "Net Income From Continuing And Discontinued Operation": -1295000000.0,
        "Total Expenses": 4756000000.0,
        "Total Operating Income As Reported": -388000000.0,
        "Diluted Average Shares": 269979380.0,
        "Basic Average Shares": 269979380.0,
        "Diluted EPS": -4.796663,
        "Basic EPS": -4.796663,
        "Diluted NI Availto Com Stockholders": -1295000000.0,
        "Net Income Common Stockholders": -1295000000.0,
        "Net Income": -1295000000.0,
        "Minority Interests": -9000000.0,
        "Net Income Including Noncontrolling Interests": -1286000000.0,
        "Net Income Discontinuous Operations": -2094000000.0,
        "Net Income Continuous Operations": 808000000.0,
        "Tax Provision": -175000000.0,
        "Pretax Income": 633000000.0,
        "Other Income Expense": 817000000.0,
        "Special Income Charges": NaN,
        "Gain On Sale Of Ppe": NaN,
        "Restructuring And Mergern Acquisition": NaN,
        "Earnings From Equity Interest": 817000000.0,
        "Gain On Sale Of Security": NaN,
        "Net Non Operating Interest Income Expense": -170000000.0,
        "Total Other Finance Cost": NaN,
        "Interest Expense Non Operating": 170000000.0,
        "Interest Income Non Operating": NaN,
        "Operating Income": -14000000.0,
        "Operating Expense": 1205000000.0,
        "Other Operating Expenses": 49000000.0,
        "Other Taxes": NaN,
        "Depreciation Amortization Depletion Income Statement": 256000000.0,
        "Depreciation And Amortization In Income Statement": 256000000.0,
        "Selling General And Administration": 900000000.0,
        "Selling And Marketing Expense": 744000000.0,
        "General And Administrative Expense": 156000000.0,
        "Other Gand A": 156000000.0,
        "Gross Profit": 1191000000.0,
        "Cost Of Revenue": 3551000000.0,
        "Total Revenue": 4742000000.0,
        "Excise Taxes": NaN,
        "Operating Revenue": 4742000000.0
    },
    "2023-12-31": {
        "Tax Effect Of Unusual Items": NaN,
        "Tax Rate For Calcs": NaN,
        "Normalized EBITDA": NaN,
        "Total Unusual Items": NaN,
        "Total Unusual Items Excluding Goodwill": NaN,
        "Net Income From Continuing Operation Net Minority Interest": NaN,
        "Reconciled Depreciation": NaN,
        "Reconciled Cost Of Revenue": NaN,
        "EBITDA": NaN,
        "EBIT": NaN,
        "Net Interest Income": NaN,
        "Interest Expense": NaN,
        "Interest Income": NaN,
        "Normalized Income": NaN,
        "Net Income From Continuing And Discontinued Operation": NaN,
        "Total Expenses": NaN,
        "Total Operating Income As Reported": NaN,
        "Diluted Average Shares": 269979380.0,
        "Basic Average Shares": 269979380.0,
        "Diluted EPS": -1.122308,
        "Basic EPS": -1.122308,
        "Diluted NI Availto Com Stockholders": NaN,
        "Net Income Common Stockholders": NaN,
        "Net Income": NaN,
        "Minority Interests": NaN,
        "Net Income Including Noncontrolling Interests": NaN,
        "Net Income Discontinuous Operations": NaN,
        "Net Income Continuous Operations": NaN,
        "Tax Provision": NaN,
        "Pretax Income": NaN,
        "Other Income Expense": NaN,
        "Special Income Charges": NaN,
        "Gain On Sale Of Ppe": NaN,
        "Restructuring And Mergern Acquisition": NaN,
        "Earnings From Equity Interest": NaN,
        "Gain On Sale Of Security": NaN,
        "Net Non Operating Interest Income Expense": NaN,
        "Total Other Finance Cost": NaN,
        "Interest Expense Non Operating": NaN,
        "Interest Income Non Operating": NaN,
        "Operating Income": NaN,
        "Operating Expense": NaN,
        "Other Operating Expenses": NaN,
        "Other Taxes": NaN,
        "Depreciation Amortization Depletion Income Statement": NaN,
        "Depreciation And Amortization In Income Statement": NaN,
        "Selling General And Administration": NaN,
        "Selling And Marketing Expense": NaN,
        "General And Administrative Expense": NaN,
        "Other Gand A": NaN,
        "Gross Profit": NaN,
        "Cost Of Revenue": NaN,
        "Total Revenue": NaN,
        "Excise Taxes": NaN,
        "Operating Revenue": NaN
    }
}