{
    "2023-03-31": {
        "Tax Effect Of Unusual Items": NaN,
        "Tax Rate For Calcs": NaN,
        "Normalized EBITDA": NaN,
        "Total Unusual Items": NaN,
        "Total Unusual Items Excluding Goodwill": NaN,
        "Net Income From Continuing Operation Net Minority Interest": NaN,
        "Reconciled Depreciation": NaN,
        "Reconciled Cost Of Revenue": NaN,
        "EBITDA": NaN,
        "EBIT": NaN,
        "Net Interest Income": NaN,
        "Interest Expense": NaN,
        "Interest Income": NaN,
        "Normalized Income": NaN,
        "Net Income From Continuing And Discontinued Operation": NaN,
        "Total Expenses": NaN,
        "Total Operating Income As Reported": NaN,
        "Diluted Average Shares": NaN,
        "Basic Average Shares": NaN,
        "Diluted EPS": NaN,
        "Basic EPS": NaN,
        "Diluted NI Availto Com Stockholders": NaN,
        "Net Income Common Stockholders": NaN,
        "Otherunder Preferred Stock Dividend": NaN,
        "Net Income": NaN,
        "Net Income Including Noncontrolling Interests": NaN,
        "Net Income Continuous Operations": NaN,
        "Tax Provision": NaN,
        "Pretax Income": NaN,
        "Other Income Expense": NaN,
        "Other Non Operating Income Expenses": NaN,
        "Special Income Charges": NaN,
        "Impairment Of Capital Assets": NaN,
        "Restructuring And Mergern Acquisition": NaN,
        "Gain On Sale Of Security": 15300000.0,
        "Net Non Operating Interest Income Expense": NaN,
        "Interest Expense Non Operating": NaN,
        "Interest Income Non Operating": NaN,
        "Operating Income": NaN,
        "Operating Expense": NaN,
        "Other Operating Expenses": NaN,
        "Depreciation Amortization Depletion Income Statement": NaN,
        "Depreciation And Amortization In Income Statement": NaN,
        "Selling General And Administration": NaN,
        "Selling And Marketing Expense": NaN,
        "General And Administrative Expense": NaN,
        "Other Gand A": NaN,
        "Salaries And Wages": NaN,
        "Gross Profit": NaN,
        "Cost Of Revenue": NaN,
        "Total Revenue": NaN,
        "Operating Revenue": NaN
    },
    "2022-12-31": {
        "Tax Effect Of Unusual Items": NaN,
        "Tax Rate For Calcs": NaN,
        "Normalized EBITDA": NaN,
        "Total Unusual Items": NaN,
        "Total Unusual Items Excluding Goodwill": NaN,
        "Net Income From Continuing Operation Net Minority Interest": NaN,
        "Reconciled Depreciation": NaN,
        "Reconciled Cost Of Revenue": NaN,
        "EBITDA": NaN,
        "EBIT": NaN,
        "Net Interest Income": NaN,
        "Interest Expense": NaN,
        "Interest Income": NaN,
        "Normalized Income": NaN,
        "Net Income From Continuing And Discontinued Operation": NaN,
        "Total Expenses": NaN,
        "Total Operating Income As Reported": NaN,
        "Diluted Average Shares": NaN,
        "Basic Average Shares": NaN,
        "Diluted EPS": NaN,
        "Basic EPS": NaN,
        "Diluted NI Availto Com Stockholders": NaN,
        "Net Income Common Stockholders": NaN,
        "Otherunder Preferred Stock Dividend": NaN,
        "Net Income": NaN,
        "Net Income Including Noncontrolling Interests": NaN,
        "Net Income Continuous Operations": NaN,
        "Tax Provision": NaN,
        "Pretax Income": NaN,
        "Other Income Expense": NaN,
        "Other Non Operating Income Expenses": NaN,
        "Special Income Charges": NaN,
        "Impairment Of Capital Assets": 0.0,
        "Restructuring And Mergern Acquisition": NaN,
        "Gain On Sale Of Security": NaN,
        "Net Non Operating Interest Income Expense": NaN,
        "Interest Expense Non Operating": NaN,
        "Interest Income Non Operating": NaN,
        "Operating Income": NaN,
        "Operating Expense": NaN,
        "Other Operating Expenses": NaN,
        "Depreciation Amortization Depletion Income Statement": NaN,
        "Depreciation And Amortization In Income Statement": NaN,
        "Selling General And Administration": NaN,
        "Selling And Marketing Expense": NaN,
        "General And Administrative Expense": NaN,
        "Other Gand A": NaN,
        "Salaries And Wages": 93600000.0,
        "Gross Profit": NaN,
        "Cost Of Revenue": NaN,
        "Total Revenue": NaN,
        "Operating Revenue": NaN
    },
    "2022-09-30": {
        "Tax Effect Of Unusual Items": NaN,
        "Tax Rate For Calcs": NaN,
        "Normalized EBITDA": NaN,
        "Total Unusual Items": NaN,
        "Total Unusual Items Excluding Goodwill": NaN,
        "Net Income From Continuing Operation Net Minority Interest": NaN,
        "Reconciled Depreciation": NaN,
        "Reconciled Cost Of Revenue": NaN,
        "EBITDA": NaN,
        "EBIT": NaN,
        "Net Interest Income": NaN,
        "Interest Expense": NaN,
        "Interest Income": NaN,
        "Normalized Income": NaN,
        "Net Income From Continuing And Discontinued Operation": NaN,
        "Total Expenses": NaN,
        "Total Operating Income As Reported": NaN,
        "Diluted Average Shares": NaN,
        "Basic Average Shares": NaN,
        "Diluted EPS": NaN,
        "Basic EPS": NaN,
        "Diluted NI Availto Com Stockholders": NaN,
        "Net Income Common Stockholders": NaN,
        "Otherunder Preferred Stock Dividend": NaN,
        "Net Income": NaN,
        "Net Income Including Noncontrolling Interests": NaN,
        "Net Income Continuous Operations": NaN,
        "Tax Provision": NaN,
        "Pretax Income": NaN,
        "Other Income Expense": NaN,
        "Other Non Operating Income Expenses": NaN,
        "Special Income Charges": NaN,
        "Impairment Of Capital Assets": 800000.0,
        "Restructuring And Mergern Acquisition": NaN,
        "Gain On Sale Of Security": NaN,
        "Net Non Operating Interest Income Expense": NaN,
        "Interest Expense Non Operating": NaN,
        "Interest Income Non Operating": NaN,
        "Operating Income": NaN,
        "Operating Expense": NaN,
        "Other Operating Expenses": NaN,
        "Depreciation Amortization Depletion Income Statement": NaN,
        "Depreciation And Amortization In Income Statement": NaN,
        "Amortization": 30600000.0,
        "Amortization Of Intangibles Income Statement": 30600000.0,
        "Depreciation Income Statement": 10400000.0,
        "Selling General And Administration": NaN,
        "Selling And Marketing Expense": 6100000.0,
        "General And Administrative Expense": NaN,
        "Other Gand A": NaN,
        "Salaries And Wages": 102000000.0,
        "Gross Profit": NaN,
        "Cost Of Revenue": NaN,
        "Total Revenue": NaN,
        "Operating Revenue": NaN
    },
    "2022-06-30": {
        "Tax Effect Of Unusual Items": -133780800.0,
        "Tax Rate For Calcs": 0.282,
        "Normalized EBITDA": 272900000.0,
        "Total Unusual Items": -474400000.0,
        "Total Unusual Items Excluding Goodwill": -474400000.0,
        "Net Income From Continuing Operation Net Minority Interest": -184500000.0,
        "Reconciled Depreciation": 40200000.0,
        "Reconciled Cost Of Revenue": 561700000.0,
        "EBITDA": -201500000.0,
        "EBIT": -241700000.0,
        "Net Interest Income": -14600000.0,
        "Interest Expense": 15100000.0,
        "Interest Income": 500000.0,
        "Normalized Income": 156119200.0,
        "Net Income From Continuing And Discontinued Operation": -184500000.0,
        "Total Expenses": 748800000.0,
        "Total Operating Income As Reported": -237400000.0,
        "Diluted Average Shares": 106300000.0,
        "Basic Average Shares": 106300000.0,
        "Diluted EPS": -1.74,
        "Basic EPS": -1.74,
        "Diluted NI Availto Com Stockholders": -184500000.0,
        "Net Income Common Stockholders": -184500000.0,
        "Otherunder Preferred Stock Dividend": 0.0,
        "Net Income": -184500000.0,
        "Net Income Including Noncontrolling Interests": -184500000.0,
        "Net Income Continuous Operations": -184500000.0,
        "Tax Provision": -72300000.0,
        "Pretax Income": -256800000.0,
        "Other Income Expense": -479200000.0,
        "Other Non Operating Income Expenses": -4800000.0,
        "Special Income Charges": -474400000.0,
        "Impairment Of Capital Assets": 460100000.0,
        "Restructuring And Mergern Acquisition": 14300000.0,
        "Net Non Operating Interest Income Expense": -14600000.0,
        "Total Other Finance Cost": NaN,
        "Interest Expense Non Operating": 15100000.0,
        "Interest Income Non Operating": 500000.0,
        "Operating Income": 237000000.0,
        "Operating Expense": 187100000.0,
        "Other Operating Expenses": 6400000.0,
        "Depreciation Amortization Depletion Income Statement": 40200000.0,
        "Depreciation And Amortization In Income Statement": 40200000.0,
        "Amortization": 29800000.0,
        "Amortization Of Intangibles Income Statement": 29800000.0,
        "Depreciation Income Statement": 10400000.0,
        "Selling General And Administration": 140500000.0,
        "Selling And Marketing Expense": NaN,
        "General And Administrative Expense": 140500000.0,
        "Other Gand A": 54300000.0,
        "Salaries And Wages": 86200000.0,
        "Gross Profit": 424100000.0,
        "Cost Of Revenue": 561700000.0,
        "Total Revenue": 985800000.0,
        "Operating Revenue": 985800000.0
    },
    "2023-06-30": {
        "Tax Effect Of Unusual Items": NaN,
        "Tax Rate For Calcs": NaN,
        "Normalized EBITDA": NaN,
        "Total Unusual Items": NaN,
        "Total Unusual Items Excluding Goodwill": NaN,
        "Net Income From Continuing Operation Net Minority Interest": NaN,
        "Reconciled Depreciation": NaN,
        "Reconciled Cost Of Revenue": NaN,
        "EBITDA": NaN,
        "EBIT": NaN,
        "Net Interest Income": NaN,
        "Interest Expense": NaN,
        "Interest Income": NaN,
        "Normalized Income": NaN,
        "Net Income From Continuing And Discontinued Operation": NaN,
        "Total Expenses": NaN,
        "Total Operating Income As Reported": NaN,
        "Diluted Average Shares": 106100000.0,
        "Basic Average Shares": 105700000.0,
        "Diluted EPS": 1.57,
        "Basic EPS": 1.58,
        "Diluted NI Availto Com Stockholders": NaN,
        "Net Income Common Stockholders": NaN,
        "Otherunder Preferred Stock Dividend": NaN,
        "Net Income": NaN,
        "Net Income Including Noncontrolling Interests": NaN,
        "Net Income Continuous Operations": NaN,
        "Tax Provision": NaN,
        "Pretax Income": NaN,
        "Other Income Expense": NaN,
        "Other Non Operating Income Expenses": NaN,
        "Special Income Charges": NaN,
        "Impairment Of Capital Assets": 0.0,
        "Restructuring And Mergern Acquisition": NaN,
        "Gain On Sale Of Security": 9300000.0,
        "Net Non Operating Interest Income Expense": NaN,
        "Interest Expense Non Operating": NaN,
        "Interest Income Non Operating": NaN,
        "Operating Income": NaN,
        "Operating Expense": NaN,
        "Other Operating Expenses": NaN,
        "Depreciation Amortization Depletion Income Statement": NaN,
        "Depreciation And Amortization In Income Statement": NaN,
        "Selling General And Administration": NaN,
        "Selling And Marketing Expense": NaN,
        "General And Administrative Expense": NaN,
        "Other Gand A": NaN,
        "Salaries And Wages": 106500000.0,
        "Gross Profit": NaN,
        "Cost Of Revenue": NaN,
        "Total Revenue": NaN,
        "Operating Revenue": NaN
    },
    "2023-09-30": {
        "Tax Effect Of Unusual Items": -183200.0,
        "Tax Rate For Calcs": 0.229,
        "Normalized EBITDA": 325100000.0,
        "Total Unusual Items": -800000.0,
        "Total Unusual Items Excluding Goodwill": -800000.0,
        "Net Income From Continuing Operation Net Minority Interest": 208200000.0,
        "Reconciled Depreciation": 38800000.0,
        "Reconciled Cost Of Revenue": 524400000.0,
        "EBITDA": 324300000.0,
        "EBIT": 285500000.0,
        "Net Interest Income": -11900000.0,
        "Interest Expense": 15400000.0,
        "Interest Income": 3500000.0,
        "Normalized Income": 208816800.0,
        "Net Income From Continuing And Discontinued Operation": 208200000.0,
        "Total Expenses": 636800000.0,
        "Total Operating Income As Reported": 271200000.0,
        "Diluted Average Shares": 106100000.0,
        "Basic Average Shares": 105700000.0,
        "Diluted EPS": 1.95,
        "Basic EPS": 1.96,
        "Diluted NI Availto Com Stockholders": 207100000.0,
        "Net Income Common Stockholders": 207100000.0,
        "Otherunder Preferred Stock Dividend": 1100000.0,
        "Net Income": 208200000.0,
        "Net Income Including Noncontrolling Interests": 208200000.0,
        "Net Income Continuous Operations": 208200000.0,
        "Tax Provision": 61900000.0,
        "Pretax Income": 270100000.0,
        "Other Income Expense": 10000000.0,
        "Other Non Operating Income Expenses": 10800000.0,
        "Special Income Charges": -800000.0,
        "Impairment Of Capital Assets": 0.0,
        "Restructuring And Mergern Acquisition": 800000.0,
        "Gain On Sale Of Security": NaN,
        "Net Non Operating Interest Income Expense": -11900000.0,
        "Interest Expense Non Operating": 15400000.0,
        "Interest Income Non Operating": 3500000.0,
        "Operating Income": 272000000.0,
        "Operating Expense": 112400000.0,
        "Other Operating Expenses": 40300000.0,
        "Depreciation Amortization Depletion Income Statement": 38800000.0,
        "Depreciation And Amortization In Income Statement": 38800000.0,
        "Selling General And Administration": 33300000.0,
        "Selling And Marketing Expense": 8900000.0,
        "General And Administrative Expense": 24400000.0,
        "Other Gand A": 24400000.0,
        "Salaries And Wages": NaN,
        "Gross Profit": 384400000.0,
        "Cost Of Revenue": 524400000.0,
        "Total Revenue": 908800000.0,
        "Operating Revenue": 908800000.0
    },
    "2023-12-31": {
        "Tax Effect Of Unusual Items": 10504347.826087,
        "Tax Rate For Calcs": 0.262609,
        "Normalized EBITDA": 298700000.0,
        "Total Unusual Items": 40000000.0,
        "Total Unusual Items Excluding Goodwill": 40000000.0,
        "Net Income From Continuing Operation Net Minority Interest": 212000000.0,
        "Reconciled Depreciation": 38000000.0,
        "Reconciled Cost Of Revenue": 582500000.0,
        "EBITDA": 338700000.0,
        "EBIT": 300700000.0,
        "Net Interest Income": -9500000.0,
        "Interest Expense": 13200000.0,
        "Interest Income": 3700000.0,
        "Normalized Income": 182504347.826087,
        "Net Income From Continuing And Discontinued Operation": 212000000.0,
        "Total Expenses": 675200000.0,
        "Total Operating Income As Reported": 294000000.0,
        "Diluted Average Shares": 106200000.0,
        "Basic Average Shares": 105700000.0,
        "Diluted EPS": 1.98,
        "Basic EPS": 1.99,
        "Diluted NI Availto Com Stockholders": 210800000.0,
        "Net Income Common Stockholders": 210800000.0,
        "Otherunder Preferred Stock Dividend": 1200000.0,
        "Net Income": 212000000.0,
        "Net Income Including Noncontrolling Interests": 212000000.0,
        "Net Income Continuous Operations": 212000000.0,
        "Tax Provision": 75500000.0,
        "Pretax Income": 287500000.0,
        "Other Income Expense": 3500000.0,
        "Other Non Operating Income Expenses": -36500000.0,
        "Special Income Charges": 500000.0,
        "Impairment Of Capital Assets": 0.0,
        "Restructuring And Mergern Acquisition": -500000.0,
        "Gain On Sale Of Security": NaN,
        "Net Non Operating Interest Income Expense": -9500000.0,
        "Interest Expense Non Operating": 13200000.0,
        "Interest Income Non Operating": 3700000.0,
        "Operating Income": 293500000.0,
        "Operating Expense": 92700000.0,
        "Other Operating Expenses": 22400000.0,
        "Depreciation Amortization Depletion Income Statement": 38000000.0,
        "Depreciation And Amortization In Income Statement": 38000000.0,
        "Selling General And Administration": 32300000.0,
        "Selling And Marketing Expense": 9000000.0,
        "General And Administrative Expense": 23300000.0,
        "Other Gand A": 23300000.0,
        "Salaries And Wages": NaN,
        "Gross Profit": 386200000.0,
        "Cost Of Revenue": 582500000.0,
        "Total Revenue": 968700000.0,
        "Operating Revenue": 968700000.0
    },
    "2024-03-31": {
        "Tax Effect Of Unusual Items": 3792200.0,
        "Tax Rate For Calcs": 0.283,
        "Normalized EBITDA": 329000000.0,
        "Total Unusual Items": 13400000.0,
        "Total Unusual Items Excluding Goodwill": 13400000.0,
        "Net Income From Continuing Operation Net Minority Interest": 209500000.0,
        "Reconciled Depreciation": 37300000.0,
        "Reconciled Cost Of Revenue": 570400000.0,
        "EBITDA": 342400000.0,
        "EBIT": 305100000.0,
        "Net Interest Income": -8900000.0,
        "Interest Expense": 13000000.0,
        "Interest Income": 4100000.0,
        "Normalized Income": 199892200.0,
        "Net Income From Continuing And Discontinued Operation": 209500000.0,
        "Total Expenses": 674200000.0,
        "Total Operating Income As Reported": 282400000.0,
        "Diluted Average Shares": 106100000.0,
        "Basic Average Shares": 105600000.0,
        "Diluted EPS": 1.96,
        "Basic EPS": 1.97,
        "Diluted NI Availto Com Stockholders": 208300000.0,
        "Net Income Common Stockholders": 208300000.0,
        "Otherunder Preferred Stock Dividend": 1200000.0,
        "Net Income": 209500000.0,
        "Net Income Including Noncontrolling Interests": 209500000.0,
        "Net Income Continuous Operations": 209500000.0,
        "Tax Provision": 82600000.0,
        "Pretax Income": 292100000.0,
        "Other Income Expense": 18000000.0,
        "Other Non Operating Income Expenses": 4600000.0,
        "Special Income Charges": -600000.0,
        "Impairment Of Capital Assets": NaN,
        "Restructuring And Mergern Acquisition": 600000.0,
        "Gain On Sale Of Security": 14000000.0,
        "Net Non Operating Interest Income Expense": -8900000.0,
        "Interest Expense Non Operating": 13000000.0,
        "Interest Income Non Operating": 4100000.0,
        "Operating Income": 283000000.0,
        "Operating Expense": 103800000.0,
        "Other Operating Expenses": 31000000.0,
        "Depreciation Amortization Depletion Income Statement": 37300000.0,
        "Depreciation And Amortization In Income Statement": 37300000.0,
        "Selling General And Administration": 35500000.0,
        "Selling And Marketing Expense": 7500000.0,
        "General And Administrative Expense": 28000000.0,
        "Other Gand A": 28000000.0,
        "Salaries And Wages": NaN,
        "Gross Profit": 386800000.0,
        "Cost Of Revenue": 570400000.0,
        "Total Revenue": 957200000.0,
        "Operating Revenue": 957200000.0
    },
    "2024-06-30": {
        "Tax Effect Of Unusual Items": -20759200.0,
        "Tax Rate For Calcs": 0.308,
        "Normalized EBITDA": 315000000.0,
        "Total Unusual Items": -67400000.0,
        "Total Unusual Items Excluding Goodwill": -67400000.0,
        "Net Income From Continuing Operation Net Minority Interest": 140400000.0,
        "Reconciled Depreciation": 31800000.0,
        "Reconciled Cost Of Revenue": 460200000.0,
        "EBITDA": 247600000.0,
        "EBIT": 215800000.0,
        "Net Interest Income": -8200000.0,
        "Interest Expense": 12800000.0,
        "Interest Income": 4600000.0,
        "Normalized Income": 187040800.0,
        "Net Income From Continuing And Discontinued Operation": 140400000.0,
        "Total Expenses": 682300000.0,
        "Total Operating Income As Reported": 210100000.0,
        "Diluted Average Shares": 105400000.0,
        "Basic Average Shares": 105100000.0,
        "Diluted EPS": 1.33,
        "Basic EPS": 1.33,
        "Diluted NI Availto Com Stockholders": 139700000.0,
        "Net Income Common Stockholders": 139700000.0,
        "Otherunder Preferred Stock Dividend": 700000.0,
        "Net Income": 140400000.0,
        "Net Income Including Noncontrolling Interests": 140400000.0,
        "Net Income Continuous Operations": 140400000.0,
        "Tax Provision": 62600000.0,
        "Pretax Income": 203000000.0,
        "Other Income Expense": -80500000.0,
        "Other Non Operating Income Expenses": -13100000.0,
        "Special Income Charges": -81600000.0,
        "Impairment Of Capital Assets": 81000000.0,
        "Restructuring And Mergern Acquisition": 600000.0,
        "Gain On Sale Of Security": 14200000.0,
        "Net Non Operating Interest Income Expense": -8200000.0,
        "Interest Expense Non Operating": 12800000.0,
        "Interest Income Non Operating": 4600000.0,
        "Operating Income": 291700000.0,
        "Operating Expense": 222100000.0,
        "Other Operating Expenses": 39100000.0,
        "Depreciation Amortization Depletion Income Statement": 31800000.0,
        "Depreciation And Amortization In Income Statement": 31800000.0,
        "Selling General And Administration": 151200000.0,
        "Selling And Marketing Expense": 9300000.0,
        "General And Administrative Expense": 141900000.0,
        "Other Gand A": 25800000.0,
        "Salaries And Wages": 116100000.0,
        "Gross Profit": 513800000.0,
        "Cost Of Revenue": 460200000.0,
        "Total Revenue": 974000000.0,
        "Operating Revenue": 974000000.0
    },
    "2024-09-30": {
        "Tax Effect Of Unusual Items": 292880.2589,
        "Tax Rate For Calcs": 0.29288,
        "Normalized EBITDA": 352600000.0,
        "Total Unusual Items": 1000000.0,
        "Total Unusual Items Excluding Goodwill": 1000000.0,
        "Net Income From Continuing Operation Net Minority Interest": 218500000.0,
        "Reconciled Depreciation": 31800000.0,
        "Reconciled Cost Of Revenue": 642800000.0,
        "EBITDA": 353600000.0,
        "EBIT": 321800000.0,
        "Net Interest Income": -1400000.0,
        "Interest Expense": 12800000.0,
        "Interest Income": 11400000.0,
        "Normalized Income": 217792880.2589,
        "Net Income From Continuing And Discontinued Operation": 218500000.0,
        "Total Expenses": 748300000.0,
        "Total Operating Income As Reported": 307400000.0,
        "Diluted Average Shares": NaN,
        "Basic Average Shares": NaN,
        "Diluted EPS": NaN,
        "Basic EPS": NaN,
        "Diluted NI Availto Com Stockholders": 217400000.0,
        "Net Income Common Stockholders": 217400000.0,
        "Otherunder Preferred Stock Dividend": 1100000.0,
        "Net Income": 218500000.0,
        "Net Income Including Noncontrolling Interests": 218500000.0,
        "Net Income Continuous Operations": 218500000.0,
        "Tax Provision": 90500000.0,
        "Pretax Income": 309000000.0,
        "Other Income Expense": 3000000.0,
        "Other Non Operating Income Expenses": 2000000.0,
        "Special Income Charges": 0.0,
        "Impairment Of Capital Assets": 0.0,
        "Restructuring And Mergern Acquisition": 0.0,
        "Gain On Sale Of Security": 1000000.0,
        "Net Non Operating Interest Income Expense": -1400000.0,
        "Interest Expense Non Operating": 12800000.0,
        "Interest Income Non Operating": 11400000.0,
        "Operating Income": 307400000.0,
        "Operating Expense": 105500000.0,
        "Other Operating Expenses": 39200000.0,
        "Depreciation Amortization Depletion Income Statement": 31800000.0,
        "Depreciation And Amortization In Income Statement": 31800000.0,
        "Selling General And Administration": 34500000.0,
        "Selling And Marketing Expense": 12600000.0,
        "General And Administrative Expense": 21900000.0,
        "Other Gand A": 21900000.0,
        "Salaries And Wages": NaN,
        "Gross Profit": 412900000.0,
        "Cost Of Revenue": 642800000.0,
        "Total Revenue": 1055700000.0,
        "Operating Revenue": 1055700000.0
    }
}