{
    "2023-03-31": {
        "Tax Effect Of Unusual Items": NaN,
        "Tax Rate For Calcs": NaN,
        "Normalized EBITDA": NaN,
        "Net Income From Continuing Operation Net Minority Interest": NaN,
        "Reconciled Depreciation": NaN,
        "Reconciled Cost Of Revenue": 0.0,
        "EBITDA": NaN,
        "EBIT": NaN,
        "Net Interest Income": NaN,
        "Interest Expense": NaN,
        "Interest Income": NaN,
        "Normalized Income": NaN,
        "Net Income From Continuing And Discontinued Operation": NaN,
        "Total Expenses": NaN,
        "Total Operating Income As Reported": NaN,
        "Diluted Average Shares": 988145.0,
        "Basic Average Shares": 988145.0,
        "Diluted EPS": -5.46,
        "Basic EPS": -5.46,
        "Diluted NI Availto Com Stockholders": NaN,
        "Net Income Common Stockholders": NaN,
        "Net Income": NaN,
        "Minority Interests": 0.0,
        "Net Income Including Noncontrolling Interests": NaN,
        "Net Income Continuous Operations": NaN,
        "Tax Provision": NaN,
        "Pretax Income": NaN,
        "Other Income Expense": NaN,
        "Other Non Operating Income Expenses": NaN,
        "Net Non Operating Interest Income Expense": NaN,
        "Total Other Finance Cost": 21000.0,
        "Interest Expense Non Operating": NaN,
        "Interest Income Non Operating": NaN,
        "Operating Income": NaN,
        "Operating Expense": NaN,
        "Research And Development": NaN,
        "Selling General And Administration": NaN,
        "Gross Profit": 42000.0,
        "Cost Of Revenue": 0.0,
        "Total Revenue": NaN,
        "Operating Revenue": NaN
    },
    "2022-12-31": {
        "Tax Effect Of Unusual Items": NaN,
        "Tax Rate For Calcs": NaN,
        "Normalized EBITDA": NaN,
        "Total Unusual Items": 0.0,
        "Total Unusual Items Excluding Goodwill": 0.0,
        "Net Income From Continuing Operation Net Minority Interest": NaN,
        "Reconciled Depreciation": NaN,
        "Reconciled Cost Of Revenue": 0.0,
        "EBITDA": NaN,
        "EBIT": NaN,
        "Net Interest Income": NaN,
        "Interest Expense": NaN,
        "Interest Income": NaN,
        "Normalized Income": NaN,
        "Net Income From Continuing And Discontinued Operation": NaN,
        "Total Expenses": NaN,
        "Total Operating Income As Reported": NaN,
        "Diluted Average Shares": NaN,
        "Basic Average Shares": NaN,
        "Diluted EPS": NaN,
        "Basic EPS": NaN,
        "Diluted NI Availto Com Stockholders": NaN,
        "Net Income Common Stockholders": NaN,
        "Net Income": NaN,
        "Minority Interests": NaN,
        "Net Income Including Noncontrolling Interests": NaN,
        "Net Income Continuous Operations": NaN,
        "Tax Provision": NaN,
        "Pretax Income": NaN,
        "Other Income Expense": NaN,
        "Other Non Operating Income Expenses": NaN,
        "Special Income Charges": 0.0,
        "Net Non Operating Interest Income Expense": NaN,
        "Total Other Finance Cost": 21000.0,
        "Interest Expense Non Operating": NaN,
        "Interest Income Non Operating": NaN,
        "Operating Income": NaN,
        "Operating Expense": NaN,
        "Research And Development": NaN,
        "Selling General And Administration": NaN,
        "Gross Profit": 42000.0,
        "Cost Of Revenue": 0.0,
        "Total Revenue": NaN,
        "Operating Revenue": NaN
    },
    "2022-09-30": {
        "Tax Effect Of Unusual Items": NaN,
        "Tax Rate For Calcs": NaN,
        "Normalized EBITDA": NaN,
        "Total Unusual Items": 0.0,
        "Total Unusual Items Excluding Goodwill": 0.0,
        "Net Income From Continuing Operation Net Minority Interest": NaN,
        "Reconciled Depreciation": NaN,
        "Reconciled Cost Of Revenue": 0.0,
        "EBITDA": NaN,
        "EBIT": NaN,
        "Net Interest Income": NaN,
        "Interest Expense": NaN,
        "Interest Income": NaN,
        "Normalized Income": NaN,
        "Net Income From Continuing And Discontinued Operation": NaN,
        "Total Expenses": NaN,
        "Total Operating Income As Reported": NaN,
        "Diluted Average Shares": NaN,
        "Basic Average Shares": NaN,
        "Diluted EPS": NaN,
        "Basic EPS": NaN,
        "Diluted NI Availto Com Stockholders": NaN,
        "Net Income Common Stockholders": NaN,
        "Net Income": NaN,
        "Minority Interests": NaN,
        "Net Income Including Noncontrolling Interests": NaN,
        "Net Income Continuous Operations": NaN,
        "Tax Provision": NaN,
        "Pretax Income": NaN,
        "Other Income Expense": NaN,
        "Other Non Operating Income Expenses": NaN,
        "Special Income Charges": 0.0,
        "Net Non Operating Interest Income Expense": NaN,
        "Total Other Finance Cost": 21000.0,
        "Interest Expense Non Operating": NaN,
        "Interest Income Non Operating": NaN,
        "Operating Income": NaN,
        "Operating Expense": NaN,
        "Research And Development": NaN,
        "Selling General And Administration": NaN,
        "Gross Profit": 42000.0,
        "Cost Of Revenue": 0.0,
        "Total Revenue": NaN,
        "Operating Revenue": NaN
    },
    "2022-06-30": {
        "Tax Effect Of Unusual Items": 0.0,
        "Tax Rate For Calcs": 0.0,
        "Normalized EBITDA": -2086000.0,
        "Total Unusual Items": 0.0,
        "Total Unusual Items Excluding Goodwill": 0.0,
        "Net Income From Continuing Operation Net Minority Interest": -2485000.0,
        "Reconciled Depreciation": 393000.0,
        "Reconciled Cost Of Revenue": 0.0,
        "EBITDA": -2086000.0,
        "EBIT": -2479000.0,
        "Net Interest Income": -16000.0,
        "Interest Expense": 6000.0,
        "Interest Income": 12000.0,
        "Normalized Income": -2485000.0,
        "Net Income From Continuing And Discontinued Operation": -2485000.0,
        "Total Expenses": 6806000.0,
        "Total Operating Income As Reported": -6765000.0,
        "Diluted Average Shares": 933274.0,
        "Basic Average Shares": 933274.0,
        "Diluted EPS": -2.66,
        "Basic EPS": -2.66,
        "Diluted NI Availto Com Stockholders": -2485000.0,
        "Net Income Common Stockholders": -2485000.0,
        "Net Income": -2485000.0,
        "Net Income Including Noncontrolling Interests": -2485000.0,
        "Net Income Continuous Operations": -2485000.0,
        "Tax Provision": 0.0,
        "Pretax Income": -2485000.0,
        "Other Income Expense": 4296000.0,
        "Other Non Operating Income Expenses": 4296000.0,
        "Special Income Charges": 0.0,
        "Net Non Operating Interest Income Expense": -16000.0,
        "Total Other Finance Cost": 22000.0,
        "Interest Expense Non Operating": 6000.0,
        "Interest Income Non Operating": 12000.0,
        "Operating Income": -6765000.0,
        "Operating Expense": 6806000.0,
        "Research And Development": 3250000.0,
        "Selling General And Administration": 3556000.0,
        "Gross Profit": 41000.0,
        "Cost Of Revenue": 0.0,
        "Total Revenue": 41000.0,
        "Operating Revenue": 41000.0
    },
    "2022-03-31": {
        "Diluted EPS": -6.7,
        "Total Revenue": 0,
        "Gross Profit": 0,
        "Operating Income": -6,
        "EBIT": -6,
        "Net Income": -6
    },
    "2021-12-31": {
        "Diluted EPS": -9.0,
        "Total Revenue": 2,
        "Gross Profit": 0,
        "Operating Income": -7,
        "EBIT": -6,
        "Net Income": -7
    },
    "2021-09-30": {
        "Diluted EPS": -10.0,
        "Total Revenue": 8,
        "Gross Profit": -1,
        "Operating Income": -7,
        "EBIT": -6,
        "Net Income": -7
    },
    "2021-06-30": {
        "Diluted EPS": -6.5,
        "Total Revenue": 12,
        "Gross Profit": 0,
        "Operating Income": -6,
        "EBIT": -5,
        "Net Income": -5
    },
    "2021-03-31": {
        "Diluted EPS": -13.5,
        "Total Revenue": 4,
        "Gross Profit": -2,
        "Operating Income": -10,
        "EBIT": -9,
        "Net Income": -10
    },
    "2020-12-31": {
        "Diluted EPS": -18.0,
        "Total Revenue": 14,
        "Gross Profit": -5,
        "Operating Income": -13,
        "EBIT": -13,
        "Net Income": -13
    },
    "2020-09-30": {
        "Diluted EPS": -14.5,
        "Total Revenue": 5,
        "Gross Profit": -2,
        "Operating Income": -9,
        "EBIT": -9,
        "Net Income": -9
    },
    "2020-06-30": {
        "Diluted EPS": -16.5,
        "Total Revenue": 2,
        "Gross Profit": -3,
        "Operating Income": -11,
        "EBIT": -11,
        "Net Income": -11
    },
    "2020-03-31": {
        "Diluted EPS": -17.0,
        "Total Revenue": 2,
        "Gross Profit": -2,
        "Operating Income": -11,
        "EBIT": -10,
        "Net Income": -11
    },
    "2019-12-31": {
        "Diluted EPS": -18.5,
        "Total Revenue": 4,
        "Gross Profit": -2,
        "Operating Income": -12,
        "EBIT": -11,
        "Net Income": -12
    },
    "2019-09-30": {
        "Diluted EPS": -16.0,
        "Total Revenue": 3,
        "Gross Profit": -1,
        "Operating Income": -11,
        "EBIT": -10,
        "Net Income": -11
    },
    "2019-06-30": {
        "Diluted EPS": -14.5,
        "Total Revenue": 0,
        "Gross Profit": 0,
        "Operating Income": -9,
        "EBIT": -9,
        "Net Income": -9
    },
    "2019-03-31": {
        "Diluted EPS": -11.5,
        "Total Revenue": 0,
        "Gross Profit": 0,
        "Operating Income": -8,
        "EBIT": -7,
        "Net Income": -7
    },
    "2018-12-31": {
        "Diluted EPS": -13.5,
        "Total Revenue": 0,
        "Gross Profit": 0,
        "Operating Income": -9,
        "EBIT": -8,
        "Net Income": -8
    },
    "2018-09-30": {
        "Diluted EPS": -11.5,
        "Total Revenue": 0,
        "Gross Profit": 0,
        "Operating Income": -8,
        "EBIT": -7,
        "Net Income": -7
    },
    "2018-06-30": {
        "Diluted EPS": -12.5,
        "Total Revenue": 0,
        "Gross Profit": 0,
        "Operating Income": -7,
        "EBIT": -7,
        "Net Income": -8
    },
    "2018-03-31": {
        "Diluted EPS": -8.0,
        "Total Revenue": 0,
        "Gross Profit": 0,
        "Operating Income": -4,
        "EBIT": -4,
        "Net Income": -4
    },
    "2017-12-31": {
        "Diluted EPS": -15.0,
        "Total Revenue": 0,
        "Gross Profit": 0,
        "Operating Income": -7,
        "EBIT": -7,
        "Net Income": -7
    },
    "2017-09-30": {
        "Diluted EPS": -25.5,
        "Total Revenue": 0,
        "Gross Profit": 0,
        "Operating Income": -13,
        "EBIT": -13,
        "Net Income": -13
    },
    "2017-06-30": {
        "Diluted EPS": -8.5,
        "Total Revenue": 0,
        "Gross Profit": 0,
        "Operating Income": -3,
        "EBIT": -3,
        "Net Income": -3
    },
    "2017-03-31": {
        "Diluted EPS": -7.0,
        "Total Revenue": 0,
        "Gross Profit": 0,
        "Operating Income": -3,
        "EBIT": -3,
        "Net Income": -3
    },
    "2016-12-31": {
        "Diluted EPS": -2.0,
        "Total Revenue": 0,
        "Gross Profit": 0,
        "Operating Income": -5,
        "EBIT": -4,
        "Net Income": -5
    },
    "2016-09-30": {
        "Diluted EPS": -6.5,
        "Total Revenue": 0,
        "Gross Profit": 0,
        "Operating Income": -2,
        "EBIT": -2,
        "Net Income": -3
    },
    "2016-06-30": {
        "Diluted EPS": -6.5,
        "Total Revenue": 0,
        "Gross Profit": 0,
        "Operating Income": -2,
        "EBIT": -2,
        "Net Income": -2
    },
    "2016-03-31": {
        "Diluted EPS": -16.0,
        "Total Revenue": 0,
        "Gross Profit": 0,
        "Operating Income": -3,
        "EBIT": -3,
        "Net Income": -3
    },
    "2015-12-31": {
        "Diluted EPS": 0.0,
        "Total Revenue": NaN,
        "Gross Profit": NaN,
        "Operating Income": NaN,
        "EBIT": NaN,
        "Net Income": NaN
    },
    "2023-06-30": {
        "Tax Effect Of Unusual Items": 0.0,
        "Tax Rate For Calcs": 0.0,
        "Normalized EBITDA": -17187000.0,
        "Net Income From Continuing Operation Net Minority Interest": -20509000.0,
        "Reconciled Depreciation": 705000.0,
        "Reconciled Cost Of Revenue": NaN,
        "EBITDA": -17187000.0,
        "EBIT": -17892000.0,
        "Net Interest Income": -2518000.0,
        "Interest Expense": 2617000.0,
        "Interest Income": 99000.0,
        "Normalized Income": -20509000.0,
        "Net Income From Continuing And Discontinued Operation": -20509000.0,
        "Total Expenses": 19508000.0,
        "Total Operating Income As Reported": -19311000.0,
        "Diluted Average Shares": 1227223.0,
        "Basic Average Shares": 1227223.0,
        "Diluted EPS": -15.25,
        "Basic EPS": -15.25,
        "Diluted NI Availto Com Stockholders": -20509000.0,
        "Net Income Common Stockholders": -20509000.0,
        "Net Income": -20509000.0,
        "Minority Interests": NaN,
        "Net Income Including Noncontrolling Interests": -20509000.0,
        "Net Income Continuous Operations": -20509000.0,
        "Tax Provision": 0.0,
        "Pretax Income": -20509000.0,
        "Other Income Expense": 1320000.0,
        "Other Non Operating Income Expenses": 1320000.0,
        "Net Non Operating Interest Income Expense": -2518000.0,
        "Total Other Finance Cost": NaN,
        "Interest Expense Non Operating": 2617000.0,
        "Interest Income Non Operating": 99000.0,
        "Operating Income": -19311000.0,
        "Operating Expense": 19508000.0,
        "Research And Development": 8429000.0,
        "Selling General And Administration": 11079000.0,
        "Gross Profit": NaN,
        "Cost Of Revenue": NaN,
        "Total Revenue": 197000.0,
        "Operating Revenue": 197000.0
    },
    "2023-09-30": {
        "Tax Effect Of Unusual Items": 0.0,
        "Tax Rate For Calcs": 0.0,
        "Normalized EBITDA": -24708000.0,
        "Net Income From Continuing Operation Net Minority Interest": -34528000.0,
        "Reconciled Depreciation": 1684000.0,
        "Reconciled Cost Of Revenue": NaN,
        "EBITDA": -24708000.0,
        "EBIT": -26392000.0,
        "Net Interest Income": -7855000.0,
        "Interest Expense": 8136000.0,
        "Interest Income": 281000.0,
        "Normalized Income": -34528000.0,
        "Net Income From Continuing And Discontinued Operation": -34528000.0,
        "Total Expenses": 26272000.0,
        "Total Operating Income As Reported": -25797000.0,
        "Diluted Average Shares": 16641127.0,
        "Basic Average Shares": 16641127.0,
        "Diluted EPS": -1.59,
        "Basic EPS": -1.59,
        "Diluted NI Availto Com Stockholders": -34528000.0,
        "Net Income Common Stockholders": -34528000.0,
        "Net Income": -34528000.0,
        "Minority Interests": NaN,
        "Net Income Including Noncontrolling Interests": -34528000.0,
        "Net Income Continuous Operations": -34528000.0,
        "Tax Provision": 0.0,
        "Pretax Income": -34528000.0,
        "Other Income Expense": -876000.0,
        "Other Non Operating Income Expenses": -876000.0,
        "Net Non Operating Interest Income Expense": -7855000.0,
        "Total Other Finance Cost": NaN,
        "Interest Expense Non Operating": 8136000.0,
        "Interest Income Non Operating": 281000.0,
        "Operating Income": -25797000.0,
        "Operating Expense": 26272000.0,
        "Research And Development": 17521000.0,
        "Selling General And Administration": 8751000.0,
        "Gross Profit": NaN,
        "Cost Of Revenue": NaN,
        "Total Revenue": 475000.0,
        "Operating Revenue": 475000.0
    },
    "2023-12-31": {
        "Tax Effect Of Unusual Items": 0.0,
        "Tax Rate For Calcs": 1.4e-05,
        "Normalized EBITDA": -267255000.0,
        "Net Income From Continuing Operation Net Minority Interest": -207196000.0,
        "Reconciled Depreciation": 1818000.0,
        "Reconciled Cost Of Revenue": NaN,
        "EBITDA": -267255000.0,
        "EBIT": -269073000.0,
        "Net Interest Income": -7971000.0,
        "Interest Expense": 8139000.0,
        "Interest Income": 168000.0,
        "Normalized Income": -207196000.0,
        "Net Income From Continuing And Discontinued Operation": -207196000.0,
        "Total Expenses": 20996000.0,
        "Total Operating Income As Reported": -269312000.0,
        "Diluted Average Shares": NaN,
        "Basic Average Shares": NaN,
        "Diluted EPS": NaN,
        "Basic EPS": NaN,
        "Diluted NI Availto Com Stockholders": -207196000.0,
        "Net Income Common Stockholders": -207196000.0,
        "Net Income": -207196000.0,
        "Minority Interests": NaN,
        "Net Income Including Noncontrolling Interests": -277208000.0,
        "Net Income Continuous Operations": -277208000.0,
        "Tax Provision": -4000.0,
        "Pretax Income": -277212000.0,
        "Other Income Expense": -249348000.0,
        "Other Non Operating Income Expenses": 71000.0,
        "Net Non Operating Interest Income Expense": -7971000.0,
        "Total Other Finance Cost": NaN,
        "Interest Expense Non Operating": 8139000.0,
        "Interest Income Non Operating": 168000.0,
        "Operating Income": -19893000.0,
        "Operating Expense": 20996000.0,
        "Research And Development": 14208000.0,
        "Selling General And Administration": 6788000.0,
        "Gross Profit": NaN,
        "Cost Of Revenue": NaN,
        "Total Revenue": 1103000.0,
        "Operating Revenue": 1103000.0
    },
    "2024-03-31": {
        "Tax Effect Of Unusual Items": 0.0,
        "Tax Rate For Calcs": 0.21,
        "Normalized EBITDA": -16835000.0,
        "Net Income From Continuing Operation Net Minority Interest": -23435000.0,
        "Reconciled Depreciation": 1794000.0,
        "Reconciled Cost Of Revenue": NaN,
        "EBITDA": -16835000.0,
        "EBIT": -18629000.0,
        "Net Interest Income": -8136000.0,
        "Interest Expense": 8329000.0,
        "Interest Income": 193000.0,
        "Normalized Income": -23435000.0,
        "Net Income From Continuing And Discontinued Operation": -23435000.0,
        "Total Expenses": 18998000.0,
        "Total Operating Income As Reported": -18453000.0,
        "Diluted Average Shares": 20862938.0,
        "Basic Average Shares": 20862938.0,
        "Diluted EPS": -1.12,
        "Basic EPS": -1.12,
        "Diluted NI Availto Com Stockholders": -23435000.0,
        "Net Income Common Stockholders": -23435000.0,
        "Net Income": -23435000.0,
        "Minority Interests": 3537000.0,
        "Net Income Including Noncontrolling Interests": -26972000.0,
        "Net Income Continuous Operations": -26972000.0,
        "Tax Provision": 14000.0,
        "Pretax Income": -26958000.0,
        "Other Income Expense": -369000.0,
        "Other Non Operating Income Expenses": -369000.0,
        "Net Non Operating Interest Income Expense": -8136000.0,
        "Total Other Finance Cost": NaN,
        "Interest Expense Non Operating": 8329000.0,
        "Interest Income Non Operating": 193000.0,
        "Operating Income": -18453000.0,
        "Operating Expense": 18998000.0,
        "Research And Development": 12013000.0,
        "Selling General And Administration": 6985000.0,
        "Gross Profit": NaN,
        "Cost Of Revenue": NaN,
        "Total Revenue": 545000.0,
        "Operating Revenue": 545000.0
    },
    "2024-06-30": {
        "Tax Effect Of Unusual Items": 0.0,
        "Tax Rate For Calcs": 0.00014,
        "Normalized EBITDA": -17973000.0,
        "Net Income From Continuing Operation Net Minority Interest": -28478000.0,
        "Reconciled Depreciation": 1760000.0,
        "Reconciled Cost Of Revenue": NaN,
        "EBITDA": -17973000.0,
        "EBIT": -19733000.0,
        "Net Interest Income": -8580000.0,
        "Interest Expense": 8749000.0,
        "Interest Income": 169000.0,
        "Normalized Income": -28478000.0,
        "Net Income From Continuing And Discontinued Operation": -28478000.0,
        "Total Expenses": 22320000.0,
        "Total Operating Income As Reported": -21482000.0,
        "Diluted Average Shares": 4370396.0,
        "Basic Average Shares": 4370396.0,
        "Diluted EPS": -5.7,
        "Basic EPS": -5.7,
        "Diluted NI Availto Com Stockholders": -28478000.0,
        "Net Income Common Stockholders": -28478000.0,
        "Net Income": -28478000.0,
        "Minority Interests": NaN,
        "Net Income Including Noncontrolling Interests": -28478000.0,
        "Net Income Continuous Operations": -28478000.0,
        "Tax Provision": -4000.0,
        "Pretax Income": -28482000.0,
        "Other Income Expense": 1580000.0,
        "Other Non Operating Income Expenses": 1580000.0,
        "Net Non Operating Interest Income Expense": -8580000.0,
        "Total Other Finance Cost": NaN,
        "Interest Expense Non Operating": 8749000.0,
        "Interest Income Non Operating": 169000.0,
        "Operating Income": -21482000.0,
        "Operating Expense": 22320000.0,
        "Research And Development": 12993000.0,
        "Selling General And Administration": 9327000.0,
        "Gross Profit": NaN,
        "Cost Of Revenue": NaN,
        "Total Revenue": 838000.0,
        "Operating Revenue": 838000.0
    }
}