{
    "2023-06-30": {
        "Tax Effect Of Unusual Items": -640000.0,
        "Tax Rate For Calcs": 0.16,
        "Normalized EBITDA": -303000000.0,
        "Total Unusual Items": -4000000.0,
        "Total Unusual Items Excluding Goodwill": -4000000.0,
        "Net Income From Continuing Operation Net Minority Interest": -376000000.0,
        "Reconciled Depreciation": 78000000.0,
        "Reconciled Cost Of Revenue": 1233000000.0,
        "EBITDA": -307000000.0,
        "EBIT": -385000000.0,
        "Net Interest Income": -48000000.0,
        "Interest Expense": 48000000.0,
        "Normalized Income": -372640000.0,
        "Net Income From Continuing And Discontinued Operation": -376000000.0,
        "Total Expenses": 2040000000.0,
        "Rent Expense Supplemental": NaN,
        "Diluted Average Shares": 150612720.0,
        "Basic Average Shares": 149095543.0,
        "Diluted EPS": -2.52,
        "Basic EPS": -2.52,
        "Diluted NI Availto Com Stockholders": -376000000.0,
        "Net Income Common Stockholders": -376000000.0,
        "Net Income": -376000000.0,
        "Minority Interests": 0.0,
        "Net Income Including Noncontrolling Interests": -376000000.0,
        "Net Income Continuous Operations": -376000000.0,
        "Tax Provision": -57000000.0,
        "Pretax Income": -433000000.0,
        "Other Income Expense": 12000000.0,
        "Other Non Operating Income Expenses": 3000000.0,
        "Special Income Charges": 1000000.0,
        "Gain On Sale Of Ppe": 0.0,
        "Other Special Charges": NaN,
        "Restructuring And Mergern Acquisition": -1000000.0,
        "Earnings From Equity Interest": 13000000.0,
        "Gain On Sale Of Security": -5000000.0,
        "Net Non Operating Interest Income Expense": -48000000.0,
        "Interest Expense Non Operating": 48000000.0,
        "Operating Income": -397000000.0,
        "Operating Expense": 807000000.0,
        "Other Operating Expenses": NaN,
        "Research And Development": 28000000.0,
        "Selling General And Administration": 779000000.0,
        "General And Administrative Expense": NaN,
        "Other Gand A": NaN,
        "Rent And Landing Fees": NaN,
        "Gross Profit": 410000000.0,
        "Cost Of Revenue": 1233000000.0,
        "Total Revenue": 1643000000.0,
        "Operating Revenue": 1643000000.0
    },
    "2023-03-31": {
        "Tax Effect Of Unusual Items": -3040000.0,
        "Tax Rate For Calcs": 0.16,
        "Normalized EBITDA": 313000000.0,
        "Total Unusual Items": -19000000.0,
        "Total Unusual Items Excluding Goodwill": -19000000.0,
        "Net Income From Continuing Operation Net Minority Interest": 145000000.0,
        "Reconciled Depreciation": 79000000.0,
        "Reconciled Cost Of Revenue": 1168000000.0,
        "EBITDA": 294000000.0,
        "EBIT": 215000000.0,
        "Net Interest Income": -42000000.0,
        "Interest Expense": 42000000.0,
        "Normalized Income": 160960000.0,
        "Net Income From Continuing And Discontinued Operation": 145000000.0,
        "Total Expenses": 1322000000.0,
        "Rent Expense Supplemental": NaN,
        "Diluted Average Shares": 151179265.0,
        "Basic Average Shares": 148997084.0,
        "Diluted EPS": 0.96,
        "Basic EPS": 0.97,
        "Diluted NI Availto Com Stockholders": 145000000.0,
        "Net Income Common Stockholders": 145000000.0,
        "Net Income": 145000000.0,
        "Minority Interests": NaN,
        "Net Income Including Noncontrolling Interests": 145000000.0,
        "Net Income Continuous Operations": 145000000.0,
        "Tax Provision": 28000000.0,
        "Pretax Income": 173000000.0,
        "Other Income Expense": 1000000.0,
        "Other Non Operating Income Expenses": 8000000.0,
        "Special Income Charges": -12000000.0,
        "Gain On Sale Of Ppe": 0.0,
        "Other Special Charges": NaN,
        "Restructuring And Mergern Acquisition": 12000000.0,
        "Earnings From Equity Interest": 12000000.0,
        "Gain On Sale Of Security": -7000000.0,
        "Net Non Operating Interest Income Expense": -42000000.0,
        "Interest Expense Non Operating": 42000000.0,
        "Operating Income": 214000000.0,
        "Operating Expense": 154000000.0,
        "Other Operating Expenses": 4000000.0,
        "Research And Development": 26000000.0,
        "Selling General And Administration": 124000000.0,
        "General And Administrative Expense": NaN,
        "Other Gand A": NaN,
        "Rent And Landing Fees": NaN,
        "Gross Profit": 368000000.0,
        "Cost Of Revenue": 1168000000.0,
        "Total Revenue": 1536000000.0,
        "Operating Revenue": 1536000000.0
    },
    "2022-12-31": {
        "Tax Effect Of Unusual Items": NaN,
        "Tax Rate For Calcs": NaN,
        "Normalized EBITDA": NaN,
        "Total Unusual Items": NaN,
        "Total Unusual Items Excluding Goodwill": NaN,
        "Net Income From Continuing Operation Net Minority Interest": NaN,
        "Reconciled Depreciation": NaN,
        "Reconciled Cost Of Revenue": NaN,
        "EBITDA": NaN,
        "EBIT": NaN,
        "Net Interest Income": NaN,
        "Interest Expense": NaN,
        "Normalized Income": NaN,
        "Net Income From Continuing And Discontinued Operation": NaN,
        "Total Expenses": NaN,
        "Rent Expense Supplemental": NaN,
        "Diluted Average Shares": NaN,
        "Basic Average Shares": NaN,
        "Diluted EPS": NaN,
        "Basic EPS": NaN,
        "Diluted NI Availto Com Stockholders": NaN,
        "Net Income Common Stockholders": NaN,
        "Net Income": NaN,
        "Minority Interests": NaN,
        "Net Income Including Noncontrolling Interests": NaN,
        "Net Income Continuous Operations": NaN,
        "Tax Provision": NaN,
        "Pretax Income": NaN,
        "Other Income Expense": NaN,
        "Other Non Operating Income Expenses": NaN,
        "Special Income Charges": NaN,
        "Gain On Sale Of Ppe": NaN,
        "Other Special Charges": 0.0,
        "Restructuring And Mergern Acquisition": NaN,
        "Earnings From Equity Interest": NaN,
        "Gain On Sale Of Security": NaN,
        "Net Non Operating Interest Income Expense": NaN,
        "Interest Expense Non Operating": NaN,
        "Operating Income": NaN,
        "Operating Expense": NaN,
        "Other Operating Expenses": 1000000.0,
        "Research And Development": NaN,
        "Selling General And Administration": NaN,
        "General And Administrative Expense": NaN,
        "Other Gand A": NaN,
        "Rent And Landing Fees": NaN,
        "Gross Profit": NaN,
        "Cost Of Revenue": NaN,
        "Total Revenue": NaN,
        "Operating Revenue": NaN
    },
    "2022-09-30": {
        "Tax Effect Of Unusual Items": NaN,
        "Tax Rate For Calcs": NaN,
        "Normalized EBITDA": NaN,
        "Total Unusual Items": NaN,
        "Total Unusual Items Excluding Goodwill": NaN,
        "Net Income From Continuing Operation Net Minority Interest": NaN,
        "Reconciled Depreciation": NaN,
        "Reconciled Cost Of Revenue": NaN,
        "EBITDA": NaN,
        "EBIT": NaN,
        "Net Interest Income": NaN,
        "Interest Expense": NaN,
        "Normalized Income": NaN,
        "Net Income From Continuing And Discontinued Operation": NaN,
        "Total Expenses": NaN,
        "Rent Expense Supplemental": NaN,
        "Diluted Average Shares": 157850122.0,
        "Basic Average Shares": 155376422.0,
        "Diluted EPS": 1.52,
        "Basic EPS": 1.54,
        "Diluted NI Availto Com Stockholders": NaN,
        "Net Income Common Stockholders": NaN,
        "Net Income": NaN,
        "Minority Interests": 0.0,
        "Net Income Including Noncontrolling Interests": NaN,
        "Net Income Continuous Operations": NaN,
        "Tax Provision": NaN,
        "Pretax Income": NaN,
        "Other Income Expense": NaN,
        "Other Non Operating Income Expenses": NaN,
        "Special Income Charges": NaN,
        "Gain On Sale Of Ppe": NaN,
        "Other Special Charges": -7000000.0,
        "Restructuring And Mergern Acquisition": NaN,
        "Earnings From Equity Interest": NaN,
        "Gain On Sale Of Security": NaN,
        "Net Non Operating Interest Income Expense": NaN,
        "Interest Expense Non Operating": NaN,
        "Operating Income": NaN,
        "Operating Expense": NaN,
        "Other Operating Expenses": NaN,
        "Research And Development": NaN,
        "Selling General And Administration": NaN,
        "General And Administrative Expense": NaN,
        "Other Gand A": NaN,
        "Rent And Landing Fees": NaN,
        "Gross Profit": NaN,
        "Cost Of Revenue": NaN,
        "Total Revenue": NaN,
        "Operating Revenue": NaN
    },
    "2022-06-30": {
        "Tax Effect Of Unusual Items": -170000.0,
        "Tax Rate For Calcs": 0.17,
        "Normalized EBITDA": 272000000.0,
        "Total Unusual Items": -1000000.0,
        "Total Unusual Items Excluding Goodwill": -1000000.0,
        "Net Income From Continuing Operation Net Minority Interest": 201000000.0,
        "Reconciled Depreciation": 72000000.0,
        "Reconciled Cost Of Revenue": 1418000000.0,
        "EBITDA": 271000000.0,
        "EBIT": 271000000.0,
        "Net Interest Income": -40000000.0,
        "Interest Expense": 40000000.0,
        "Normalized Income": 201830000.0,
        "Net Income From Continuing And Discontinued Operation": 201000000.0,
        "Total Expenses": 1697000000.0,
        "Diluted Average Shares": 159667213.0,
        "Basic Average Shares": 156224802.0,
        "Diluted EPS": 1.26,
        "Basic EPS": 1.29,
        "Diluted NI Availto Com Stockholders": 201000000.0,
        "Net Income Common Stockholders": 201000000.0,
        "Net Income": 201000000.0,
        "Minority Interests": NaN,
        "Net Income Including Noncontrolling Interests": 201000000.0,
        "Net Income Continuous Operations": 201000000.0,
        "Tax Provision": 30000000.0,
        "Pretax Income": 231000000.0,
        "Other Income Expense": 53000000.0,
        "Other Non Operating Income Expenses": 38000000.0,
        "Special Income Charges": -1000000.0,
        "Gain On Sale Of Ppe": 26000000.0,
        "Other Special Charges": NaN,
        "Impairment Of Capital Assets": 0.0,
        "Restructuring And Mergern Acquisition": 1000000.0,
        "Earnings From Equity Interest": 16000000.0,
        "Gain On Sale Of Security": -3000000.0,
        "Net Non Operating Interest Income Expense": -40000000.0,
        "Interest Expense Non Operating": 40000000.0,
        "Operating Income": 218000000.0,
        "Operating Expense": 279000000.0,
        "Other Operating Expenses": NaN,
        "Research And Development": 25000000.0,
        "Selling General And Administration": 254000000.0,
        "Gross Profit": 497000000.0,
        "Cost Of Revenue": 1418000000.0,
        "Total Revenue": 1915000000.0,
        "Operating Revenue": 1915000000.0
    },
    "2023-09-30": {
        "Tax Effect Of Unusual Items": -910000.0,
        "Tax Rate For Calcs": 0.13,
        "Normalized EBITDA": 161000000.0,
        "Total Unusual Items": -7000000.0,
        "Total Unusual Items Excluding Goodwill": -7000000.0,
        "Net Income From Continuing Operation Net Minority Interest": 20000000.0,
        "Reconciled Depreciation": 76000000.0,
        "Reconciled Cost Of Revenue": 1206000000.0,
        "EBITDA": 154000000.0,
        "EBIT": 78000000.0,
        "Net Interest Income": -55000000.0,
        "Interest Expense": 55000000.0,
        "Normalized Income": 26090000.0,
        "Net Income From Continuing And Discontinued Operation": 20000000.0,
        "Total Expenses": 1420000000.0,
        "Rent Expense Supplemental": NaN,
        "Diluted Average Shares": 150185638.0,
        "Basic Average Shares": 148623633.0,
        "Diluted EPS": 0.13,
        "Basic EPS": 0.13,
        "Diluted NI Availto Com Stockholders": 20000000.0,
        "Net Income Common Stockholders": 20000000.0,
        "Net Income": 20000000.0,
        "Minority Interests": 0.0,
        "Net Income Including Noncontrolling Interests": 20000000.0,
        "Net Income Continuous Operations": 20000000.0,
        "Tax Provision": 3000000.0,
        "Pretax Income": 23000000.0,
        "Other Income Expense": 11000000.0,
        "Other Non Operating Income Expenses": 5000000.0,
        "Special Income Charges": 2000000.0,
        "Gain On Sale Of Ppe": 106000000.0,
        "Other Special Charges": 1000000.0,
        "Restructuring And Mergern Acquisition": 103000000.0,
        "Earnings From Equity Interest": 13000000.0,
        "Gain On Sale Of Security": -9000000.0,
        "Net Non Operating Interest Income Expense": -55000000.0,
        "Interest Expense Non Operating": 55000000.0,
        "Operating Income": 67000000.0,
        "Operating Expense": 214000000.0,
        "Other Operating Expenses": 21000000.0,
        "Research And Development": 28000000.0,
        "Selling General And Administration": 165000000.0,
        "General And Administrative Expense": NaN,
        "Other Gand A": NaN,
        "Rent And Landing Fees": NaN,
        "Gross Profit": 281000000.0,
        "Cost Of Revenue": 1206000000.0,
        "Total Revenue": 1487000000.0,
        "Operating Revenue": 1487000000.0
    },
    "2023-12-31": {
        "Tax Effect Of Unusual Items": -4410000.0,
        "Tax Rate For Calcs": 0.21,
        "Normalized EBITDA": 77000000.0,
        "Total Unusual Items": -21000000.0,
        "Total Unusual Items Excluding Goodwill": -21000000.0,
        "Net Income From Continuing Operation Net Minority Interest": -26000000.0,
        "Reconciled Depreciation": 74000000.0,
        "Reconciled Cost Of Revenue": 1114000000.0,
        "EBITDA": 56000000.0,
        "EBIT": -18000000.0,
        "Net Interest Income": -63000000.0,
        "Interest Expense": 63000000.0,
        "Normalized Income": -9410000.0,
        "Net Income From Continuing And Discontinued Operation": -26000000.0,
        "Total Expenses": 1369000000.0,
        "Rent Expense Supplemental": NaN,
        "Diluted Average Shares": NaN,
        "Basic Average Shares": NaN,
        "Diluted EPS": NaN,
        "Basic EPS": NaN,
        "Diluted NI Availto Com Stockholders": -26000000.0,
        "Net Income Common Stockholders": -26000000.0,
        "Net Income": -26000000.0,
        "Minority Interests": 0.0,
        "Net Income Including Noncontrolling Interests": -26000000.0,
        "Net Income Continuous Operations": -26000000.0,
        "Tax Provision": -55000000.0,
        "Pretax Income": -81000000.0,
        "Other Income Expense": -10000000.0,
        "Other Non Operating Income Expenses": 4000000.0,
        "Special Income Charges": -4000000.0,
        "Gain On Sale Of Ppe": 4000000.0,
        "Other Special Charges": 0.0,
        "Restructuring And Mergern Acquisition": 8000000.0,
        "Earnings From Equity Interest": 7000000.0,
        "Gain On Sale Of Security": -17000000.0,
        "Net Non Operating Interest Income Expense": -63000000.0,
        "Interest Expense Non Operating": 63000000.0,
        "Operating Income": -8000000.0,
        "Operating Expense": 255000000.0,
        "Other Operating Expenses": 6000000.0,
        "Research And Development": 26000000.0,
        "Selling General And Administration": 223000000.0,
        "General And Administrative Expense": NaN,
        "Other Gand A": NaN,
        "Rent And Landing Fees": NaN,
        "Gross Profit": 247000000.0,
        "Cost Of Revenue": 1114000000.0,
        "Total Revenue": 1361000000.0,
        "Operating Revenue": 1361000000.0
    },
    "2024-03-31": {
        "Tax Effect Of Unusual Items": 880000.0,
        "Tax Rate For Calcs": 0.22,
        "Normalized EBITDA": 197000000.0,
        "Total Unusual Items": 4000000.0,
        "Total Unusual Items Excluding Goodwill": 4000000.0,
        "Net Income From Continuing Operation Net Minority Interest": 52000000.0,
        "Reconciled Depreciation": 71000000.0,
        "Reconciled Cost Of Revenue": 1064000000.0,
        "EBITDA": 201000000.0,
        "EBIT": 130000000.0,
        "Net Interest Income": -63000000.0,
        "Interest Expense": 63000000.0,
        "Normalized Income": 48880000.0,
        "Net Income From Continuing And Discontinued Operation": 52000000.0,
        "Total Expenses": 1240000000.0,
        "Rent Expense Supplemental": 2000000.0,
        "Diluted Average Shares": 150050369.0,
        "Basic Average Shares": 149035200.0,
        "Diluted EPS": 0.34,
        "Basic EPS": 0.35,
        "Diluted NI Availto Com Stockholders": 52000000.0,
        "Net Income Common Stockholders": 52000000.0,
        "Net Income": 52000000.0,
        "Minority Interests": NaN,
        "Net Income Including Noncontrolling Interests": 52000000.0,
        "Net Income Continuous Operations": 52000000.0,
        "Tax Provision": 15000000.0,
        "Pretax Income": 67000000.0,
        "Other Income Expense": 20000000.0,
        "Other Non Operating Income Expenses": 3000000.0,
        "Special Income Charges": 3000000.0,
        "Gain On Sale Of Ppe": 3000000.0,
        "Other Special Charges": NaN,
        "Restructuring And Mergern Acquisition": 0.0,
        "Earnings From Equity Interest": 13000000.0,
        "Gain On Sale Of Security": 1000000.0,
        "Net Non Operating Interest Income Expense": -63000000.0,
        "Interest Expense Non Operating": 63000000.0,
        "Operating Income": 110000000.0,
        "Operating Expense": 176000000.0,
        "Other Operating Expenses": 4000000.0,
        "Research And Development": 28000000.0,
        "Selling General And Administration": 144000000.0,
        "General And Administrative Expense": 144000000.0,
        "Other Gand A": 142000000.0,
        "Rent And Landing Fees": 2000000.0,
        "Gross Profit": 286000000.0,
        "Cost Of Revenue": 1064000000.0,
        "Total Revenue": 1350000000.0,
        "Operating Revenue": 1350000000.0
    }
}