{
    "2023-06-30": {
        "Tax Effect Of Unusual Items": NaN,
        "Tax Rate For Calcs": NaN,
        "Normalized EBITDA": NaN,
        "Total Unusual Items": NaN,
        "Total Unusual Items Excluding Goodwill": NaN,
        "Net Income From Continuing Operation Net Minority Interest": NaN,
        "Reconciled Depreciation": NaN,
        "Reconciled Cost Of Revenue": NaN,
        "EBITDA": NaN,
        "EBIT": NaN,
        "Net Interest Income": NaN,
        "Interest Expense": NaN,
        "Interest Income": NaN,
        "Normalized Income": NaN,
        "Net Income From Continuing And Discontinued Operation": NaN,
        "Total Expenses": NaN,
        "Total Operating Income As Reported": NaN,
        "Diluted Average Shares": NaN,
        "Basic Average Shares": NaN,
        "Diluted EPS": NaN,
        "Basic EPS": NaN,
        "Diluted NI Availto Com Stockholders": NaN,
        "Net Income Common Stockholders": NaN,
        "Net Income": NaN,
        "Minority Interests": NaN,
        "Net Income Including Noncontrolling Interests": NaN,
        "Net Income Continuous Operations": NaN,
        "Earnings From Equity Interest Net Of Tax": NaN,
        "Tax Provision": NaN,
        "Pretax Income": NaN,
        "Other Income Expense": NaN,
        "Other Non Operating Income Expenses": NaN,
        "Special Income Charges": NaN,
        "Gain On Sale Of Ppe": -1000000.0,
        "Restructuring And Mergern Acquisition": NaN,
        "Gain On Sale Of Security": NaN,
        "Net Non Operating Interest Income Expense": NaN,
        "Interest Expense Non Operating": NaN,
        "Interest Income Non Operating": NaN,
        "Operating Income": NaN,
        "Operating Expense": NaN,
        "Depreciation Amortization Depletion Income Statement": NaN,
        "Depreciation And Amortization In Income Statement": NaN,
        "Selling General And Administration": NaN,
        "Selling And Marketing Expense": 148000000.0,
        "General And Administrative Expense": NaN,
        "Other Gand A": NaN,
        "Salaries And Wages": 16000000.0,
        "Gross Profit": NaN,
        "Cost Of Revenue": NaN,
        "Total Revenue": NaN,
        "Operating Revenue": NaN
    },
    "2023-03-31": {
        "Tax Effect Of Unusual Items": NaN,
        "Tax Rate For Calcs": NaN,
        "Normalized EBITDA": NaN,
        "Total Unusual Items": NaN,
        "Total Unusual Items Excluding Goodwill": NaN,
        "Net Income From Continuing Operation Net Minority Interest": NaN,
        "Reconciled Depreciation": NaN,
        "Reconciled Cost Of Revenue": NaN,
        "EBITDA": NaN,
        "EBIT": NaN,
        "Net Interest Income": NaN,
        "Interest Expense": NaN,
        "Interest Income": NaN,
        "Normalized Income": NaN,
        "Net Income From Continuing And Discontinued Operation": NaN,
        "Total Expenses": NaN,
        "Total Operating Income As Reported": NaN,
        "Diluted Average Shares": NaN,
        "Basic Average Shares": NaN,
        "Diluted EPS": NaN,
        "Basic EPS": NaN,
        "Diluted NI Availto Com Stockholders": NaN,
        "Net Income Common Stockholders": NaN,
        "Net Income": NaN,
        "Minority Interests": NaN,
        "Net Income Including Noncontrolling Interests": NaN,
        "Net Income Continuous Operations": NaN,
        "Earnings From Equity Interest Net Of Tax": NaN,
        "Tax Provision": NaN,
        "Pretax Income": NaN,
        "Other Income Expense": NaN,
        "Other Non Operating Income Expenses": NaN,
        "Special Income Charges": NaN,
        "Gain On Sale Of Ppe": -2000000.0,
        "Restructuring And Mergern Acquisition": NaN,
        "Gain On Sale Of Security": NaN,
        "Net Non Operating Interest Income Expense": NaN,
        "Interest Expense Non Operating": NaN,
        "Interest Income Non Operating": NaN,
        "Operating Income": NaN,
        "Operating Expense": NaN,
        "Depreciation Amortization Depletion Income Statement": NaN,
        "Depreciation And Amortization In Income Statement": NaN,
        "Selling General And Administration": NaN,
        "Selling And Marketing Expense": NaN,
        "General And Administrative Expense": NaN,
        "Other Gand A": 160000000.0,
        "Salaries And Wages": NaN,
        "Gross Profit": NaN,
        "Cost Of Revenue": NaN,
        "Total Revenue": NaN,
        "Operating Revenue": NaN
    },
    "2022-12-31": {
        "Tax Effect Of Unusual Items": NaN,
        "Tax Rate For Calcs": NaN,
        "Normalized EBITDA": NaN,
        "Total Unusual Items": NaN,
        "Total Unusual Items Excluding Goodwill": NaN,
        "Net Income From Continuing Operation Net Minority Interest": NaN,
        "Reconciled Depreciation": NaN,
        "Reconciled Cost Of Revenue": NaN,
        "EBITDA": NaN,
        "EBIT": NaN,
        "Net Interest Income": NaN,
        "Interest Expense": NaN,
        "Interest Income": NaN,
        "Normalized Income": NaN,
        "Net Income From Continuing And Discontinued Operation": NaN,
        "Total Expenses": NaN,
        "Total Operating Income As Reported": NaN,
        "Diluted Average Shares": NaN,
        "Basic Average Shares": NaN,
        "Diluted EPS": NaN,
        "Basic EPS": NaN,
        "Diluted NI Availto Com Stockholders": NaN,
        "Net Income Common Stockholders": NaN,
        "Net Income": NaN,
        "Minority Interests": NaN,
        "Net Income Including Noncontrolling Interests": NaN,
        "Net Income Discontinuous Operations": 0.0,
        "Net Income Continuous Operations": NaN,
        "Earnings From Equity Interest Net Of Tax": NaN,
        "Tax Provision": NaN,
        "Pretax Income": NaN,
        "Other Income Expense": NaN,
        "Other Non Operating Income Expenses": 9000000.0,
        "Special Income Charges": NaN,
        "Gain On Sale Of Ppe": NaN,
        "Other Special Charges": 0.0,
        "Restructuring And Mergern Acquisition": NaN,
        "Gain On Sale Of Security": NaN,
        "Net Non Operating Interest Income Expense": NaN,
        "Interest Expense Non Operating": NaN,
        "Interest Income Non Operating": NaN,
        "Operating Income": NaN,
        "Operating Expense": NaN,
        "Depreciation Amortization Depletion Income Statement": NaN,
        "Depreciation And Amortization In Income Statement": NaN,
        "Selling General And Administration": NaN,
        "Selling And Marketing Expense": NaN,
        "General And Administrative Expense": NaN,
        "Other Gand A": 137000000.0,
        "Salaries And Wages": NaN,
        "Gross Profit": NaN,
        "Cost Of Revenue": NaN,
        "Total Revenue": NaN,
        "Operating Revenue": NaN
    },
    "2022-09-30": {
        "Tax Effect Of Unusual Items": NaN,
        "Tax Rate For Calcs": NaN,
        "Normalized EBITDA": NaN,
        "Total Unusual Items": NaN,
        "Total Unusual Items Excluding Goodwill": NaN,
        "Net Income From Continuing Operation Net Minority Interest": NaN,
        "Reconciled Depreciation": NaN,
        "Reconciled Cost Of Revenue": NaN,
        "EBITDA": NaN,
        "EBIT": NaN,
        "Net Interest Income": NaN,
        "Interest Expense": NaN,
        "Interest Income": NaN,
        "Normalized Income": NaN,
        "Net Income From Continuing And Discontinued Operation": NaN,
        "Total Expenses": NaN,
        "Total Operating Income As Reported": NaN,
        "Diluted Average Shares": NaN,
        "Basic Average Shares": NaN,
        "Diluted EPS": NaN,
        "Basic EPS": NaN,
        "Diluted NI Availto Com Stockholders": NaN,
        "Net Income Common Stockholders": NaN,
        "Net Income": NaN,
        "Minority Interests": NaN,
        "Net Income Including Noncontrolling Interests": NaN,
        "Net Income Discontinuous Operations": 0.0,
        "Net Income Continuous Operations": NaN,
        "Earnings From Equity Interest Net Of Tax": NaN,
        "Tax Provision": NaN,
        "Pretax Income": NaN,
        "Other Income Expense": NaN,
        "Other Non Operating Income Expenses": -3000000.0,
        "Special Income Charges": NaN,
        "Gain On Sale Of Ppe": 0.0,
        "Other Special Charges": 11000000.0,
        "Restructuring And Mergern Acquisition": NaN,
        "Gain On Sale Of Security": NaN,
        "Net Non Operating Interest Income Expense": NaN,
        "Interest Expense Non Operating": NaN,
        "Interest Income Non Operating": NaN,
        "Operating Income": NaN,
        "Operating Expense": NaN,
        "Depreciation Amortization Depletion Income Statement": NaN,
        "Depreciation And Amortization In Income Statement": NaN,
        "Selling General And Administration": NaN,
        "Selling And Marketing Expense": NaN,
        "General And Administrative Expense": NaN,
        "Other Gand A": NaN,
        "Salaries And Wages": NaN,
        "Gross Profit": NaN,
        "Cost Of Revenue": NaN,
        "Total Revenue": NaN,
        "Operating Revenue": NaN
    },
    "2022-06-30": {
        "Tax Effect Of Unusual Items": 13926000.0,
        "Tax Rate For Calcs": 0.211,
        "Normalized EBITDA": 516000000.0,
        "Total Unusual Items": 66000000.0,
        "Total Unusual Items Excluding Goodwill": 66000000.0,
        "Net Income From Continuing Operation Net Minority Interest": 295000000.0,
        "Reconciled Depreciation": 116000000.0,
        "Reconciled Cost Of Revenue": 2861000000.0,
        "EBITDA": 582000000.0,
        "EBIT": 466000000.0,
        "Net Interest Income": -61000000.0,
        "Interest Expense": 64000000.0,
        "Interest Income": 3000000.0,
        "Normalized Income": 242926000.0,
        "Net Income From Continuing And Discontinued Operation": 295000000.0,
        "Total Expenses": 3113000000.0,
        "Total Operating Income As Reported": 466000000.0,
        "Diluted Average Shares": 121600000.0,
        "Basic Average Shares": 121000000.0,
        "Diluted EPS": 2.43,
        "Basic EPS": 2.44,
        "Diluted NI Availto Com Stockholders": 295000000.0,
        "Net Income Common Stockholders": 295000000.0,
        "Net Income": 295000000.0,
        "Minority Interests": -34000000.0,
        "Net Income Including Noncontrolling Interests": 329000000.0,
        "Net Income Discontinuous Operations": 0.0,
        "Net Income Continuous Operations": 329000000.0,
        "Earnings From Equity Interest Net Of Tax": 12000000.0,
        "Tax Provision": 85000000.0,
        "Pretax Income": 402000000.0,
        "Other Income Expense": 66000000.0,
        "Other Non Operating Income Expenses": 4000000.0,
        "Special Income Charges": 73000000.0,
        "Gain On Sale Of Ppe": NaN,
        "Other Special Charges": NaN,
        "Restructuring And Mergern Acquisition": -73000000.0,
        "Gain On Sale Of Security": -7000000.0,
        "Net Non Operating Interest Income Expense": -61000000.0,
        "Interest Expense Non Operating": 64000000.0,
        "Interest Income Non Operating": 3000000.0,
        "Operating Income": 397000000.0,
        "Operating Expense": 252000000.0,
        "Depreciation Amortization Depletion Income Statement": 116000000.0,
        "Depreciation And Amortization In Income Statement": 116000000.0,
        "Selling General And Administration": 136000000.0,
        "General And Administrative Expense": 136000000.0,
        "Other Gand A": 140000000.0,
        "Salaries And Wages": -4000000.0,
        "Gross Profit": 649000000.0,
        "Cost Of Revenue": 2861000000.0,
        "Total Revenue": 3510000000.0,
        "Operating Revenue": 3510000000.0
    },
    "2022-03-31": {
        "Diluted EPS": 1.74,
        "Total Revenue": NaN,
        "Gross Profit": 500,
        "Operating Income": 344,
        "EBIT": 459,
        "Net Income": 216
    },
    "2021-12-31": {
        "Diluted EPS": -7.61,
        "Total Revenue": NaN,
        "Gross Profit": 462,
        "Operating Income": 303,
        "EBIT": 414,
        "Net Income": NaN
    },
    "2021-09-30": {
        "Diluted EPS": 0.79,
        "Total Revenue": NaN,
        "Gross Profit": 485,
        "Operating Income": 348,
        "EBIT": 461,
        "Net Income": 102
    },
    "2021-06-30": {
        "Diluted EPS": 0.95,
        "Total Revenue": NaN,
        "Gross Profit": 501,
        "Operating Income": 385,
        "EBIT": 497,
        "Net Income": 128
    },
    "2021-03-31": {
        "Diluted EPS": 1.57,
        "Total Revenue": NaN,
        "Gross Profit": 470,
        "Operating Income": 327,
        "EBIT": 454,
        "Net Income": 211
    },
    "2020-12-31": {
        "Diluted EPS": 1.12,
        "Total Revenue": NaN,
        "Gross Profit": 407,
        "Operating Income": 279,
        "EBIT": 400,
        "Net Income": 151
    },
    "2020-09-30": {
        "Diluted EPS": 1.59,
        "Total Revenue": NaN,
        "Gross Profit": 458,
        "Operating Income": 315,
        "EBIT": 436,
        "Net Income": 214
    },
    "2020-06-30": {
        "Diluted EPS": 0.94,
        "Total Revenue": NaN,
        "Gross Profit": 331,
        "Operating Income": 208,
        "EBIT": 325,
        "Net Income": 126
    },
    "2020-03-31": {
        "Diluted EPS": 0.65,
        "Total Revenue": NaN,
        "Gross Profit": 415,
        "Operating Income": 246,
        "EBIT": 368,
        "Net Income": 88
    },
    "2019-12-31": {
        "Diluted EPS": 0.63,
        "Total Revenue": 685,
        "Gross Profit": 127,
        "Operating Income": 30,
        "EBIT": 179,
        "Net Income": 87
    },
    "2019-09-30": {
        "Diluted EPS": 1.36,
        "Total Revenue": NaN,
        "Gross Profit": 508,
        "Operating Income": 352,
        "EBIT": 473,
        "Net Income": 183
    },
    "2019-06-30": {
        "Diluted EPS": 1.02,
        "Total Revenue": NaN,
        "Gross Profit": 495,
        "Operating Income": 383,
        "EBIT": 506,
        "Net Income": 137
    },
    "2019-03-31": {
        "Diluted EPS": 0.77,
        "Total Revenue": NaN,
        "Gross Profit": 423,
        "Operating Income": 262,
        "EBIT": 384,
        "Net Income": 103
    },
    "2018-12-31": {
        "Diluted EPS": 0.39,
        "Total Revenue": NaN,
        "Gross Profit": 390,
        "Operating Income": 218,
        "EBIT": 338,
        "Net Income": 53
    },
    "2018-09-30": {
        "Diluted EPS": 1.23,
        "Total Revenue": NaN,
        "Gross Profit": 517,
        "Operating Income": 365,
        "EBIT": 492,
        "Net Income": 164
    },
    "2018-06-30": {
        "Diluted EPS": 0.99,
        "Total Revenue": NaN,
        "Gross Profit": 467,
        "Operating Income": 292,
        "EBIT": 405,
        "Net Income": 132
    },
    "2018-03-31": {
        "Diluted EPS": 0.67,
        "Total Revenue": NaN,
        "Gross Profit": 324,
        "Operating Income": 221,
        "EBIT": 286,
        "Net Income": 90
    },
    "2017-12-31": {
        "Diluted EPS": -0.65,
        "Total Revenue": NaN,
        "Gross Profit": 333,
        "Operating Income": 212,
        "EBIT": 276,
        "Net Income": -89
    },
    "2017-09-30": {
        "Diluted EPS": 1.32,
        "Total Revenue": NaN,
        "Gross Profit": 433,
        "Operating Income": 328,
        "EBIT": 391,
        "Net Income": 177
    },
    "2017-06-30": {
        "Diluted EPS": 0.94,
        "Total Revenue": NaN,
        "Gross Profit": 368,
        "Operating Income": 259,
        "EBIT": 320,
        "Net Income": 128
    },
    "2017-03-31": {
        "Diluted EPS": 0.77,
        "Total Revenue": NaN,
        "Gross Profit": 311,
        "Operating Income": 225,
        "EBIT": 284,
        "Net Income": 107
    },
    "2016-12-31": {
        "Diluted EPS": 0.47,
        "Total Revenue": NaN,
        "Gross Profit": 291,
        "Operating Income": 168,
        "EBIT": 227,
        "Net Income": 65
    },
    "2016-09-30": {
        "Diluted EPS": 1.31,
        "Total Revenue": NaN,
        "Gross Profit": 425,
        "Operating Income": 315,
        "EBIT": 378,
        "Net Income": 183
    },
    "2016-06-30": {
        "Diluted EPS": 1.21,
        "Total Revenue": NaN,
        "Gross Profit": 386,
        "Operating Income": 295,
        "EBIT": 360,
        "Net Income": 169
    },
    "2016-03-31": {
        "Diluted EPS": 0.57,
        "Total Revenue": NaN,
        "Gross Profit": 312,
        "Operating Income": 219,
        "EBIT": 279,
        "Net Income": 79
    },
    "2015-12-31": {
        "Diluted EPS": 0.47,
        "Total Revenue": NaN,
        "Gross Profit": 335,
        "Operating Income": 201,
        "EBIT": 264,
        "Net Income": 66
    },
    "2015-09-30": {
        "Diluted EPS": 1.01,
        "Total Revenue": NaN,
        "Gross Profit": 415,
        "Operating Income": 281,
        "EBIT": 342,
        "Net Income": 141
    },
    "2015-06-30": {
        "Diluted EPS": 1.02,
        "Total Revenue": NaN,
        "Gross Profit": 373,
        "Operating Income": 277,
        "EBIT": 339,
        "Net Income": 142
    },
    "2015-03-31": {
        "Diluted EPS": 0.32,
        "Total Revenue": NaN,
        "Gross Profit": 286,
        "Operating Income": 168,
        "EBIT": 219,
        "Net Income": 44
    },
    "2014-12-31": {
        "Diluted EPS": 0.13,
        "Total Revenue": NaN,
        "Gross Profit": 287,
        "Operating Income": 113,
        "EBIT": 168,
        "Net Income": 16
    },
    "2014-09-30": {
        "Diluted EPS": 1.76,
        "Total Revenue": NaN,
        "Gross Profit": 422,
        "Operating Income": 319,
        "EBIT": 372,
        "Net Income": 244
    },
    "2014-06-30": {
        "Diluted EPS": 0.76,
        "Total Revenue": NaN,
        "Gross Profit": 376,
        "Operating Income": 242,
        "EBIT": 289,
        "Net Income": 106
    },
    "2014-03-31": {
        "Diluted EPS": 0.17,
        "Total Revenue": NaN,
        "Gross Profit": 297,
        "Operating Income": 141,
        "EBIT": 176,
        "Net Income": 24
    },
    "2013-12-31": {
        "Diluted EPS": 0.36,
        "Total Revenue": NaN,
        "Gross Profit": 274,
        "Operating Income": 141,
        "EBIT": 177,
        "Net Income": 49
    },
    "2013-09-30": {
        "Diluted EPS": 0.73,
        "Total Revenue": NaN,
        "Gross Profit": 394,
        "Operating Income": 250,
        "EBIT": 284,
        "Net Income": 101
    },
    "2013-06-30": {
        "Diluted EPS": 0.93,
        "Total Revenue": NaN,
        "Gross Profit": 375,
        "Operating Income": 269,
        "EBIT": 299,
        "Net Income": 133
    },
    "2013-03-31": {
        "Diluted EPS": 0.28,
        "Total Revenue": NaN,
        "Gross Profit": 299,
        "Operating Income": 191,
        "EBIT": 225,
        "Net Income": 41
    },
    "2012-12-31": {
        "Diluted EPS": 0.22,
        "Total Revenue": NaN,
        "Gross Profit": 281,
        "Operating Income": 162,
        "EBIT": 209,
        "Net Income": 31
    },
    "2012-09-30": {
        "Diluted EPS": 2.2,
        "Total Revenue": NaN,
        "Gross Profit": 369,
        "Operating Income": 270,
        "EBIT": 316,
        "Net Income": 325
    },
    "2012-06-30": {
        "Diluted EPS": 0.89,
        "Total Revenue": NaN,
        "Gross Profit": 340,
        "Operating Income": 247,
        "EBIT": 292,
        "Net Income": 134
    },
    "2012-03-31": {
        "Diluted EPS": 0.46,
        "Total Revenue": NaN,
        "Gross Profit": 287,
        "Operating Income": 181,
        "EBIT": 223,
        "Net Income": 69
    },
    "2011-12-31": {
        "Diluted EPS": 0.06,
        "Total Revenue": NaN,
        "Gross Profit": 289,
        "Operating Income": 114,
        "EBIT": 158,
        "Net Income": 8
    },
    "2011-09-30": {
        "Diluted EPS": 0.84,
        "Total Revenue": NaN,
        "Gross Profit": 396,
        "Operating Income": 298,
        "EBIT": 345,
        "Net Income": 129
    },
    "2011-06-30": {
        "Diluted EPS": 0.83,
        "Total Revenue": NaN,
        "Gross Profit": 371,
        "Operating Income": 271,
        "EBIT": 316,
        "Net Income": 129
    },
    "2011-03-31": {
        "Diluted EPS": 0.1,
        "Total Revenue": NaN,
        "Gross Profit": 292,
        "Operating Income": 165,
        "EBIT": 205,
        "Net Income": 16
    },
    "2010-12-31": {
        "Diluted EPS": 0.28,
        "Total Revenue": NaN,
        "Gross Profit": 288,
        "Operating Income": 152,
        "EBIT": 196,
        "Net Income": 45
    },
    "2010-09-30": {
        "Diluted EPS": 0.78,
        "Total Revenue": NaN,
        "Gross Profit": 377,
        "Operating Income": 263,
        "EBIT": 303,
        "Net Income": 126
    },
    "2010-06-30": {
        "Diluted EPS": 0.69,
        "Total Revenue": NaN,
        "Gross Profit": 335,
        "Operating Income": 238,
        "EBIT": 282,
        "Net Income": 112
    },
    "2010-03-31": {
        "Diluted EPS": 0.25,
        "Total Revenue": NaN,
        "Gross Profit": 250,
        "Operating Income": 149,
        "EBIT": 193,
        "Net Income": 41
    },
    "2009-12-31": {
        "Diluted EPS": 0.49,
        "Total Revenue": NaN,
        "Gross Profit": 250,
        "Operating Income": 87,
        "EBIT": 139,
        "Net Income": 81
    },
    "2009-09-30": {
        "Diluted EPS": 0.67,
        "Total Revenue": NaN,
        "Gross Profit": 365,
        "Operating Income": 230,
        "EBIT": 279,
        "Net Income": 108
    },
    "2009-06-30": {
        "Diluted EPS": 0.65,
        "Total Revenue": NaN,
        "Gross Profit": 333,
        "Operating Income": 242,
        "EBIT": 242,
        "Net Income": 105
    },
    "2009-03-31": {
        "Diluted EPS": 0.25,
        "Total Revenue": NaN,
        "Gross Profit": 245,
        "Operating Income": 155,
        "EBIT": 155,
        "Net Income": 40
    },
    "2023-09-30": {
        "Tax Effect Of Unusual Items": -6642857.142857,
        "Tax Rate For Calcs": 0.246032,
        "Normalized EBITDA": 514000000.0,
        "Total Unusual Items": -27000000.0,
        "Total Unusual Items Excluding Goodwill": -27000000.0,
        "Net Income From Continuing Operation Net Minority Interest": 159000000.0,
        "Reconciled Depreciation": 124000000.0,
        "Reconciled Cost Of Revenue": 2427000000.0,
        "EBITDA": 487000000.0,
        "EBIT": 363000000.0,
        "Net Interest Income": -98000000.0,
        "Interest Expense": 111000000.0,
        "Interest Income": 13000000.0,
        "Normalized Income": 179357142.857143,
        "Net Income From Continuing And Discontinued Operation": 159000000.0,
        "Total Expenses": 2680000000.0,
        "Total Operating Income As Reported": 374000000.0,
        "Diluted Average Shares": 119740429.0,
        "Basic Average Shares": 119495455.0,
        "Diluted EPS": 1.33,
        "Basic EPS": 1.33,
        "Diluted NI Availto Com Stockholders": 159000000.0,
        "Net Income Common Stockholders": 159000000.0,
        "Net Income": 159000000.0,
        "Minority Interests": -41000000.0,
        "Net Income Including Noncontrolling Interests": 200000000.0,
        "Net Income Continuous Operations": 200000000.0,
        "Earnings From Equity Interest Net Of Tax": 10000000.0,
        "Tax Provision": 62000000.0,
        "Pretax Income": 252000000.0,
        "Other Income Expense": -39000000.0,
        "Other Non Operating Income Expenses": -12000000.0,
        "Special Income Charges": -14000000.0,
        "Gain On Sale Of Ppe": -13000000.0,
        "Restructuring And Mergern Acquisition": 1000000.0,
        "Gain On Sale Of Security": -13000000.0,
        "Net Non Operating Interest Income Expense": -98000000.0,
        "Interest Expense Non Operating": 111000000.0,
        "Interest Income Non Operating": 13000000.0,
        "Operating Income": 389000000.0,
        "Operating Expense": 253000000.0,
        "Depreciation Amortization Depletion Income Statement": 124000000.0,
        "Depreciation And Amortization In Income Statement": 124000000.0,
        "Selling General And Administration": 129000000.0,
        "Selling And Marketing Expense": 129000000.0,
        "General And Administrative Expense": 129000000.0,
        "Other Gand A": 129000000.0,
        "Salaries And Wages": 11000000.0,
        "Gross Profit": 642000000.0,
        "Cost Of Revenue": 2427000000.0,
        "Total Revenue": 3069000000.0,
        "Operating Revenue": 3069000000.0
    },
    "2023-12-31": {
        "Tax Effect Of Unusual Items": -19740000.0,
        "Tax Rate For Calcs": 0.21,
        "Normalized EBITDA": 477000000.0,
        "Total Unusual Items": -94000000.0,
        "Total Unusual Items Excluding Goodwill": -94000000.0,
        "Net Income From Continuing Operation Net Minority Interest": 32000000.0,
        "Reconciled Depreciation": 127000000.0,
        "Reconciled Cost Of Revenue": 2245000000.0,
        "EBITDA": 383000000.0,
        "EBIT": 256000000.0,
        "Net Interest Income": -94000000.0,
        "Interest Expense": 113000000.0,
        "Interest Income": 19000000.0,
        "Normalized Income": 106260000.0,
        "Net Income From Continuing And Discontinued Operation": 32000000.0,
        "Total Expenses": 2517000000.0,
        "Total Operating Income As Reported": 259000000.0,
        "Diluted Average Shares": 119743953.0,
        "Basic Average Shares": 119507491.0,
        "Diluted EPS": 0.27,
        "Basic EPS": 0.27,
        "Diluted NI Availto Com Stockholders": 32000000.0,
        "Net Income Common Stockholders": 32000000.0,
        "Net Income": 32000000.0,
        "Minority Interests": -46000000.0,
        "Net Income Including Noncontrolling Interests": 78000000.0,
        "Net Income Continuous Operations": 78000000.0,
        "Earnings From Equity Interest Net Of Tax": -6000000.0,
        "Tax Provision": 59000000.0,
        "Pretax Income": 143000000.0,
        "Other Income Expense": -104000000.0,
        "Other Non Operating Income Expenses": -10000000.0,
        "Special Income Charges": -84000000.0,
        "Gain On Sale Of Ppe": NaN,
        "Restructuring And Mergern Acquisition": 99000000.0,
        "Gain On Sale Of Security": -10000000.0,
        "Net Non Operating Interest Income Expense": -94000000.0,
        "Interest Expense Non Operating": 113000000.0,
        "Interest Income Non Operating": 19000000.0,
        "Operating Income": 341000000.0,
        "Operating Expense": 272000000.0,
        "Depreciation Amortization Depletion Income Statement": 127000000.0,
        "Depreciation And Amortization In Income Statement": 127000000.0,
        "Selling General And Administration": 145000000.0,
        "Selling And Marketing Expense": 145000000.0,
        "General And Administrative Expense": 145000000.0,
        "Other Gand A": 145000000.0,
        "Salaries And Wages": 11000000.0,
        "Gross Profit": 613000000.0,
        "Cost Of Revenue": 2245000000.0,
        "Total Revenue": 2858000000.0,
        "Operating Revenue": 2858000000.0
    },
    "2024-03-31": {
        "Tax Effect Of Unusual Items": -8656716.41791,
        "Tax Rate For Calcs": 0.298507,
        "Normalized EBITDA": 391000000.0,
        "Total Unusual Items": -29000000.0,
        "Total Unusual Items Excluding Goodwill": -29000000.0,
        "Net Income From Continuing Operation Net Minority Interest": 67000000.0,
        "Reconciled Depreciation": 115000000.0,
        "Reconciled Cost Of Revenue": 2247000000.0,
        "EBITDA": 362000000.0,
        "EBIT": 247000000.0,
        "Net Interest Income": -93000000.0,
        "Interest Expense": 113000000.0,
        "Interest Income": 20000000.0,
        "Normalized Income": 87343283.58209,
        "Net Income From Continuing And Discontinued Operation": 67000000.0,
        "Total Expenses": 2516000000.0,
        "Total Operating Income As Reported": 245000000.0,
        "Diluted Average Shares": 119815849.0,
        "Basic Average Shares": 119574366.0,
        "Diluted EPS": 0.56,
        "Basic EPS": 0.56,
        "Diluted NI Availto Com Stockholders": 67000000.0,
        "Net Income Common Stockholders": 67000000.0,
        "Net Income": 67000000.0,
        "Minority Interests": -26000000.0,
        "Net Income Including Noncontrolling Interests": 93000000.0,
        "Net Income Continuous Operations": 93000000.0,
        "Earnings From Equity Interest Net Of Tax": -1000000.0,
        "Tax Provision": 40000000.0,
        "Pretax Income": 134000000.0,
        "Other Income Expense": -41000000.0,
        "Other Non Operating Income Expenses": -12000000.0,
        "Special Income Charges": -22000000.0,
        "Gain On Sale Of Ppe": -3000000.0,
        "Restructuring And Mergern Acquisition": 19000000.0,
        "Gain On Sale Of Security": -7000000.0,
        "Net Non Operating Interest Income Expense": -93000000.0,
        "Interest Expense Non Operating": 113000000.0,
        "Interest Income Non Operating": 20000000.0,
        "Operating Income": 268000000.0,
        "Operating Expense": 269000000.0,
        "Depreciation Amortization Depletion Income Statement": 115000000.0,
        "Depreciation And Amortization In Income Statement": 115000000.0,
        "Selling General And Administration": 154000000.0,
        "Selling And Marketing Expense": 154000000.0,
        "General And Administrative Expense": 154000000.0,
        "Other Gand A": 154000000.0,
        "Salaries And Wages": 11000000.0,
        "Gross Profit": 537000000.0,
        "Cost Of Revenue": 2247000000.0,
        "Total Revenue": 2784000000.0,
        "Operating Revenue": 2784000000.0
    },
    "2024-06-30": {
        "Tax Effect Of Unusual Items": -4488000.0,
        "Tax Rate For Calcs": 0.204,
        "Normalized EBITDA": 514000000.0,
        "Total Unusual Items": -22000000.0,
        "Total Unusual Items Excluding Goodwill": -22000000.0,
        "Net Income From Continuing Operation Net Minority Interest": 174000000.0,
        "Reconciled Depreciation": 115000000.0,
        "Reconciled Cost Of Revenue": 2379000000.0,
        "EBITDA": 492000000.0,
        "EBIT": 377000000.0,
        "Net Interest Income": -96000000.0,
        "Interest Expense": 112000000.0,
        "Interest Income": 16000000.0,
        "Normalized Income": 191512000.0,
        "Net Income From Continuing And Discontinued Operation": 174000000.0,
        "Total Expenses": 2644000000.0,
        "Total Operating Income As Reported": 379000000.0,
        "Diluted Average Shares": 119846707.0,
        "Basic Average Shares": 119652273.0,
        "Diluted EPS": 1.45,
        "Basic EPS": 1.45,
        "Diluted NI Availto Com Stockholders": 174000000.0,
        "Net Income Common Stockholders": 174000000.0,
        "Net Income": 174000000.0,
        "Minority Interests": -33000000.0,
        "Net Income Including Noncontrolling Interests": 207000000.0,
        "Net Income Continuous Operations": 207000000.0,
        "Earnings From Equity Interest Net Of Tax": -4000000.0,
        "Tax Provision": 54000000.0,
        "Pretax Income": 265000000.0,
        "Other Income Expense": -35000000.0,
        "Other Non Operating Income Expenses": -13000000.0,
        "Special Income Charges": -17000000.0,
        "Gain On Sale Of Ppe": -1000000.0,
        "Restructuring And Mergern Acquisition": 16000000.0,
        "Gain On Sale Of Security": -5000000.0,
        "Net Non Operating Interest Income Expense": -96000000.0,
        "Interest Expense Non Operating": 112000000.0,
        "Interest Income Non Operating": 16000000.0,
        "Operating Income": 396000000.0,
        "Operating Expense": 265000000.0,
        "Depreciation Amortization Depletion Income Statement": 115000000.0,
        "Depreciation And Amortization In Income Statement": 115000000.0,
        "Selling General And Administration": 150000000.0,
        "Selling And Marketing Expense": 150000000.0,
        "General And Administrative Expense": 150000000.0,
        "Other Gand A": 150000000.0,
        "Salaries And Wages": 13000000.0,
        "Gross Profit": 661000000.0,
        "Cost Of Revenue": 2379000000.0,
        "Total Revenue": 3040000000.0,
        "Operating Revenue": 3040000000.0
    },
    "2024-09-30": {
        "Tax Effect Of Unusual Items": 2203389.830508,
        "Tax Rate For Calcs": 0.220339,
        "Normalized EBITDA": 46000000.0,
        "Total Unusual Items": 10000000.0,
        "Total Unusual Items Excluding Goodwill": 10000000.0,
        "Net Income From Continuing Operation Net Minority Interest": -175000000.0,
        "Reconciled Depreciation": 114000000.0,
        "Reconciled Cost Of Revenue": 2383000000.0,
        "EBITDA": 56000000.0,
        "EBIT": -58000000.0,
        "Net Interest Income": -95000000.0,
        "Interest Expense": 119000000.0,
        "Interest Income": 24000000.0,
        "Normalized Income": -182796610.169492,
        "Net Income From Continuing And Discontinued Operation": -175000000.0,
        "Total Expenses": 2643000000.0,
        "Total Operating Income As Reported": 444000000.0,
        "Diluted Average Shares": 119267481.0,
        "Basic Average Shares": 119267481.0,
        "Diluted EPS": -1.47,
        "Basic EPS": -1.47,
        "Diluted NI Availto Com Stockholders": -175000000.0,
        "Net Income Common Stockholders": -175000000.0,
        "Net Income": -175000000.0,
        "Minority Interests": -43000000.0,
        "Net Income Including Noncontrolling Interests": -132000000.0,
        "Net Income Continuous Operations": -132000000.0,
        "Earnings From Equity Interest Net Of Tax": 6000000.0,
        "Tax Provision": -39000000.0,
        "Pretax Income": -177000000.0,
        "Other Income Expense": -513000000.0,
        "Other Non Operating Income Expenses": -523000000.0,
        "Special Income Charges": 13000000.0,
        "Gain On Sale Of Ppe": 21000000.0,
        "Restructuring And Mergern Acquisition": 8000000.0,
        "Gain On Sale Of Security": -3000000.0,
        "Net Non Operating Interest Income Expense": -95000000.0,
        "Interest Expense Non Operating": 119000000.0,
        "Interest Income Non Operating": 24000000.0,
        "Operating Income": 431000000.0,
        "Operating Expense": 260000000.0,
        "Depreciation Amortization Depletion Income Statement": 114000000.0,
        "Depreciation And Amortization In Income Statement": 114000000.0,
        "Selling General And Administration": 146000000.0,
        "Selling And Marketing Expense": NaN,
        "General And Administrative Expense": 146000000.0,
        "Other Gand A": 146000000.0,
        "Salaries And Wages": NaN,
        "Gross Profit": 691000000.0,
        "Cost Of Revenue": 2383000000.0,
        "Total Revenue": 3074000000.0,
        "Operating Revenue": 3074000000.0
    }
}