{
    "2023-03-31": {
        "Tax Effect Of Unusual Items": -1034000.0,
        "Tax Rate For Calcs": 0.4,
        "Normalized EBITDA": -21963.0,
        "Total Unusual Items": -2585000.0,
        "Total Unusual Items Excluding Goodwill": -2585000.0,
        "Net Income From Continuing Operation Net Minority Interest": -3001818.0,
        "EBITDA": -2606963.0,
        "EBIT": -2606963.0,
        "Net Interest Income": 1551953.0,
        "Interest Expense": 0.0,
        "Interest Income": 1551953.0,
        "Normalized Income": -1450818.0,
        "Net Income From Continuing And Discontinued Operation": -3001818.0,
        "Total Expenses": 1573916.0,
        "Total Operating Income As Reported": -1573916.0,
        "Diluted Average Shares": 55771868.0,
        "Basic Average Shares": 12500000.0,
        "Diluted EPS": -0.05,
        "Basic EPS": -0.05,
        "Diluted NI Availto Com Stockholders": -3001818.0,
        "Net Income Common Stockholders": -3001818.0,
        "Net Income": -3001818.0,
        "Net Income Including Noncontrolling Interests": -3001818.0,
        "Net Income Continuous Operations": -3001818.0,
        "Tax Provision": 394855.0,
        "Pretax Income": -2606963.0,
        "Other Income Expense": -2585000.0,
        "Gain On Sale Of Security": -2585000.0,
        "Net Non Operating Interest Income Expense": 1551953.0,
        "Interest Expense Non Operating": 0.0,
        "Interest Income Non Operating": 1551953.0,
        "Operating Income": -1573916.0,
        "Operating Expense": 1573916.0,
        "Other Operating Expenses": 1573916.0,
        "Selling General And Administration": NaN,
        "General And Administrative Expense": NaN,
        "Other Gand A": NaN,
        "Total Revenue": 0.0,
        "Operating Revenue": 0.0
    },
    "2022-12-31": {
        "Tax Effect Of Unusual Items": 33583.90451,
        "Tax Rate For Calcs": 0.213256,
        "Normalized EBITDA": 2998971.0,
        "Total Unusual Items": 157482.0,
        "Total Unusual Items Excluding Goodwill": 157482.0,
        "Net Income From Continuing Operation Net Minority Interest": 2483322.0,
        "EBITDA": 3156453.0,
        "EBIT": 3156453.0,
        "Net Interest Income": 3321165.0,
        "Interest Expense": 0.0,
        "Interest Income": 3321165.0,
        "Normalized Income": 2359423.90451,
        "Net Income From Continuing And Discontinued Operation": 2483322.0,
        "Total Expenses": 322194.0,
        "Total Operating Income As Reported": -322194.0,
        "Diluted Average Shares": 62500000.0,
        "Basic Average Shares": 62500000.0,
        "Diluted EPS": 0.039733,
        "Basic EPS": 0.039733,
        "Diluted NI Availto Com Stockholders": 2483322.0,
        "Net Income Common Stockholders": 2483322.0,
        "Net Income": 2483322.0,
        "Net Income Including Noncontrolling Interests": 2483322.0,
        "Net Income Continuous Operations": 2483322.0,
        "Tax Provision": 673131.0,
        "Pretax Income": 3156453.0,
        "Other Income Expense": 157482.0,
        "Gain On Sale Of Security": 157482.0,
        "Net Non Operating Interest Income Expense": 3321165.0,
        "Interest Expense Non Operating": 0.0,
        "Interest Income Non Operating": 3321165.0,
        "Operating Income": -322194.0,
        "Operating Expense": 322194.0,
        "Other Operating Expenses": 322194.0,
        "Selling General And Administration": 322194.0,
        "General And Administrative Expense": 322194.0,
        "Other Gand A": 322194.0,
        "Total Revenue": 0.0,
        "Operating Revenue": 0.0
    },
    "2022-09-30": {
        "Tax Effect Of Unusual Items": 398116.8752,
        "Tax Rate For Calcs": 0.0683,
        "Normalized EBITDA": 1739899.0,
        "Total Unusual Items": 5828944.0,
        "Total Unusual Items Excluding Goodwill": 5828944.0,
        "Net Income From Continuing Operation Net Minority Interest": 7018315.0,
        "EBITDA": 7568843.0,
        "EBIT": 7568843.0,
        "Net Interest Income": 2125486.0,
        "Interest Expense": 34634.0,
        "Interest Income": 2160120.0,
        "Normalized Income": 1587487.8752,
        "Net Income From Continuing And Discontinued Operation": 7018315.0,
        "Total Expenses": 420221.0,
        "Total Operating Income As Reported": -420221.0,
        "Diluted Average Shares": 62500000.0,
        "Basic Average Shares": 12500000.0,
        "Diluted EPS": 0.112293,
        "Basic EPS": 0.561465,
        "Diluted NI Availto Com Stockholders": 7018315.0,
        "Net Income Common Stockholders": 7018315.0,
        "Net Income": 7018315.0,
        "Net Income Including Noncontrolling Interests": 7018315.0,
        "Net Income Continuous Operations": 7018315.0,
        "Tax Provision": 515894.0,
        "Pretax Income": 7534209.0,
        "Other Income Expense": 5828944.0,
        "Gain On Sale Of Security": 5828944.0,
        "Net Non Operating Interest Income Expense": 2125486.0,
        "Interest Expense Non Operating": 34634.0,
        "Interest Income Non Operating": 2160120.0,
        "Operating Income": -420221.0,
        "Operating Expense": 420221.0,
        "Other Operating Expenses": 420221.0,
        "Selling General And Administration": 420221.0,
        "General And Administrative Expense": 420221.0,
        "Other Gand A": 420221.0,
        "Total Revenue": 0.0,
        "Operating Revenue": 0.0
    },
    "2022-06-30": {
        "Tax Effect Of Unusual Items": 95288.7957,
        "Tax Rate For Calcs": 0.0147,
        "Normalized EBITDA": 104691.0,
        "Total Unusual Items": 6482231.0,
        "Total Unusual Items Excluding Goodwill": 6482231.0,
        "Net Income From Continuing Operation Net Minority Interest": 6438664.0,
        "EBITDA": 6586922.0,
        "EBIT": 6586922.0,
        "Net Interest Income": 668609.0,
        "Interest Expense": 51951.0,
        "Interest Income": 720560.0,
        "Normalized Income": 51721.7957,
        "Net Income From Continuing And Discontinued Operation": 6438664.0,
        "Total Expenses": 615869.0,
        "Total Operating Income As Reported": -615869.0,
        "Diluted Average Shares": 62500000.0,
        "Basic Average Shares": 12500000.0,
        "Diluted EPS": 0.1,
        "Basic EPS": 0.1,
        "Diluted NI Availto Com Stockholders": 6438664.0,
        "Net Income Common Stockholders": 6438664.0,
        "Net Income": 6438664.0,
        "Net Income Including Noncontrolling Interests": 6438664.0,
        "Net Income Continuous Operations": 6438664.0,
        "Tax Provision": 96307.0,
        "Pretax Income": 6534971.0,
        "Other Income Expense": 6482231.0,
        "Gain On Sale Of Security": 6482231.0,
        "Net Non Operating Interest Income Expense": 668609.0,
        "Interest Expense Non Operating": 51951.0,
        "Interest Income Non Operating": 720560.0,
        "Operating Income": -615869.0,
        "Operating Expense": 615869.0,
        "Other Operating Expenses": 615869.0,
        "Selling General And Administration": 615869.0,
        "General And Administrative Expense": 615869.0,
        "Other Gand A": 615869.0,
        "Total Revenue": 0.0,
        "Operating Revenue": 0.0
    },
    "2022-03-31": {
        "Diluted EPS": 0.13,
        "Total Revenue": NaN,
        "Gross Profit": NaN,
        "Operating Income": -1,
        "EBIT": -1,
        "Net Income": 8
    },
    "2021-12-31": {
        "Diluted EPS": 0.12,
        "Total Revenue": NaN,
        "Gross Profit": NaN,
        "Operating Income": -1,
        "EBIT": -1,
        "Net Income": 8
    },
    "2021-09-30": {
        "Diluted EPS": 0.29,
        "Total Revenue": NaN,
        "Gross Profit": NaN,
        "Operating Income": -1,
        "EBIT": -1,
        "Net Income": 18
    },
    "2021-06-30": {
        "Diluted EPS": -0.29,
        "Total Revenue": NaN,
        "Gross Profit": NaN,
        "Operating Income": -1,
        "EBIT": -1,
        "Net Income": -18
    },
    "2021-03-31": {
        "Diluted EPS": -0.09,
        "Total Revenue": NaN,
        "Gross Profit": NaN,
        "Operating Income": 0,
        "EBIT": 0,
        "Net Income": -6
    },
    "2020-12-31": {
        "Diluted EPS": 0.0,
        "Total Revenue": NaN,
        "Gross Profit": NaN,
        "Operating Income": NaN,
        "EBIT": NaN,
        "Net Income": NaN
    },
    "2023-06-30": {
        "Tax Effect Of Unusual Items": 75341.0,
        "Tax Rate For Calcs": 0.3206,
        "Normalized EBITDA": 1209609.0,
        "Total Unusual Items": 235000.0,
        "Total Unusual Items Excluding Goodwill": 235000.0,
        "Net Income From Continuing Operation Net Minority Interest": 981398.0,
        "EBITDA": 1444609.0,
        "EBIT": 1444609.0,
        "Net Interest Income": 1812894.0,
        "Interest Expense": 0.0,
        "Interest Income": 1812894.0,
        "Normalized Income": 821739.0,
        "Net Income From Continuing And Discontinued Operation": 981398.0,
        "Total Expenses": 603285.0,
        "Total Operating Income As Reported": -603285.0,
        "Diluted Average Shares": 27276252.0,
        "Basic Average Shares": 12500000.0,
        "Diluted EPS": 0.04,
        "Basic EPS": 0.04,
        "Diluted NI Availto Com Stockholders": 981398.0,
        "Net Income Common Stockholders": 981398.0,
        "Net Income": 981398.0,
        "Net Income Including Noncontrolling Interests": 981398.0,
        "Net Income Continuous Operations": 981398.0,
        "Tax Provision": 463211.0,
        "Pretax Income": 1444609.0,
        "Other Income Expense": 235000.0,
        "Gain On Sale Of Security": 235000.0,
        "Net Non Operating Interest Income Expense": 1812894.0,
        "Interest Expense Non Operating": 0.0,
        "Interest Income Non Operating": 1812894.0,
        "Operating Income": -603285.0,
        "Operating Expense": 603285.0,
        "Other Operating Expenses": 603285.0,
        "Selling General And Administration": NaN,
        "General And Administrative Expense": NaN,
        "Other Gand A": NaN,
        "Total Revenue": 0.0,
        "Operating Revenue": 0.0
    }
}