{
    "2023-03-31": {
        "Tax Effect Of Unusual Items": NaN,
        "Tax Rate For Calcs": NaN,
        "Normalized EBITDA": NaN,
        "Total Unusual Items": NaN,
        "Total Unusual Items Excluding Goodwill": NaN,
        "Net Income From Continuing Operation Net Minority Interest": NaN,
        "Reconciled Depreciation": NaN,
        "Reconciled Cost Of Revenue": 0.0,
        "EBITDA": NaN,
        "EBIT": NaN,
        "Net Interest Income": NaN,
        "Interest Income": 232000.0,
        "Normalized Income": NaN,
        "Net Income From Continuing And Discontinued Operation": NaN,
        "Total Expenses": NaN,
        "Total Operating Income As Reported": NaN,
        "Diluted Average Shares": NaN,
        "Basic Average Shares": NaN,
        "Diluted EPS": NaN,
        "Basic EPS": NaN,
        "Diluted NI Availto Com Stockholders": NaN,
        "Average Dilution Earnings": 636000.0,
        "Net Income Common Stockholders": NaN,
        "Otherunder Preferred Stock Dividend": 636000.0,
        "Net Income": NaN,
        "Net Income Including Noncontrolling Interests": NaN,
        "Net Income Discontinuous Operations": NaN,
        "Net Income Continuous Operations": NaN,
        "Tax Provision": NaN,
        "Pretax Income": NaN,
        "Other Income Expense": NaN,
        "Special Income Charges": NaN,
        "Other Special Charges": NaN,
        "Net Non Operating Interest Income Expense": NaN,
        "Total Other Finance Cost": -232000.0,
        "Interest Income Non Operating": 232000.0,
        "Operating Income": NaN,
        "Operating Expense": NaN,
        "Research And Development": NaN,
        "Selling General And Administration": NaN,
        "General And Administrative Expense": NaN,
        "Other Gand A": NaN,
        "Gross Profit": 26107000.0,
        "Cost Of Revenue": 0.0,
        "Total Revenue": NaN,
        "Operating Revenue": NaN
    },
    "2022-12-31": {
        "Tax Effect Of Unusual Items": NaN,
        "Tax Rate For Calcs": NaN,
        "Normalized EBITDA": NaN,
        "Total Unusual Items": NaN,
        "Total Unusual Items Excluding Goodwill": NaN,
        "Net Income From Continuing Operation Net Minority Interest": NaN,
        "Reconciled Depreciation": NaN,
        "Reconciled Cost Of Revenue": NaN,
        "EBITDA": NaN,
        "EBIT": NaN,
        "Net Interest Income": NaN,
        "Interest Income": NaN,
        "Normalized Income": NaN,
        "Net Income From Continuing And Discontinued Operation": NaN,
        "Total Expenses": NaN,
        "Total Operating Income As Reported": NaN,
        "Diluted Average Shares": NaN,
        "Basic Average Shares": NaN,
        "Diluted EPS": NaN,
        "Basic EPS": NaN,
        "Diluted NI Availto Com Stockholders": NaN,
        "Average Dilution Earnings": NaN,
        "Net Income Common Stockholders": NaN,
        "Otherunder Preferred Stock Dividend": NaN,
        "Net Income": NaN,
        "Net Income Including Noncontrolling Interests": NaN,
        "Net Income Discontinuous Operations": NaN,
        "Net Income Continuous Operations": NaN,
        "Tax Provision": NaN,
        "Pretax Income": NaN,
        "Other Income Expense": NaN,
        "Special Income Charges": NaN,
        "Other Special Charges": NaN,
        "Net Non Operating Interest Income Expense": NaN,
        "Total Other Finance Cost": -162000.0,
        "Interest Income Non Operating": NaN,
        "Operating Income": NaN,
        "Operating Expense": NaN,
        "Research And Development": NaN,
        "Selling General And Administration": NaN,
        "General And Administrative Expense": NaN,
        "Other Gand A": NaN,
        "Gross Profit": NaN,
        "Cost Of Revenue": NaN,
        "Total Revenue": NaN,
        "Operating Revenue": NaN
    },
    "2022-09-30": {
        "Tax Effect Of Unusual Items": NaN,
        "Tax Rate For Calcs": NaN,
        "Normalized EBITDA": NaN,
        "Net Income From Continuing Operation Net Minority Interest": NaN,
        "Reconciled Depreciation": NaN,
        "Reconciled Cost Of Revenue": 0.0,
        "EBITDA": NaN,
        "EBIT": NaN,
        "Net Interest Income": NaN,
        "Interest Income": 55000.0,
        "Normalized Income": NaN,
        "Net Income From Continuing And Discontinued Operation": NaN,
        "Total Expenses": NaN,
        "Total Operating Income As Reported": NaN,
        "Diluted Average Shares": NaN,
        "Basic Average Shares": NaN,
        "Diluted EPS": NaN,
        "Basic EPS": NaN,
        "Diluted NI Availto Com Stockholders": NaN,
        "Average Dilution Earnings": 3081000.0,
        "Net Income Common Stockholders": NaN,
        "Otherunder Preferred Stock Dividend": 3081000.0,
        "Net Income": NaN,
        "Net Income Including Noncontrolling Interests": NaN,
        "Net Income Continuous Operations": NaN,
        "Tax Provision": 0.0,
        "Pretax Income": NaN,
        "Net Non Operating Interest Income Expense": NaN,
        "Total Other Finance Cost": -55000.0,
        "Interest Income Non Operating": 55000.0,
        "Operating Income": NaN,
        "Operating Expense": NaN,
        "Research And Development": NaN,
        "Selling General And Administration": NaN,
        "General And Administrative Expense": NaN,
        "Other Gand A": NaN,
        "Gross Profit": 40744000.0,
        "Cost Of Revenue": 0.0,
        "Total Revenue": NaN,
        "Operating Revenue": NaN
    },
    "2022-06-30": {
        "Tax Effect Of Unusual Items": 0.0,
        "Tax Rate For Calcs": 0.0,
        "Normalized EBITDA": -12810000.0,
        "Net Income From Continuing Operation Net Minority Interest": -13119000.0,
        "Reconciled Depreciation": 303000.0,
        "EBITDA": -12810000.0,
        "EBIT": -13113000.0,
        "Net Interest Income": -6000.0,
        "Interest Expense": 6000.0,
        "Interest Income": NaN,
        "Normalized Income": -13119000.0,
        "Net Income From Continuing And Discontinued Operation": -13119000.0,
        "Total Expenses": 19329000.0,
        "Total Operating Income As Reported": -13113000.0,
        "Diluted Average Shares": 69133700.0,
        "Basic Average Shares": 69133700.0,
        "Diluted EPS": -0.19,
        "Basic EPS": -0.19,
        "Diluted NI Availto Com Stockholders": -13119000.0,
        "Average Dilution Earnings": 0.0,
        "Net Income Common Stockholders": -13119000.0,
        "Otherunder Preferred Stock Dividend": 0.0,
        "Net Income": -13119000.0,
        "Net Income Including Noncontrolling Interests": -13119000.0,
        "Net Income Continuous Operations": -13119000.0,
        "Tax Provision": NaN,
        "Pretax Income": -13119000.0,
        "Net Non Operating Interest Income Expense": -6000.0,
        "Total Other Finance Cost": NaN,
        "Interest Expense Non Operating": 6000.0,
        "Interest Income Non Operating": NaN,
        "Operating Income": -13113000.0,
        "Operating Expense": 19329000.0,
        "Research And Development": 15255000.0,
        "Selling General And Administration": 4074000.0,
        "General And Administrative Expense": 4074000.0,
        "Other Gand A": 4074000.0,
        "Total Revenue": 6216000.0,
        "Operating Revenue": 6216000.0
    },
    "2022-03-31": {
        "Diluted EPS": -0.27,
        "Total Revenue": 7,
        "Gross Profit": 7,
        "Operating Income": -18,
        "EBIT": -18,
        "Net Income": -18
    },
    "2021-12-31": {
        "Diluted EPS": -0.23,
        "Total Revenue": 7,
        "Gross Profit": 7,
        "Operating Income": -17,
        "EBIT": -19,
        "Net Income": -15
    },
    "2021-09-30": {
        "Diluted EPS": -0.37,
        "Total Revenue": 7,
        "Gross Profit": 7,
        "Operating Income": -18,
        "EBIT": -18,
        "Net Income": -18
    },
    "2021-06-30": {
        "Diluted EPS": 0.18,
        "Total Revenue": 33,
        "Gross Profit": 33,
        "Operating Income": 11,
        "EBIT": 11,
        "Net Income": 9
    },
    "2021-03-31": {
        "Diluted EPS": -0.39,
        "Total Revenue": 2,
        "Gross Profit": 2,
        "Operating Income": -18,
        "EBIT": -18,
        "Net Income": -18
    },
    "2020-12-31": {
        "Diluted EPS": -0.48,
        "Total Revenue": 4,
        "Gross Profit": 4,
        "Operating Income": -22,
        "EBIT": -21,
        "Net Income": -22
    },
    "2020-09-30": {
        "Diluted EPS": -0.41,
        "Total Revenue": 2,
        "Gross Profit": 2,
        "Operating Income": -18,
        "EBIT": -17,
        "Net Income": -18
    },
    "2020-06-30": {
        "Diluted EPS": -0.45,
        "Total Revenue": 3,
        "Gross Profit": 3,
        "Operating Income": -18,
        "EBIT": -18,
        "Net Income": -18
    },
    "2020-03-31": {
        "Diluted EPS": -0.46,
        "Total Revenue": 3,
        "Gross Profit": 3,
        "Operating Income": -15,
        "EBIT": -14,
        "Net Income": -17
    },
    "2019-12-31": {
        "Diluted EPS": -0.4,
        "Total Revenue": 2,
        "Gross Profit": 2,
        "Operating Income": -14,
        "EBIT": -16,
        "Net Income": -14
    },
    "2019-09-30": {
        "Diluted EPS": 0.08,
        "Total Revenue": 19,
        "Gross Profit": 19,
        "Operating Income": 3,
        "EBIT": 3,
        "Net Income": 3
    },
    "2019-06-30": {
        "Diluted EPS": -0.47,
        "Total Revenue": NaN,
        "Gross Profit": NaN,
        "Operating Income": -14,
        "EBIT": -14,
        "Net Income": -14
    },
    "2019-03-31": {
        "Diluted EPS": -0.58,
        "Total Revenue": NaN,
        "Gross Profit": NaN,
        "Operating Income": -16,
        "EBIT": -16,
        "Net Income": -17
    },
    "2018-12-31": {
        "Diluted EPS": -0.26,
        "Total Revenue": NaN,
        "Gross Profit": NaN,
        "Operating Income": -17,
        "EBIT": -17,
        "Net Income": -12
    },
    "2018-09-30": {
        "Diluted EPS": -0.49,
        "Total Revenue": NaN,
        "Gross Profit": NaN,
        "Operating Income": -15,
        "EBIT": -15,
        "Net Income": -14
    },
    "2018-06-30": {
        "Diluted EPS": -1.13,
        "Total Revenue": NaN,
        "Gross Profit": NaN,
        "Operating Income": -15,
        "EBIT": -15,
        "Net Income": -27
    },
    "2018-03-31": {
        "Diluted EPS": -0.8,
        "Total Revenue": NaN,
        "Gross Profit": NaN,
        "Operating Income": -17,
        "EBIT": -17,
        "Net Income": -17
    },
    "2017-12-31": {
        "Diluted EPS": -0.66,
        "Total Revenue": NaN,
        "Gross Profit": NaN,
        "Operating Income": -13,
        "EBIT": -13,
        "Net Income": -13
    },
    "2017-09-30": {
        "Diluted EPS": -0.73,
        "Total Revenue": NaN,
        "Gross Profit": NaN,
        "Operating Income": -12,
        "EBIT": -12,
        "Net Income": -12
    },
    "2017-06-30": {
        "Diluted EPS": -0.99,
        "Total Revenue": NaN,
        "Gross Profit": NaN,
        "Operating Income": -17,
        "EBIT": -16,
        "Net Income": -17
    },
    "2017-03-31": {
        "Diluted EPS": -0.8,
        "Total Revenue": NaN,
        "Gross Profit": NaN,
        "Operating Income": -13,
        "EBIT": -13,
        "Net Income": -13
    },
    "2016-12-31": {
        "Diluted EPS": -0.88,
        "Total Revenue": NaN,
        "Gross Profit": NaN,
        "Operating Income": -14,
        "EBIT": -14,
        "Net Income": -14
    },
    "2016-09-30": {
        "Diluted EPS": -0.88,
        "Total Revenue": NaN,
        "Gross Profit": NaN,
        "Operating Income": -12,
        "EBIT": -12,
        "Net Income": -12
    },
    "2016-06-30": {
        "Diluted EPS": -0.85,
        "Total Revenue": NaN,
        "Gross Profit": NaN,
        "Operating Income": -12,
        "EBIT": -12,
        "Net Income": -12
    },
    "2016-03-31": {
        "Diluted EPS": -0.71,
        "Total Revenue": NaN,
        "Gross Profit": NaN,
        "Operating Income": -10,
        "EBIT": -10,
        "Net Income": -10
    },
    "2015-12-31": {
        "Diluted EPS": 3.93,
        "Total Revenue": NaN,
        "Gross Profit": NaN,
        "Operating Income": -10,
        "EBIT": -10,
        "Net Income": -10
    },
    "2015-09-30": {
        "Diluted EPS": -0.67,
        "Total Revenue": NaN,
        "Gross Profit": NaN,
        "Operating Income": -9,
        "EBIT": -9,
        "Net Income": -9
    },
    "2015-06-30": {
        "Diluted EPS": -0.59,
        "Total Revenue": NaN,
        "Gross Profit": NaN,
        "Operating Income": -6,
        "EBIT": -6,
        "Net Income": -6
    },
    "2015-03-31": {
        "Diluted EPS": -5.92,
        "Total Revenue": NaN,
        "Gross Profit": NaN,
        "Operating Income": -7,
        "EBIT": -7,
        "Net Income": -7
    },
    "2014-12-31": {
        "Diluted EPS": -4.68,
        "Total Revenue": NaN,
        "Gross Profit": NaN,
        "Operating Income": -5,
        "EBIT": -5,
        "Net Income": -5
    },
    "2014-09-30": {
        "Diluted EPS": -2.98,
        "Total Revenue": NaN,
        "Gross Profit": NaN,
        "Operating Income": -3,
        "EBIT": -3,
        "Net Income": -3
    },
    "2014-06-30": {
        "Diluted EPS": -5.04,
        "Total Revenue": NaN,
        "Gross Profit": NaN,
        "Operating Income": -3,
        "EBIT": -3,
        "Net Income": -3
    },
    "2014-03-31": {
        "Diluted EPS": -1.81,
        "Total Revenue": NaN,
        "Gross Profit": NaN,
        "Operating Income": -1,
        "EBIT": -1,
        "Net Income": -1
    },
    "2013-12-31": {
        "Diluted EPS": 0.0,
        "Total Revenue": NaN,
        "Gross Profit": NaN,
        "Operating Income": NaN,
        "EBIT": NaN,
        "Net Income": NaN
    },
    "2023-06-30": {
        "Tax Effect Of Unusual Items": NaN,
        "Tax Rate For Calcs": NaN,
        "Normalized EBITDA": NaN,
        "Total Unusual Items": 0.0,
        "Total Unusual Items Excluding Goodwill": 0.0,
        "Net Income From Continuing Operation Net Minority Interest": NaN,
        "Reconciled Depreciation": NaN,
        "Reconciled Cost Of Revenue": NaN,
        "EBITDA": NaN,
        "EBIT": NaN,
        "Net Interest Income": NaN,
        "Interest Income": NaN,
        "Normalized Income": NaN,
        "Net Income From Continuing And Discontinued Operation": NaN,
        "Total Expenses": NaN,
        "Total Operating Income As Reported": NaN,
        "Diluted Average Shares": 4505813.0,
        "Basic Average Shares": 4505813.0,
        "Diluted EPS": -3.02,
        "Basic EPS": -3.02,
        "Diluted NI Availto Com Stockholders": NaN,
        "Average Dilution Earnings": NaN,
        "Net Income Common Stockholders": NaN,
        "Otherunder Preferred Stock Dividend": NaN,
        "Net Income": NaN,
        "Net Income Including Noncontrolling Interests": NaN,
        "Net Income Discontinuous Operations": -7459000.0,
        "Net Income Continuous Operations": NaN,
        "Tax Provision": 40000.0,
        "Pretax Income": NaN,
        "Other Income Expense": NaN,
        "Special Income Charges": 0.0,
        "Other Special Charges": NaN,
        "Net Non Operating Interest Income Expense": NaN,
        "Total Other Finance Cost": -623000.0,
        "Interest Income Non Operating": NaN,
        "Operating Income": NaN,
        "Operating Expense": NaN,
        "Research And Development": NaN,
        "Selling General And Administration": NaN,
        "General And Administrative Expense": 3181000.0,
        "Other Gand A": 3181000.0,
        "Gross Profit": NaN,
        "Cost Of Revenue": NaN,
        "Total Revenue": NaN,
        "Operating Revenue": NaN
    },
    "2023-09-30": {
        "Tax Effect Of Unusual Items": 0.0,
        "Tax Rate For Calcs": 0.008301,
        "Normalized EBITDA": -4446000.0,
        "Total Unusual Items": NaN,
        "Total Unusual Items Excluding Goodwill": NaN,
        "Net Income From Continuing Operation Net Minority Interest": -3823000.0,
        "Reconciled Depreciation": 22000.0,
        "Reconciled Cost Of Revenue": 387000.0,
        "EBITDA": -4446000.0,
        "EBIT": -4468000.0,
        "Net Interest Income": 613000.0,
        "Interest Income": 613000.0,
        "Normalized Income": -3823000.0,
        "Net Income From Continuing And Discontinued Operation": -9107000.0,
        "Total Expenses": 13685000.0,
        "Total Operating Income As Reported": -4468000.0,
        "Diluted Average Shares": 4514381.0,
        "Basic Average Shares": 4514381.0,
        "Diluted EPS": -2.02,
        "Basic EPS": -2.02,
        "Diluted NI Availto Com Stockholders": -9107000.0,
        "Average Dilution Earnings": 0.0,
        "Net Income Common Stockholders": -9107000.0,
        "Otherunder Preferred Stock Dividend": 0.0,
        "Net Income": -9107000.0,
        "Net Income Including Noncontrolling Interests": -9107000.0,
        "Net Income Discontinuous Operations": -5284000.0,
        "Net Income Continuous Operations": -3823000.0,
        "Tax Provision": -32000.0,
        "Pretax Income": -3855000.0,
        "Other Income Expense": NaN,
        "Special Income Charges": NaN,
        "Other Special Charges": NaN,
        "Net Non Operating Interest Income Expense": 613000.0,
        "Total Other Finance Cost": NaN,
        "Interest Income Non Operating": 613000.0,
        "Operating Income": -4468000.0,
        "Operating Expense": 13685000.0,
        "Research And Development": 10386000.0,
        "Selling General And Administration": 3299000.0,
        "General And Administrative Expense": 3556000.0,
        "Other Gand A": 3556000.0,
        "Gross Profit": 12331000.0,
        "Cost Of Revenue": 387000.0,
        "Total Revenue": 9217000.0,
        "Operating Revenue": 9217000.0
    },
    "2023-12-31": {
        "Tax Effect Of Unusual Items": 0.0,
        "Tax Rate For Calcs": 0.21,
        "Normalized EBITDA": -6035000.0,
        "Total Unusual Items": NaN,
        "Total Unusual Items Excluding Goodwill": NaN,
        "Net Income From Continuing Operation Net Minority Interest": -5611000.0,
        "Reconciled Depreciation": 39000.0,
        "Reconciled Cost Of Revenue": 1136000.0,
        "EBITDA": -6035000.0,
        "EBIT": -6074000.0,
        "Net Interest Income": 527000.0,
        "Interest Income": 527000.0,
        "Normalized Income": -5611000.0,
        "Net Income From Continuing And Discontinued Operation": -5611000.0,
        "Total Expenses": 23657000.0,
        "Total Operating Income As Reported": -6074000.0,
        "Diluted Average Shares": NaN,
        "Basic Average Shares": NaN,
        "Diluted EPS": NaN,
        "Basic EPS": NaN,
        "Diluted NI Availto Com Stockholders": -5611000.0,
        "Average Dilution Earnings": NaN,
        "Net Income Common Stockholders": -5611000.0,
        "Otherunder Preferred Stock Dividend": NaN,
        "Net Income": -5611000.0,
        "Net Income Including Noncontrolling Interests": -5611000.0,
        "Net Income Discontinuous Operations": NaN,
        "Net Income Continuous Operations": -5611000.0,
        "Tax Provision": 64000.0,
        "Pretax Income": -5547000.0,
        "Other Income Expense": NaN,
        "Special Income Charges": NaN,
        "Other Special Charges": NaN,
        "Net Non Operating Interest Income Expense": 527000.0,
        "Total Other Finance Cost": NaN,
        "Interest Income Non Operating": 527000.0,
        "Operating Income": -6074000.0,
        "Operating Expense": 22521000.0,
        "Research And Development": 15352000.0,
        "Selling General And Administration": 7169000.0,
        "General And Administrative Expense": 7169000.0,
        "Other Gand A": 7169000.0,
        "Gross Profit": 16447000.0,
        "Cost Of Revenue": 1136000.0,
        "Total Revenue": 17583000.0,
        "Operating Revenue": 17583000.0
    },
    "2024-03-31": {
        "Tax Effect Of Unusual Items": 0.0,
        "Tax Rate For Calcs": 0.0,
        "Normalized EBITDA": -10635000.0,
        "Total Unusual Items": NaN,
        "Total Unusual Items Excluding Goodwill": NaN,
        "Net Income From Continuing Operation Net Minority Interest": -10326000.0,
        "Reconciled Depreciation": 56000.0,
        "Reconciled Cost Of Revenue": 1563000.0,
        "EBITDA": -10635000.0,
        "EBIT": -10691000.0,
        "Net Interest Income": 365000.0,
        "Interest Income": 365000.0,
        "Normalized Income": -10326000.0,
        "Net Income From Continuing And Discontinued Operation": -10326000.0,
        "Total Expenses": 19154000.0,
        "Total Operating Income As Reported": -10691000.0,
        "Diluted Average Shares": 4537782.0,
        "Basic Average Shares": 4537782.0,
        "Diluted EPS": -2.28,
        "Basic EPS": -2.28,
        "Diluted NI Availto Com Stockholders": -10326000.0,
        "Average Dilution Earnings": 0.0,
        "Net Income Common Stockholders": -10326000.0,
        "Otherunder Preferred Stock Dividend": 0.0,
        "Net Income": -10326000.0,
        "Net Income Including Noncontrolling Interests": -10326000.0,
        "Net Income Discontinuous Operations": NaN,
        "Net Income Continuous Operations": -10326000.0,
        "Tax Provision": NaN,
        "Pretax Income": -10326000.0,
        "Other Income Expense": NaN,
        "Special Income Charges": NaN,
        "Other Special Charges": NaN,
        "Net Non Operating Interest Income Expense": 365000.0,
        "Total Other Finance Cost": NaN,
        "Interest Income Non Operating": 365000.0,
        "Operating Income": -10691000.0,
        "Operating Expense": 17591000.0,
        "Research And Development": 11593000.0,
        "Selling General And Administration": 5998000.0,
        "General And Administrative Expense": 5998000.0,
        "Other Gand A": 5998000.0,
        "Gross Profit": 6900000.0,
        "Cost Of Revenue": 1563000.0,
        "Total Revenue": 8463000.0,
        "Operating Revenue": 8463000.0
    },
    "2024-06-30": {
        "Tax Effect Of Unusual Items": 0.0,
        "Tax Rate For Calcs": 0.0,
        "Normalized EBITDA": 73839000.0,
        "Total Unusual Items": -84883000.0,
        "Total Unusual Items Excluding Goodwill": -84883000.0,
        "Net Income From Continuing Operation Net Minority Interest": -94210000.0,
        "Reconciled Depreciation": 57000.0,
        "Reconciled Cost Of Revenue": NaN,
        "EBITDA": -11044000.0,
        "EBIT": -11101000.0,
        "Net Interest Income": 1774000.0,
        "Interest Income": NaN,
        "Normalized Income": -9327000.0,
        "Net Income From Continuing And Discontinued Operation": -91209000.0,
        "Total Expenses": 11403000.0,
        "Total Operating Income As Reported": -95984000.0,
        "Diluted Average Shares": 4563772.0,
        "Basic Average Shares": 4563772.0,
        "Diluted EPS": -19.99,
        "Basic EPS": -19.99,
        "Diluted NI Availto Com Stockholders": -91209000.0,
        "Average Dilution Earnings": NaN,
        "Net Income Common Stockholders": -91209000.0,
        "Otherunder Preferred Stock Dividend": NaN,
        "Net Income": -91209000.0,
        "Net Income Including Noncontrolling Interests": -91209000.0,
        "Net Income Discontinuous Operations": 3001000.0,
        "Net Income Continuous Operations": -94210000.0,
        "Tax Provision": 0.0,
        "Pretax Income": -94210000.0,
        "Other Income Expense": -84883000.0,
        "Special Income Charges": -84883000.0,
        "Other Special Charges": 84883000.0,
        "Net Non Operating Interest Income Expense": 1774000.0,
        "Total Other Finance Cost": -1774000.0,
        "Interest Income Non Operating": NaN,
        "Operating Income": -11101000.0,
        "Operating Expense": 11403000.0,
        "Research And Development": 6657000.0,
        "Selling General And Administration": 4746000.0,
        "General And Administrative Expense": 4746000.0,
        "Other Gand A": 4746000.0,
        "Gross Profit": NaN,
        "Cost Of Revenue": NaN,
        "Total Revenue": 302000.0,
        "Operating Revenue": 302000.0
    },
    "2024-09-30": {
        "Tax Effect Of Unusual Items": 0.0,
        "Tax Rate For Calcs": 0.0,
        "Normalized EBITDA": -17333000.0,
        "Total Unusual Items": NaN,
        "Total Unusual Items Excluding Goodwill": NaN,
        "Net Income From Continuing Operation Net Minority Interest": -15535000.0,
        "Reconciled Depreciation": 61000.0,
        "Reconciled Cost Of Revenue": NaN,
        "EBITDA": -17333000.0,
        "EBIT": -17394000.0,
        "Net Interest Income": 1859000.0,
        "Interest Income": 1859000.0,
        "Normalized Income": -15535000.0,
        "Net Income From Continuing And Discontinued Operation": -15985000.0,
        "Total Expenses": 17394000.0,
        "Total Operating Income As Reported": -17394000.0,
        "Diluted Average Shares": 6530111.0,
        "Basic Average Shares": 6530111.0,
        "Diluted EPS": -2.45,
        "Basic EPS": -2.45,
        "Diluted NI Availto Com Stockholders": -15985000.0,
        "Average Dilution Earnings": NaN,
        "Net Income Common Stockholders": -15985000.0,
        "Otherunder Preferred Stock Dividend": NaN,
        "Net Income": -15985000.0,
        "Net Income Including Noncontrolling Interests": -15985000.0,
        "Net Income Discontinuous Operations": -450000.0,
        "Net Income Continuous Operations": -15535000.0,
        "Tax Provision": 0.0,
        "Pretax Income": -15535000.0,
        "Other Income Expense": NaN,
        "Special Income Charges": NaN,
        "Other Special Charges": NaN,
        "Net Non Operating Interest Income Expense": 1859000.0,
        "Total Other Finance Cost": NaN,
        "Interest Income Non Operating": 1859000.0,
        "Operating Income": -17394000.0,
        "Operating Expense": 17394000.0,
        "Research And Development": 12429000.0,
        "Selling General And Administration": 4965000.0,
        "General And Administrative Expense": NaN,
        "Other Gand A": NaN,
        "Gross Profit": NaN,
        "Cost Of Revenue": NaN,
        "Total Revenue": 0.0,
        "Operating Revenue": 0.0
    }
}