{
    "2023-03-31": {
        "Tax Effect Of Unusual Items": 0.0,
        "Tax Rate For Calcs": 0.257,
        "Normalized EBITDA": 354000000.0,
        "Net Income From Continuing Operation Net Minority Interest": 230100000.0,
        "Reconciled Depreciation": 70700000.0,
        "Reconciled Cost Of Revenue": 4013700000.0,
        "EBITDA": 354000000.0,
        "EBIT": 354000000.0,
        "Net Interest Income": -57700000.0,
        "Interest Expense": 57700000.0,
        "Normalized Income": 230100000.0,
        "Net Income From Continuing And Discontinued Operation": 230100000.0,
        "Total Expenses": 4747800000.0,
        "Total Operating Income As Reported": 355300000.0,
        "Diluted Average Shares": 137300000.0,
        "Basic Average Shares": 135600000.0,
        "Diluted EPS": 1.68,
        "Basic EPS": 1.7,
        "Diluted NI Availto Com Stockholders": 230100000.0,
        "Net Income Common Stockholders": 230100000.0,
        "Net Income": 230100000.0,
        "Net Income Including Noncontrolling Interests": 230100000.0,
        "Net Income Continuous Operations": 230100000.0,
        "Tax Provision": 66200000.0,
        "Pretax Income": 296300000.0,
        "Other Income Expense": -1300000.0,
        "Other Non Operating Income Expenses": -1300000.0,
        "Net Non Operating Interest Income Expense": -57700000.0,
        "Interest Expense Non Operating": 57700000.0,
        "Operating Income": 355300000.0,
        "Operating Expense": 734100000.0,
        "Selling General And Administration": 734100000.0,
        "Gross Profit": 1089400000.0,
        "Cost Of Revenue": 4013700000.0,
        "Total Revenue": 5103100000.0,
        "Operating Revenue": 5103100000.0
    },
    "2022-12-31": {
        "Tax Effect Of Unusual Items": 0.0,
        "Tax Rate For Calcs": 0.252,
        "Normalized EBITDA": 440600000.0,
        "Net Income From Continuing Operation Net Minority Interest": 287200000.0,
        "Reconciled Depreciation": 72500000.0,
        "Reconciled Cost Of Revenue": 4257200000.0,
        "EBITDA": 440600000.0,
        "EBIT": 440600000.0,
        "Net Interest Income": -59400000.0,
        "Interest Expense": 59400000.0,
        "Normalized Income": 287200000.0,
        "Net Income From Continuing And Discontinued Operation": 287200000.0,
        "Total Expenses": 4991700000.0,
        "Total Operating Income As Reported": 446600000.0,
        "Diluted Average Shares": 137300000.0,
        "Basic Average Shares": 135500000.0,
        "Diluted EPS": 2.09,
        "Basic EPS": 2.12,
        "Diluted NI Availto Com Stockholders": 287200000.0,
        "Net Income Common Stockholders": 287200000.0,
        "Net Income": 287200000.0,
        "Net Income Including Noncontrolling Interests": 287200000.0,
        "Net Income Continuous Operations": 287200000.0,
        "Tax Provision": 94000000.0,
        "Pretax Income": 381200000.0,
        "Other Income Expense": -6000000.0,
        "Other Non Operating Income Expenses": -6000000.0,
        "Net Non Operating Interest Income Expense": -59400000.0,
        "Interest Expense Non Operating": 59400000.0,
        "Operating Income": 446600000.0,
        "Operating Expense": 734500000.0,
        "Selling General And Administration": 734500000.0,
        "Gross Profit": 1181100000.0,
        "Cost Of Revenue": 4257200000.0,
        "Total Revenue": 5438300000.0,
        "Operating Revenue": 5438300000.0
    },
    "2022-09-30": {
        "Tax Effect Of Unusual Items": 0.0,
        "Tax Rate For Calcs": 0.254,
        "Normalized EBITDA": 537200000.0,
        "Net Income From Continuing Operation Net Minority Interest": 297800000.0,
        "Reconciled Depreciation": 75600000.0,
        "Reconciled Cost Of Revenue": 4982300000.0,
        "EBITDA": 537200000.0,
        "EBIT": 461600000.0,
        "Net Interest Income": -62600000.0,
        "Interest Expense": 62600000.0,
        "Normalized Income": 297800000.0,
        "Net Income From Continuing And Discontinued Operation": 297800000.0,
        "Total Expenses": 5749100000.0,
        "Total Operating Income As Reported": 466400000.0,
        "Diluted Average Shares": 137100000.0,
        "Basic Average Shares": 135300000.0,
        "Diluted EPS": 2.17,
        "Basic EPS": 2.2,
        "Diluted NI Availto Com Stockholders": 297800000.0,
        "Net Income Common Stockholders": 297800000.0,
        "Net Income": 297800000.0,
        "Net Income Including Noncontrolling Interests": 297800000.0,
        "Net Income Continuous Operations": 297800000.0,
        "Tax Provision": 101200000.0,
        "Pretax Income": 399000000.0,
        "Other Income Expense": -4800000.0,
        "Other Non Operating Income Expenses": -4800000.0,
        "Net Non Operating Interest Income Expense": -62600000.0,
        "Interest Expense Non Operating": 62600000.0,
        "Operating Income": 466400000.0,
        "Operating Expense": 766800000.0,
        "Selling General And Administration": 766800000.0,
        "Gross Profit": 1233200000.0,
        "Cost Of Revenue": 4982300000.0,
        "Total Revenue": 6215500000.0,
        "Operating Revenue": 6183800000.0
    },
    "2022-06-30": {
        "Tax Effect Of Unusual Items": 0.0,
        "Tax Rate For Calcs": 0.26,
        "Normalized EBITDA": 434900000.0,
        "Net Income From Continuing Operation Net Minority Interest": 279300000.0,
        "Reconciled Depreciation": 71100000.0,
        "Reconciled Cost Of Revenue": 4977600000.0,
        "EBITDA": 434900000.0,
        "EBIT": 434900000.0,
        "Net Interest Income": -57700000.0,
        "Interest Expense": 57700000.0,
        "Normalized Income": 279300000.0,
        "Net Income From Continuing And Discontinued Operation": 279300000.0,
        "Total Expenses": 5710500000.0,
        "Total Operating Income As Reported": 435300000.0,
        "Diluted Average Shares": 136800000.0,
        "Basic Average Shares": 135200000.0,
        "Diluted EPS": 2.04,
        "Basic EPS": 2.07,
        "Diluted NI Availto Com Stockholders": 279300000.0,
        "Net Income Common Stockholders": 279300000.0,
        "Net Income": 279300000.0,
        "Net Income Including Noncontrolling Interests": 279300000.0,
        "Net Income Continuous Operations": 279300000.0,
        "Tax Provision": 97900000.0,
        "Pretax Income": 377200000.0,
        "Other Income Expense": -400000.0,
        "Other Non Operating Income Expenses": -400000.0,
        "Net Non Operating Interest Income Expense": -57700000.0,
        "Interest Expense Non Operating": 57700000.0,
        "Operating Income": 435300000.0,
        "Operating Expense": 732900000.0,
        "Selling General And Administration": 732900000.0,
        "Gross Profit": 1168200000.0,
        "Cost Of Revenue": 4977600000.0,
        "Total Revenue": 6145800000.0,
        "Operating Revenue": 6145800000.0
    },
    "2023-06-30": {
        "Tax Effect Of Unusual Items": 0.0,
        "Tax Rate For Calcs": 0.256933,
        "Normalized EBITDA": 477500000.0,
        "Net Income From Continuing Operation Net Minority Interest": 262600000.0,
        "Reconciled Depreciation": 65900000.0,
        "Reconciled Cost Of Revenue": 4444600000.0,
        "EBITDA": 477500000.0,
        "EBIT": 411600000.0,
        "Net Interest Income": -58200000.0,
        "Interest Expense": 58200000.0,
        "Normalized Income": 262600000.0,
        "Net Income From Continuing And Discontinued Operation": 262600000.0,
        "Total Expenses": 5213900000.0,
        "Total Operating Income As Reported": 412200000.0,
        "Diluted Average Shares": 136100000.0,
        "Basic Average Shares": 134600000.0,
        "Diluted EPS": 1.92,
        "Basic EPS": 1.95,
        "Diluted NI Availto Com Stockholders": 262600000.0,
        "Net Income Common Stockholders": 262600000.0,
        "Net Income": 262600000.0,
        "Net Income Including Noncontrolling Interests": 262600000.0,
        "Net Income Continuous Operations": 262600000.0,
        "Tax Provision": 90800000.0,
        "Pretax Income": 353400000.0,
        "Other Income Expense": -600000.0,
        "Other Non Operating Income Expenses": -600000.0,
        "Net Non Operating Interest Income Expense": -58200000.0,
        "Interest Expense Non Operating": 58200000.0,
        "Operating Income": 412200000.0,
        "Operating Expense": 769300000.0,
        "Selling General And Administration": 769300000.0,
        "Gross Profit": 1181500000.0,
        "Cost Of Revenue": 4444600000.0,
        "Total Revenue": 5626100000.0,
        "Operating Revenue": 5597600000.0
    },
    "2022-03-31": {
        "Diluted EPS": 1.83,
        "Total Revenue": NaN,
        "Gross Profit": NaN,
        "Operating Income": 387,
        "EBIT": 458,
        "Net Income": 250
    },
    "2021-12-31": {
        "Diluted EPS": 1.57,
        "Total Revenue": NaN,
        "Gross Profit": 976,
        "Operating Income": 339,
        "EBIT": 390,
        "Net Income": 215
    },
    "2021-09-30": {
        "Diluted EPS": 1.91,
        "Total Revenue": NaN,
        "Gross Profit": 915,
        "Operating Income": 386,
        "EBIT": 435,
        "Net Income": 267
    },
    "2021-06-30": {
        "Diluted EPS": 1.93,
        "Total Revenue": NaN,
        "Gross Profit": 883,
        "Operating Income": 370,
        "EBIT": 417,
        "Net Income": 274
    },
    "2021-03-31": {
        "Diluted EPS": 1.63,
        "Total Revenue": NaN,
        "Gross Profit": 795,
        "Operating Income": 323,
        "EBIT": 369,
        "Net Income": 233
    },
    "2020-12-31": {
        "Diluted EPS": 1.65,
        "Total Revenue": NaN,
        "Gross Profit": 881,
        "Operating Income": 332,
        "EBIT": 409,
        "Net Income": 238
    },
    "2020-09-30": {
        "Diluted EPS": 1.33,
        "Total Revenue": NaN,
        "Gross Profit": 826,
        "Operating Income": 318,
        "EBIT": 450,
        "Net Income": 193
    },
    "2020-06-30": {
        "Diluted EPS": 1.31,
        "Total Revenue": NaN,
        "Gross Profit": 747,
        "Operating Income": 283,
        "EBIT": 409,
        "Net Income": 189
    },
    "2020-03-31": {
        "Diluted EPS": 1.16,
        "Total Revenue": NaN,
        "Gross Profit": 757,
        "Operating Income": 246,
        "EBIT": 337,
        "Net Income": 168
    },
    "2019-12-31": {
        "Diluted EPS": 1.27,
        "Total Revenue": NaN,
        "Gross Profit": 778,
        "Operating Income": 284,
        "EBIT": 353,
        "Net Income": 186
    },
    "2019-09-30": {
        "Diluted EPS": 1.37,
        "Total Revenue": NaN,
        "Gross Profit": 817,
        "Operating Income": 321,
        "EBIT": 389,
        "Net Income": 202
    },
    "2019-06-30": {
        "Diluted EPS": 1.33,
        "Total Revenue": NaN,
        "Gross Profit": 774,
        "Operating Income": 300,
        "EBIT": 365,
        "Net Income": 197
    },
    "2019-03-31": {
        "Diluted EPS": 1.02,
        "Total Revenue": NaN,
        "Gross Profit": 672,
        "Operating Income": 229,
        "EBIT": 293,
        "Net Income": 153
    },
    "2018-12-31": {
        "Diluted EPS": 1.05,
        "Total Revenue": NaN,
        "Gross Profit": 694,
        "Operating Income": 243,
        "EBIT": 310,
        "Net Income": 159
    },
    "2018-09-30": {
        "Diluted EPS": 1.2,
        "Total Revenue": NaN,
        "Gross Profit": 714,
        "Operating Income": 275,
        "EBIT": 341,
        "Net Income": 184
    },
    "2018-06-30": {
        "Diluted EPS": 1.12,
        "Total Revenue": NaN,
        "Gross Profit": 696,
        "Operating Income": 266,
        "EBIT": 332,
        "Net Income": 173
    },
    "2018-03-31": {
        "Diluted EPS": 0.82,
        "Total Revenue": NaN,
        "Gross Profit": 604,
        "Operating Income": 204,
        "EBIT": 271,
        "Net Income": 127
    },
    "2017-12-31": {
        "Diluted EPS": 1.23,
        "Total Revenue": NaN,
        "Gross Profit": 614,
        "Operating Income": 221,
        "EBIT": 287,
        "Net Income": 195
    },
    "2017-09-30": {
        "Diluted EPS": 0.83,
        "Total Revenue": NaN,
        "Gross Profit": 642,
        "Operating Income": 244,
        "EBIT": 310,
        "Net Income": 129
    },
    "2017-06-30": {
        "Diluted EPS": 0.89,
        "Total Revenue": NaN,
        "Gross Profit": 641,
        "Operating Income": 231,
        "EBIT": 293,
        "Net Income": 141
    },
    "2017-03-31": {
        "Diluted EPS": 0.36,
        "Total Revenue": NaN,
        "Gross Profit": 554,
        "Operating Income": 171,
        "EBIT": 238,
        "Net Income": 58
    },
    "2016-12-31": {
        "Diluted EPS": 0.64,
        "Total Revenue": NaN,
        "Gross Profit": 579,
        "Operating Income": 198,
        "EBIT": 257,
        "Net Income": 104
    },
    "2016-09-30": {
        "Diluted EPS": 0.76,
        "Total Revenue": NaN,
        "Gross Profit": 614,
        "Operating Income": 238,
        "EBIT": 302,
        "Net Income": 126
    },
    "2016-06-30": {
        "Diluted EPS": 0.7,
        "Total Revenue": NaN,
        "Gross Profit": 611,
        "Operating Income": 224,
        "EBIT": 289,
        "Net Income": 118
    },
    "2016-03-31": {
        "Diluted EPS": 0.46,
        "Total Revenue": NaN,
        "Gross Profit": 525,
        "Operating Income": 161,
        "EBIT": 227,
        "Net Income": 78
    },
    "2015-12-31": {
        "Diluted EPS": 0.52,
        "Total Revenue": NaN,
        "Gross Profit": 558,
        "Operating Income": 180,
        "EBIT": 244,
        "Net Income": 89
    },
    "2015-09-30": {
        "Diluted EPS": 0.88,
        "Total Revenue": NaN,
        "Gross Profit": 567,
        "Operating Income": 205,
        "EBIT": 266,
        "Net Income": 151
    },
    "2015-06-30": {
        "Diluted EPS": 0.63,
        "Total Revenue": NaN,
        "Gross Profit": 535,
        "Operating Income": 206,
        "EBIT": 260,
        "Net Income": 108
    },
    "2015-03-31": {
        "Diluted EPS": 0.32,
        "Total Revenue": NaN,
        "Gross Profit": 457,
        "Operating Income": 152,
        "EBIT": 206,
        "Net Income": 55
    },
    "2014-12-31": {
        "Diluted EPS": 0.3,
        "Total Revenue": NaN,
        "Gross Profit": 492,
        "Operating Income": 164,
        "EBIT": 218,
        "Net Income": 52
    },
    "2014-09-30": {
        "Diluted EPS": 0.32,
        "Total Revenue": NaN,
        "Gross Profit": 507,
        "Operating Income": 185,
        "EBIT": 238,
        "Net Income": 56
    },
    "2014-06-30": {
        "Diluted EPS": 0.5,
        "Total Revenue": NaN,
        "Gross Profit": 497,
        "Operating Income": 188,
        "EBIT": 242,
        "Net Income": 87
    },
    "2014-03-31": {
        "Diluted EPS": 0.3,
        "Total Revenue": NaN,
        "Gross Profit": 425,
        "Operating Income": 136,
        "EBIT": 189,
        "Net Income": 51
    },
    "2013-12-31": {
        "Diluted EPS": 0.34,
        "Total Revenue": NaN,
        "Gross Profit": 448,
        "Operating Income": 142,
        "EBIT": 196,
        "Net Income": 60
    },
    "2013-09-30": {
        "Diluted EPS": -0.01,
        "Total Revenue": NaN,
        "Gross Profit": 458,
        "Operating Income": 93,
        "EBIT": 147,
        "Net Income": -2
    },
    "2013-06-30": {
        "Diluted EPS": 0.32,
        "Total Revenue": NaN,
        "Gross Profit": 452,
        "Operating Income": 154,
        "EBIT": 208,
        "Net Income": 47
    },
    "2013-03-31": {
        "Diluted EPS": 0.19,
        "Total Revenue": NaN,
        "Gross Profit": 402,
        "Operating Income": 120,
        "EBIT": 175,
        "Net Income": 28
    },
    "2012-12-31": {
        "Diluted EPS": 0.0,
        "Total Revenue": NaN,
        "Gross Profit": NaN,
        "Operating Income": NaN,
        "EBIT": NaN,
        "Net Income": NaN
    },
    "2012-09-30": {
        "Diluted EPS": 0.26,
        "Total Revenue": NaN,
        "Gross Profit": 433,
        "Operating Income": 140,
        "EBIT": 196,
        "Net Income": 38
    },
    "2012-06-30": {
        "Diluted EPS": 0.25,
        "Total Revenue": NaN,
        "Gross Profit": 427,
        "Operating Income": 136,
        "EBIT": 136,
        "Net Income": 37
    },
    "2011-12-31": {
        "Diluted EPS": 0.0,
        "Total Revenue": NaN,
        "Gross Profit": NaN,
        "Operating Income": NaN,
        "EBIT": NaN,
        "Net Income": NaN
    },
    "2010-12-31": {
        "Diluted EPS": 0.0,
        "Total Revenue": NaN,
        "Gross Profit": NaN,
        "Operating Income": NaN,
        "EBIT": NaN,
        "Net Income": NaN
    }
}