{
    "2023-03-31": {
        "Tax Effect Of Unusual Items": -2080400.0,
        "Tax Rate For Calcs": 0.4,
        "Normalized EBITDA": -3626000.0,
        "Total Unusual Items": -5201000.0,
        "Total Unusual Items Excluding Goodwill": -5201000.0,
        "Net Income From Continuing Operation Net Minority Interest": -10691000.0,
        "Reconciled Depreciation": 358000.0,
        "Reconciled Cost Of Revenue": NaN,
        "EBIT": -9185000.0,
        "Net Interest Income": -1336000.0,
        "Interest Expense": 1504000.0,
        "Interest Income": 168000.0,
        "Normalized Income": -7570400.0,
        "Net Income From Continuing And Discontinued Operation": -10691000.0,
        "Total Expenses": 4282000.0,
        "Total Operating Income As Reported": -4152000.0,
        "Diluted Average Shares": 62638000.0,
        "Basic Average Shares": 62638000.0,
        "Diluted EPS": -0.19,
        "Basic EPS": -0.19,
        "Diluted NI Availto Com Stockholders": -11956000.0,
        "Net Income Common Stockholders": -11956000.0,
        "Preferred Stock Dividends": 1265000.0,
        "Net Income": -10691000.0,
        "Net Income Including Noncontrolling Interests": -10691000.0,
        "Net Income Continuous Operations": -10691000.0,
        "Earnings From Equity Interest Net Of Tax": 0.0,
        "Tax Provision": 2000.0,
        "Pretax Income": -10689000.0,
        "Other Income Expense": -5201000.0,
        "Special Income Charges": -5331000.0,
        "Other Special Charges": 5331000.0,
        "Gain On Sale Of Security": 130000.0,
        "Net Non Operating Interest Income Expense": -1336000.0,
        "Interest Expense Non Operating": 1504000.0,
        "Interest Income Non Operating": 168000.0,
        "Operating Income": -4152000.0,
        "Operating Expense": 4282000.0,
        "Depreciation Amortization Depletion Income Statement": 329000.0,
        "Depreciation And Amortization In Income Statement": 329000.0,
        "Depreciation Income Statement": 329000.0,
        "Selling General And Administration": 3953000.0,
        "General And Administrative Expense": 3953000.0,
        "Other Gand A": 3953000.0,
        "Gross Profit": NaN,
        "Cost Of Revenue": NaN,
        "Total Revenue": 130000.0,
        "Operating Revenue": 130000.0
    },
    "2022-12-31": {
        "Tax Effect Of Unusual Items": 0.0,
        "Tax Rate For Calcs": 0.4,
        "Normalized EBITDA": -4761000.0,
        "Total Unusual Items": 0.0,
        "Total Unusual Items Excluding Goodwill": 0.0,
        "Net Income From Continuing Operation Net Minority Interest": -6852000.0,
        "Reconciled Depreciation": 181000.0,
        "Reconciled Cost Of Revenue": 904000.0,
        "EBIT": -4942000.0,
        "Net Interest Income": -2119000.0,
        "Interest Expense": 2119000.0,
        "Interest Income": NaN,
        "Normalized Income": -6852000.0,
        "Net Income From Continuing And Discontinued Operation": -6852000.0,
        "Total Expenses": 5516000.0,
        "Total Operating Income As Reported": -4942000.0,
        "Diluted Average Shares": 53417000.0,
        "Basic Average Shares": 53417000.0,
        "Diluted EPS": -0.15,
        "Basic EPS": -0.15,
        "Diluted NI Availto Com Stockholders": -8140000.0,
        "Net Income Common Stockholders": -8140000.0,
        "Preferred Stock Dividends": 1288000.0,
        "Net Income": -6852000.0,
        "Net Income Including Noncontrolling Interests": -6852000.0,
        "Net Income Continuous Operations": -6852000.0,
        "Earnings From Equity Interest Net Of Tax": 211000.0,
        "Tax Provision": 2000.0,
        "Pretax Income": -7061000.0,
        "Other Income Expense": NaN,
        "Special Income Charges": 0.0,
        "Other Special Charges": NaN,
        "Gain On Sale Of Security": NaN,
        "Net Non Operating Interest Income Expense": -2119000.0,
        "Interest Expense Non Operating": 2119000.0,
        "Interest Income Non Operating": NaN,
        "Operating Income": -4942000.0,
        "Operating Expense": 4612000.0,
        "Depreciation Amortization Depletion Income Statement": 181000.0,
        "Depreciation And Amortization In Income Statement": 181000.0,
        "Depreciation Income Statement": 181000.0,
        "Selling General And Administration": 4431000.0,
        "General And Administrative Expense": 4431000.0,
        "Other Gand A": 4431000.0,
        "Gross Profit": -330000.0,
        "Cost Of Revenue": 904000.0,
        "Total Revenue": 574000.0,
        "Operating Revenue": 574000.0
    },
    "2022-09-30": {
        "Tax Effect Of Unusual Items": 0.0,
        "Tax Rate For Calcs": 0.4,
        "Normalized EBITDA": -4258000.0,
        "Total Unusual Items": 0.0,
        "Total Unusual Items Excluding Goodwill": 0.0,
        "Net Income From Continuing Operation Net Minority Interest": -6545000.0,
        "Reconciled Depreciation": 186000.0,
        "Reconciled Cost Of Revenue": 1157000.0,
        "EBIT": -4444000.0,
        "Net Interest Income": -2097000.0,
        "Interest Expense": 2097000.0,
        "Interest Income": NaN,
        "Normalized Income": -6545000.0,
        "Net Income From Continuing And Discontinued Operation": -6545000.0,
        "Total Expenses": 5113000.0,
        "Total Operating Income As Reported": -4444000.0,
        "Diluted Average Shares": 50793000.0,
        "Basic Average Shares": 50793000.0,
        "Diluted EPS": -0.15,
        "Basic EPS": -0.15,
        "Diluted NI Availto Com Stockholders": -7810000.0,
        "Net Income Common Stockholders": -7810000.0,
        "Preferred Stock Dividends": 1265000.0,
        "Net Income": -6545000.0,
        "Net Income Including Noncontrolling Interests": -6545000.0,
        "Net Income Continuous Operations": -6545000.0,
        "Earnings From Equity Interest Net Of Tax": -2000.0,
        "Tax Provision": 2000.0,
        "Pretax Income": -6541000.0,
        "Other Income Expense": NaN,
        "Special Income Charges": 0.0,
        "Other Special Charges": NaN,
        "Gain On Sale Of Security": NaN,
        "Net Non Operating Interest Income Expense": -2097000.0,
        "Interest Expense Non Operating": 2097000.0,
        "Interest Income Non Operating": NaN,
        "Operating Income": -4514000.0,
        "Operating Expense": 3950000.0,
        "Depreciation Amortization Depletion Income Statement": 180000.0,
        "Depreciation And Amortization In Income Statement": 180000.0,
        "Depreciation Income Statement": 180000.0,
        "Selling General And Administration": 3770000.0,
        "General And Administrative Expense": 3770000.0,
        "Other Gand A": 3770000.0,
        "Gross Profit": -564000.0,
        "Cost Of Revenue": 1163000.0,
        "Total Revenue": 599000.0,
        "Operating Revenue": 599000.0
    },
    "2022-06-30": {
        "Tax Effect Of Unusual Items": 0.0,
        "Tax Rate For Calcs": 0.4,
        "Normalized EBITDA": -3214000.0,
        "Total Unusual Items": NaN,
        "Total Unusual Items Excluding Goodwill": NaN,
        "Net Income From Continuing Operation Net Minority Interest": -5483000.0,
        "Reconciled Depreciation": 178000.0,
        "Reconciled Cost Of Revenue": NaN,
        "EBIT": -3392000.0,
        "Net Interest Income": -2055000.0,
        "Interest Expense": 2055000.0,
        "Interest Income": NaN,
        "Normalized Income": -5483000.0,
        "Net Income From Continuing And Discontinued Operation": -5483000.0,
        "Total Expenses": 3577000.0,
        "Total Operating Income As Reported": -3392000.0,
        "Diluted Average Shares": 50770000.0,
        "Basic Average Shares": 50770000.0,
        "Diluted EPS": -0.13,
        "Basic EPS": -0.13,
        "Diluted NI Availto Com Stockholders": -6771000.0,
        "Net Income Common Stockholders": -6771000.0,
        "Preferred Stock Dividends": 1288000.0,
        "Net Income": -5483000.0,
        "Net Income Including Noncontrolling Interests": -5483000.0,
        "Net Income Continuous Operations": -5483000.0,
        "Earnings From Equity Interest Net Of Tax": -35000.0,
        "Tax Provision": 1000.0,
        "Pretax Income": -5447000.0,
        "Other Income Expense": NaN,
        "Special Income Charges": NaN,
        "Other Special Charges": NaN,
        "Gain On Sale Of Security": NaN,
        "Net Non Operating Interest Income Expense": -2055000.0,
        "Interest Expense Non Operating": 2055000.0,
        "Interest Income Non Operating": NaN,
        "Operating Income": -3392000.0,
        "Operating Expense": 3577000.0,
        "Depreciation Amortization Depletion Income Statement": 172000.0,
        "Depreciation And Amortization In Income Statement": 172000.0,
        "Depreciation Income Statement": 172000.0,
        "Selling General And Administration": 3405000.0,
        "General And Administrative Expense": 3405000.0,
        "Other Gand A": 3405000.0,
        "Gross Profit": NaN,
        "Cost Of Revenue": NaN,
        "Total Revenue": 185000.0,
        "Operating Revenue": 185000.0
    },
    "2022-03-31": {
        "Diluted EPS": -0.16,
        "Total Revenue": 0,
        "Gross Profit": 0,
        "Operating Income": -4,
        "EBIT": -3,
        "Net Income": -7
    },
    "2021-12-31": {
        "Diluted EPS": -0.16,
        "Total Revenue": 0,
        "Gross Profit": 0,
        "Operating Income": -4,
        "EBIT": -3,
        "Net Income": -7
    },
    "2021-09-30": {
        "Diluted EPS": -0.22,
        "Total Revenue": 0,
        "Gross Profit": 0,
        "Operating Income": -4,
        "EBIT": -4,
        "Net Income": -9
    },
    "2021-06-30": {
        "Diluted EPS": -0.3,
        "Total Revenue": 0,
        "Gross Profit": 0,
        "Operating Income": -6,
        "EBIT": -4,
        "Net Income": -12
    },
    "2021-03-31": {
        "Diluted EPS": -0.16,
        "Total Revenue": 0,
        "Gross Profit": 0,
        "Operating Income": -3,
        "EBIT": -3,
        "Net Income": -6
    },
    "2020-12-31": {
        "Diluted EPS": -0.18,
        "Total Revenue": 0,
        "Gross Profit": 0,
        "Operating Income": -2,
        "EBIT": -2,
        "Net Income": -8
    },
    "2020-09-30": {
        "Diluted EPS": -0.13,
        "Total Revenue": 0,
        "Gross Profit": 0,
        "Operating Income": -2,
        "EBIT": -2,
        "Net Income": -4
    },
    "2020-06-30": {
        "Diluted EPS": -0.14,
        "Total Revenue": 0,
        "Gross Profit": 0,
        "Operating Income": -3,
        "EBIT": -3,
        "Net Income": -5
    },
    "2020-03-31": {
        "Diluted EPS": -0.66,
        "Total Revenue": 0,
        "Gross Profit": 0,
        "Operating Income": -4,
        "EBIT": -4,
        "Net Income": -21
    },
    "2019-12-31": {
        "Diluted EPS": -0.26,
        "Total Revenue": 0,
        "Gross Profit": 0,
        "Operating Income": -3,
        "EBIT": -2,
        "Net Income": -7
    },
    "2019-09-30": {
        "Diluted EPS": -0.28,
        "Total Revenue": 0,
        "Gross Profit": 0,
        "Operating Income": -3,
        "EBIT": -2,
        "Net Income": -7
    },
    "2019-06-30": {
        "Diluted EPS": -0.28,
        "Total Revenue": 0,
        "Gross Profit": 0,
        "Operating Income": -3,
        "EBIT": -2,
        "Net Income": -7
    },
    "2019-03-31": {
        "Diluted EPS": -0.29,
        "Total Revenue": 0,
        "Gross Profit": 0,
        "Operating Income": -3,
        "EBIT": -2,
        "Net Income": -7
    },
    "2018-12-31": {
        "Diluted EPS": -0.32,
        "Total Revenue": 0,
        "Gross Profit": 0,
        "Operating Income": -4,
        "EBIT": -3,
        "Net Income": -8
    },
    "2018-09-30": {
        "Diluted EPS": -0.26,
        "Total Revenue": 0,
        "Gross Profit": 0,
        "Operating Income": -2,
        "EBIT": -1,
        "Net Income": -6
    },
    "2018-06-30": {
        "Diluted EPS": -0.25,
        "Total Revenue": 0,
        "Gross Profit": 0,
        "Operating Income": -2,
        "EBIT": -1,
        "Net Income": -6
    },
    "2018-03-31": {
        "Diluted EPS": -0.26,
        "Total Revenue": 0,
        "Gross Profit": 0,
        "Operating Income": -2,
        "EBIT": -1,
        "Net Income": -6
    },
    "2017-12-31": {
        "Diluted EPS": -0.31,
        "Total Revenue": 0,
        "Gross Profit": 0,
        "Operating Income": -4,
        "EBIT": -3,
        "Net Income": -7
    },
    "2017-09-30": {
        "Diluted EPS": -0.26,
        "Total Revenue": 0,
        "Gross Profit": 0,
        "Operating Income": -2,
        "EBIT": -1,
        "Net Income": -6
    },
    "2017-06-30": {
        "Diluted EPS": -0.6,
        "Total Revenue": 0,
        "Gross Profit": 0,
        "Operating Income": -2,
        "EBIT": -1,
        "Net Income": -14
    },
    "2017-03-31": {
        "Diluted EPS": -0.33,
        "Total Revenue": 0,
        "Gross Profit": 0,
        "Operating Income": -4,
        "EBIT": -3,
        "Net Income": -7
    },
    "2016-12-31": {
        "Diluted EPS": -0.33,
        "Total Revenue": 0,
        "Gross Profit": 0,
        "Operating Income": -2,
        "EBIT": -2,
        "Net Income": -7
    },
    "2016-09-30": {
        "Diluted EPS": -0.28,
        "Total Revenue": 0,
        "Gross Profit": 0,
        "Operating Income": -2,
        "EBIT": -1,
        "Net Income": -5
    },
    "2016-06-30": {
        "Diluted EPS": -0.31,
        "Total Revenue": 0,
        "Gross Profit": 0,
        "Operating Income": -3,
        "EBIT": -2,
        "Net Income": -6
    },
    "2016-03-31": {
        "Diluted EPS": -0.49,
        "Total Revenue": 0,
        "Gross Profit": 0,
        "Operating Income": -2,
        "EBIT": 0,
        "Net Income": -9
    },
    "2015-12-31": {
        "Diluted EPS": -0.41,
        "Total Revenue": 0,
        "Gross Profit": 0,
        "Operating Income": -4,
        "EBIT": -3,
        "Net Income": -7
    },
    "2015-09-30": {
        "Diluted EPS": -0.33,
        "Total Revenue": 0,
        "Gross Profit": 0,
        "Operating Income": -4,
        "EBIT": -3,
        "Net Income": -6
    },
    "2015-06-30": {
        "Diluted EPS": -0.34,
        "Total Revenue": 0,
        "Gross Profit": 0,
        "Operating Income": -4,
        "EBIT": -3,
        "Net Income": -6
    },
    "2015-03-31": {
        "Diluted EPS": -0.27,
        "Total Revenue": 0,
        "Gross Profit": 0,
        "Operating Income": -3,
        "EBIT": -2,
        "Net Income": -5
    },
    "2014-12-31": {
        "Diluted EPS": -0.3,
        "Total Revenue": 0,
        "Gross Profit": 0,
        "Operating Income": -3,
        "EBIT": -3,
        "Net Income": -5
    },
    "2014-09-30": {
        "Diluted EPS": -0.28,
        "Total Revenue": 0,
        "Gross Profit": 0,
        "Operating Income": -2,
        "EBIT": -2,
        "Net Income": -5
    },
    "2014-06-30": {
        "Diluted EPS": -0.28,
        "Total Revenue": 0,
        "Gross Profit": 0,
        "Operating Income": -2,
        "EBIT": -2,
        "Net Income": -5
    },
    "2014-03-31": {
        "Diluted EPS": -0.29,
        "Total Revenue": 0,
        "Gross Profit": 0,
        "Operating Income": -3,
        "EBIT": -2,
        "Net Income": -5
    },
    "2013-12-31": {
        "Diluted EPS": -0.38,
        "Total Revenue": 0,
        "Gross Profit": 0,
        "Operating Income": -4,
        "EBIT": -4,
        "Net Income": -6
    },
    "2013-09-30": {
        "Diluted EPS": -0.31,
        "Total Revenue": 0,
        "Gross Profit": 0,
        "Operating Income": -3,
        "EBIT": -3,
        "Net Income": -5
    },
    "2013-06-30": {
        "Diluted EPS": -0.29,
        "Total Revenue": 0,
        "Gross Profit": 0,
        "Operating Income": -3,
        "EBIT": -3,
        "Net Income": -4
    },
    "2013-03-31": {
        "Diluted EPS": -0.48,
        "Total Revenue": 0,
        "Gross Profit": 0,
        "Operating Income": -4,
        "EBIT": -3,
        "Net Income": -7
    },
    "2012-12-31": {
        "Diluted EPS": -0.37,
        "Total Revenue": 0,
        "Gross Profit": 0,
        "Operating Income": -4,
        "EBIT": -3,
        "Net Income": -6
    },
    "2012-09-30": {
        "Diluted EPS": -0.31,
        "Total Revenue": 0,
        "Gross Profit": 0,
        "Operating Income": -3,
        "EBIT": -2,
        "Net Income": -5
    },
    "2012-06-30": {
        "Diluted EPS": -0.3,
        "Total Revenue": 0,
        "Gross Profit": 0,
        "Operating Income": -3,
        "EBIT": -2,
        "Net Income": -5
    },
    "2012-03-31": {
        "Diluted EPS": -0.29,
        "Total Revenue": 0,
        "Gross Profit": 0,
        "Operating Income": -3,
        "EBIT": -2,
        "Net Income": -4
    },
    "2011-12-31": {
        "Diluted EPS": -0.33,
        "Total Revenue": 0,
        "Gross Profit": 0,
        "Operating Income": -3,
        "EBIT": -2,
        "Net Income": -5
    },
    "2011-09-30": {
        "Diluted EPS": -0.29,
        "Total Revenue": 0,
        "Gross Profit": 0,
        "Operating Income": -3,
        "EBIT": -2,
        "Net Income": -4
    },
    "2011-06-30": {
        "Diluted EPS": -0.27,
        "Total Revenue": 0,
        "Gross Profit": 0,
        "Operating Income": -2,
        "EBIT": -2,
        "Net Income": -4
    },
    "2011-03-31": {
        "Diluted EPS": -0.31,
        "Total Revenue": 0,
        "Gross Profit": 0,
        "Operating Income": -3,
        "EBIT": -2,
        "Net Income": -4
    },
    "2010-12-31": {
        "Diluted EPS": -0.32,
        "Total Revenue": 1,
        "Gross Profit": 0,
        "Operating Income": -3,
        "EBIT": -2,
        "Net Income": -4
    },
    "2010-09-30": {
        "Diluted EPS": -0.23,
        "Total Revenue": 0,
        "Gross Profit": 0,
        "Operating Income": -2,
        "EBIT": -2,
        "Net Income": -3
    },
    "2010-06-30": {
        "Diluted EPS": -0.23,
        "Total Revenue": 0,
        "Gross Profit": 0,
        "Operating Income": -2,
        "EBIT": -2,
        "Net Income": -3
    },
    "2010-03-31": {
        "Diluted EPS": -0.38,
        "Total Revenue": 0,
        "Gross Profit": 0,
        "Operating Income": -4,
        "EBIT": -4,
        "Net Income": -5
    },
    "2009-12-31": {
        "Diluted EPS": -0.26,
        "Total Revenue": 1,
        "Gross Profit": 0,
        "Operating Income": -2,
        "EBIT": -2,
        "Net Income": -3
    },
    "2009-09-30": {
        "Diluted EPS": -0.25,
        "Total Revenue": 0,
        "Gross Profit": 0,
        "Operating Income": -2,
        "EBIT": -2,
        "Net Income": -3
    },
    "2009-06-30": {
        "Diluted EPS": -0.35,
        "Total Revenue": 0,
        "Gross Profit": 0,
        "Operating Income": -3,
        "EBIT": -3,
        "Net Income": -4
    },
    "2009-03-31": {
        "Diluted EPS": -0.27,
        "Total Revenue": 0,
        "Gross Profit": 0,
        "Operating Income": -2,
        "EBIT": -1,
        "Net Income": -3
    },
    "2023-06-30": {
        "Tax Effect Of Unusual Items": -140000.0,
        "Tax Rate For Calcs": 0.4,
        "Normalized EBITDA": -5039000.0,
        "Total Unusual Items": -350000.0,
        "Total Unusual Items Excluding Goodwill": -350000.0,
        "Net Income From Continuing Operation Net Minority Interest": -7064000.0,
        "Reconciled Depreciation": 335000.0,
        "Reconciled Cost Of Revenue": 738000.0,
        "EBIT": -5724000.0,
        "Net Interest Income": -1128000.0,
        "Interest Expense": 1338000.0,
        "Interest Income": 210000.0,
        "Normalized Income": -6854000.0,
        "Net Income From Continuing And Discontinued Operation": -7064000.0,
        "Total Expenses": 6393000.0,
        "Total Operating Income As Reported": -5584000.0,
        "Diluted Average Shares": 66606000.0,
        "Basic Average Shares": 66606000.0,
        "Diluted EPS": -0.13,
        "Basic EPS": -0.13,
        "Diluted NI Availto Com Stockholders": -8352000.0,
        "Net Income Common Stockholders": -8352000.0,
        "Preferred Stock Dividends": 1288000.0,
        "Net Income": -7064000.0,
        "Net Income Including Noncontrolling Interests": -7064000.0,
        "Net Income Continuous Operations": -7064000.0,
        "Earnings From Equity Interest Net Of Tax": 0.0,
        "Tax Provision": 2000.0,
        "Pretax Income": -7062000.0,
        "Other Income Expense": -350000.0,
        "Special Income Charges": NaN,
        "Other Special Charges": NaN,
        "Gain On Sale Of Security": -350000.0,
        "Net Non Operating Interest Income Expense": -1128000.0,
        "Interest Expense Non Operating": 1338000.0,
        "Interest Income Non Operating": 210000.0,
        "Operating Income": -5584000.0,
        "Operating Expense": 5625000.0,
        "Depreciation Amortization Depletion Income Statement": 305000.0,
        "Depreciation And Amortization In Income Statement": 305000.0,
        "Depreciation Income Statement": 305000.0,
        "Selling General And Administration": 5320000.0,
        "General And Administrative Expense": 5320000.0,
        "Other Gand A": 5320000.0,
        "Gross Profit": 41000.0,
        "Cost Of Revenue": 768000.0,
        "Total Revenue": 809000.0,
        "Operating Revenue": 809000.0
    }
}