{
    "2023-03-31": {
        "Tax Effect Of Unusual Items": NaN,
        "Tax Rate For Calcs": NaN,
        "Normalized EBITDA": NaN,
        "Total Unusual Items": NaN,
        "Total Unusual Items Excluding Goodwill": NaN,
        "Net Income From Continuing Operation Net Minority Interest": NaN,
        "Reconciled Depreciation": NaN,
        "Reconciled Cost Of Revenue": NaN,
        "EBITDA": NaN,
        "EBIT": NaN,
        "Net Interest Income": NaN,
        "Interest Expense": NaN,
        "Interest Income": NaN,
        "Normalized Income": NaN,
        "Net Income From Continuing And Discontinued Operation": NaN,
        "Total Expenses": NaN,
        "Total Operating Income As Reported": NaN,
        "Diluted Average Shares": NaN,
        "Basic Average Shares": NaN,
        "Diluted EPS": NaN,
        "Basic EPS": NaN,
        "Diluted NI Availto Com Stockholders": NaN,
        "Net Income Common Stockholders": NaN,
        "Net Income": NaN,
        "Minority Interests": NaN,
        "Net Income Including Noncontrolling Interests": NaN,
        "Net Income Discontinuous Operations": NaN,
        "Net Income Continuous Operations": NaN,
        "Tax Provision": NaN,
        "Pretax Income": NaN,
        "Other Income Expense": NaN,
        "Other Non Operating Income Expenses": NaN,
        "Special Income Charges": NaN,
        "Gain On Sale Of Ppe": NaN,
        "Gain On Sale Of Business": NaN,
        "Impairment Of Capital Assets": NaN,
        "Restructuring And Mergern Acquisition": 23000000.0,
        "Earnings From Equity Interest": NaN,
        "Gain On Sale Of Security": NaN,
        "Net Non Operating Interest Income Expense": NaN,
        "Total Other Finance Cost": NaN,
        "Interest Expense Non Operating": NaN,
        "Interest Income Non Operating": NaN,
        "Operating Income": NaN,
        "Operating Expense": NaN,
        "Depreciation Amortization Depletion Income Statement": NaN,
        "Depreciation And Amortization In Income Statement": NaN,
        "Amortization": NaN,
        "Amortization Of Intangibles Income Statement": NaN,
        "Research And Development": NaN,
        "Selling General And Administration": NaN,
        "General And Administrative Expense": NaN,
        "Other Gand A": NaN,
        "Salaries And Wages": NaN,
        "Gross Profit": NaN,
        "Cost Of Revenue": NaN,
        "Total Revenue": NaN,
        "Operating Revenue": NaN
    },
    "2022-12-31": {
        "Tax Effect Of Unusual Items": 4830000.0,
        "Tax Rate For Calcs": 0.21,
        "Normalized EBITDA": 235000000.0,
        "Total Unusual Items": 23000000.0,
        "Total Unusual Items Excluding Goodwill": 23000000.0,
        "Net Income From Continuing Operation Net Minority Interest": 768000000.0,
        "Reconciled Depreciation": 160000000.0,
        "Reconciled Cost Of Revenue": 1834000000.0,
        "EBITDA": 258000000.0,
        "EBIT": 98000000.0,
        "Net Interest Income": -135000000.0,
        "Interest Expense": 168000000.0,
        "Interest Income": 33000000.0,
        "Normalized Income": 749830000.0,
        "Net Income From Continuing And Discontinued Operation": 767000000.0,
        "Total Expenses": 2300000000.0,
        "Total Operating Income As Reported": 56000000.0,
        "Diluted Average Shares": NaN,
        "Basic Average Shares": NaN,
        "Diluted EPS": NaN,
        "Basic EPS": NaN,
        "Diluted NI Availto Com Stockholders": 767000000.0,
        "Net Income Common Stockholders": 767000000.0,
        "Net Income": 767000000.0,
        "Minority Interests": -2000000.0,
        "Net Income Including Noncontrolling Interests": 769000000.0,
        "Net Income Discontinuous Operations": -1000000.0,
        "Net Income Continuous Operations": 770000000.0,
        "Tax Provision": -840000000.0,
        "Pretax Income": -70000000.0,
        "Other Income Expense": 17000000.0,
        "Other Non Operating Income Expenses": -37000000.0,
        "Special Income Charges": -10000000.0,
        "Gain On Sale Of Ppe": NaN,
        "Gain On Sale Of Business": -2000000.0,
        "Impairment Of Capital Assets": NaN,
        "Restructuring And Mergern Acquisition": NaN,
        "Earnings From Equity Interest": 31000000.0,
        "Gain On Sale Of Security": 33000000.0,
        "Net Non Operating Interest Income Expense": -135000000.0,
        "Total Other Finance Cost": NaN,
        "Interest Expense Non Operating": 168000000.0,
        "Interest Income Non Operating": 33000000.0,
        "Operating Income": 48000000.0,
        "Operating Expense": 336000000.0,
        "Depreciation Amortization Depletion Income Statement": 30000000.0,
        "Depreciation And Amortization In Income Statement": 30000000.0,
        "Amortization": 30000000.0,
        "Amortization Of Intangibles Income Statement": 30000000.0,
        "Research And Development": 37000000.0,
        "Selling General And Administration": 269000000.0,
        "General And Administrative Expense": NaN,
        "Other Gand A": NaN,
        "Salaries And Wages": NaN,
        "Gross Profit": 384000000.0,
        "Cost Of Revenue": 1964000000.0,
        "Total Revenue": 2348000000.0,
        "Operating Revenue": 2348000000.0
    },
    "2022-09-30": {
        "Tax Effect Of Unusual Items": NaN,
        "Tax Rate For Calcs": NaN,
        "Normalized EBITDA": NaN,
        "Total Unusual Items": NaN,
        "Total Unusual Items Excluding Goodwill": NaN,
        "Net Income From Continuing Operation Net Minority Interest": NaN,
        "Reconciled Depreciation": NaN,
        "Reconciled Cost Of Revenue": NaN,
        "EBITDA": NaN,
        "EBIT": NaN,
        "Net Interest Income": NaN,
        "Interest Expense": NaN,
        "Interest Income": NaN,
        "Normalized Income": NaN,
        "Net Income From Continuing And Discontinued Operation": NaN,
        "Total Expenses": NaN,
        "Total Operating Income As Reported": NaN,
        "Diluted Average Shares": NaN,
        "Basic Average Shares": NaN,
        "Diluted EPS": NaN,
        "Basic EPS": NaN,
        "Diluted NI Availto Com Stockholders": NaN,
        "Net Income Common Stockholders": NaN,
        "Net Income": NaN,
        "Minority Interests": NaN,
        "Net Income Including Noncontrolling Interests": NaN,
        "Net Income Discontinuous Operations": NaN,
        "Net Income Continuous Operations": NaN,
        "Tax Provision": NaN,
        "Pretax Income": NaN,
        "Other Income Expense": NaN,
        "Other Non Operating Income Expenses": NaN,
        "Special Income Charges": NaN,
        "Gain On Sale Of Ppe": 0.0,
        "Gain On Sale Of Business": NaN,
        "Impairment Of Capital Assets": 12000000.0,
        "Restructuring And Mergern Acquisition": 3000000.0,
        "Earnings From Equity Interest": NaN,
        "Gain On Sale Of Security": NaN,
        "Net Non Operating Interest Income Expense": NaN,
        "Total Other Finance Cost": NaN,
        "Interest Expense Non Operating": NaN,
        "Interest Income Non Operating": NaN,
        "Operating Income": NaN,
        "Operating Expense": NaN,
        "Depreciation Amortization Depletion Income Statement": NaN,
        "Depreciation And Amortization In Income Statement": NaN,
        "Amortization": NaN,
        "Amortization Of Intangibles Income Statement": NaN,
        "Research And Development": NaN,
        "Selling General And Administration": NaN,
        "General And Administrative Expense": NaN,
        "Other Gand A": NaN,
        "Salaries And Wages": NaN,
        "Gross Profit": NaN,
        "Cost Of Revenue": NaN,
        "Total Revenue": NaN,
        "Operating Revenue": NaN
    },
    "2022-06-30": {
        "Tax Effect Of Unusual Items": 6110000.0,
        "Tax Rate For Calcs": 0.13,
        "Normalized EBITDA": 566000000.0,
        "Total Unusual Items": 47000000.0,
        "Total Unusual Items Excluding Goodwill": 47000000.0,
        "Net Income From Continuing Operation Net Minority Interest": 440000000.0,
        "Reconciled Depreciation": 11000000.0,
        "Reconciled Cost Of Revenue": 1781000000.0,
        "EBITDA": 613000000.0,
        "EBIT": 602000000.0,
        "Net Interest Income": -47000000.0,
        "Interest Expense": 48000000.0,
        "Interest Income": 1000000.0,
        "Normalized Income": 399110000.0,
        "Net Income From Continuing And Discontinued Operation": 434000000.0,
        "Total Expenses": 2015000000.0,
        "Total Operating Income As Reported": 483000000.0,
        "Diluted Average Shares": 109123349.0,
        "Basic Average Shares": 108392155.0,
        "Diluted EPS": 3.98,
        "Basic EPS": 4.0,
        "Diluted NI Availto Com Stockholders": 434000000.0,
        "Net Income Common Stockholders": 434000000.0,
        "Net Income": 434000000.0,
        "Minority Interests": -2000000.0,
        "Net Income Including Noncontrolling Interests": 436000000.0,
        "Net Income Discontinuous Operations": -6000000.0,
        "Net Income Continuous Operations": 442000000.0,
        "Tax Provision": 112000000.0,
        "Pretax Income": 554000000.0,
        "Other Income Expense": 130000000.0,
        "Other Non Operating Income Expenses": 23000000.0,
        "Special Income Charges": 12000000.0,
        "Gain On Sale Of Business": 12000000.0,
        "Earnings From Equity Interest": 60000000.0,
        "Gain On Sale Of Security": 35000000.0,
        "Net Non Operating Interest Income Expense": -47000000.0,
        "Interest Expense Non Operating": 48000000.0,
        "Interest Income Non Operating": 1000000.0,
        "Operating Income": 471000000.0,
        "Operating Expense": 234000000.0,
        "Depreciation Amortization Depletion Income Statement": 11000000.0,
        "Depreciation And Amortization In Income Statement": 11000000.0,
        "Amortization": 11000000.0,
        "Amortization Of Intangibles Income Statement": 11000000.0,
        "Research And Development": 26000000.0,
        "Selling General And Administration": 197000000.0,
        "Gross Profit": 705000000.0,
        "Cost Of Revenue": 1781000000.0,
        "Total Revenue": 2486000000.0,
        "Operating Revenue": 2486000000.0
    },
    "2023-06-30": {
        "Tax Effect Of Unusual Items": NaN,
        "Tax Rate For Calcs": NaN,
        "Normalized EBITDA": NaN,
        "Total Unusual Items": NaN,
        "Total Unusual Items Excluding Goodwill": NaN,
        "Net Income From Continuing Operation Net Minority Interest": NaN,
        "Reconciled Depreciation": NaN,
        "Reconciled Cost Of Revenue": NaN,
        "EBITDA": NaN,
        "EBIT": NaN,
        "Net Interest Income": NaN,
        "Interest Expense": NaN,
        "Interest Income": NaN,
        "Normalized Income": NaN,
        "Net Income From Continuing And Discontinued Operation": NaN,
        "Total Expenses": NaN,
        "Total Operating Income As Reported": NaN,
        "Diluted Average Shares": NaN,
        "Basic Average Shares": NaN,
        "Diluted EPS": NaN,
        "Basic EPS": NaN,
        "Diluted NI Availto Com Stockholders": NaN,
        "Net Income Common Stockholders": NaN,
        "Net Income": NaN,
        "Minority Interests": NaN,
        "Net Income Including Noncontrolling Interests": NaN,
        "Net Income Discontinuous Operations": NaN,
        "Net Income Continuous Operations": NaN,
        "Tax Provision": NaN,
        "Pretax Income": NaN,
        "Other Income Expense": NaN,
        "Other Non Operating Income Expenses": NaN,
        "Special Income Charges": NaN,
        "Gain On Sale Of Ppe": NaN,
        "Gain On Sale Of Business": NaN,
        "Impairment Of Capital Assets": 0.0,
        "Restructuring And Mergern Acquisition": NaN,
        "Earnings From Equity Interest": NaN,
        "Gain On Sale Of Security": NaN,
        "Net Non Operating Interest Income Expense": NaN,
        "Total Other Finance Cost": NaN,
        "Interest Expense Non Operating": NaN,
        "Interest Income Non Operating": NaN,
        "Operating Income": NaN,
        "Operating Expense": NaN,
        "Depreciation Amortization Depletion Income Statement": NaN,
        "Depreciation And Amortization In Income Statement": NaN,
        "Amortization": NaN,
        "Amortization Of Intangibles Income Statement": NaN,
        "Research And Development": NaN,
        "Selling General And Administration": NaN,
        "General And Administrative Expense": 276000000.0,
        "Other Gand A": 274000000.0,
        "Salaries And Wages": 2000000.0,
        "Gross Profit": NaN,
        "Cost Of Revenue": NaN,
        "Total Revenue": NaN,
        "Operating Revenue": NaN
    },
    "2023-09-30": {
        "Tax Effect Of Unusual Items": 108360000.0,
        "Tax Rate For Calcs": 0.21,
        "Normalized EBITDA": 561000000.0,
        "Total Unusual Items": 516000000.0,
        "Total Unusual Items Excluding Goodwill": 516000000.0,
        "Net Income From Continuing Operation Net Minority Interest": 952000000.0,
        "Reconciled Depreciation": 185000000.0,
        "Reconciled Cost Of Revenue": 1906000000.0,
        "EBITDA": 1077000000.0,
        "EBIT": 892000000.0,
        "Net Interest Income": -173000000.0,
        "Interest Expense": 178000000.0,
        "Interest Income": 12000000.0,
        "Normalized Income": 544360000.0,
        "Net Income From Continuing And Discontinued Operation": 951000000.0,
        "Total Expenses": 2367000000.0,
        "Total Operating Income As Reported": 842000000.0,
        "Diluted Average Shares": 109400000.0,
        "Basic Average Shares": 108900000.0,
        "Diluted EPS": 8.69,
        "Basic EPS": 8.73,
        "Diluted NI Availto Com Stockholders": 951000000.0,
        "Net Income Common Stockholders": 951000000.0,
        "Net Income": 951000000.0,
        "Minority Interests": 2000000.0,
        "Net Income Including Noncontrolling Interests": 949000000.0,
        "Net Income Discontinuous Operations": -1000000.0,
        "Net Income Continuous Operations": 950000000.0,
        "Tax Provision": -236000000.0,
        "Pretax Income": 714000000.0,
        "Other Income Expense": 531000000.0,
        "Other Non Operating Income Expenses": 3000000.0,
        "Special Income Charges": 486000000.0,
        "Gain On Sale Of Ppe": -1000000.0,
        "Gain On Sale Of Business": 502000000.0,
        "Impairment Of Capital Assets": 9000000.0,
        "Restructuring And Mergern Acquisition": 7000000.0,
        "Earnings From Equity Interest": 12000000.0,
        "Gain On Sale Of Security": 30000000.0,
        "Net Non Operating Interest Income Expense": -173000000.0,
        "Total Other Finance Cost": 7000000.0,
        "Interest Expense Non Operating": 178000000.0,
        "Interest Income Non Operating": 12000000.0,
        "Operating Income": 356000000.0,
        "Operating Expense": 317000000.0,
        "Depreciation Amortization Depletion Income Statement": 41000000.0,
        "Depreciation And Amortization In Income Statement": 41000000.0,
        "Amortization": 41000000.0,
        "Amortization Of Intangibles Income Statement": 41000000.0,
        "Research And Development": 32000000.0,
        "Selling General And Administration": 244000000.0,
        "General And Administrative Expense": 244000000.0,
        "Other Gand A": 244000000.0,
        "Salaries And Wages": 1000000.0,
        "Gross Profit": 673000000.0,
        "Cost Of Revenue": 2050000000.0,
        "Total Revenue": 2723000000.0,
        "Operating Revenue": 2723000000.0
    },
    "2023-12-31": {
        "Tax Effect Of Unusual Items": 4410000.0,
        "Tax Rate For Calcs": 0.21,
        "Normalized EBITDA": 484000000.0,
        "Total Unusual Items": 21000000.0,
        "Total Unusual Items Excluding Goodwill": 21000000.0,
        "Net Income From Continuing Operation Net Minority Interest": 704000000.0,
        "Reconciled Depreciation": 195000000.0,
        "Reconciled Cost Of Revenue": 1801000000.0,
        "EBITDA": 505000000.0,
        "EBIT": 310000000.0,
        "Net Interest Income": -166000000.0,
        "Interest Expense": 178000000.0,
        "Interest Income": 12000000.0,
        "Normalized Income": 687410000.0,
        "Net Income From Continuing And Discontinued Operation": 698000000.0,
        "Total Expenses": 2298000000.0,
        "Total Operating Income As Reported": 259000000.0,
        "Diluted Average Shares": 109500000.0,
        "Basic Average Shares": 109000000.0,
        "Diluted EPS": 6.37,
        "Basic EPS": 6.41,
        "Diluted NI Availto Com Stockholders": 698000000.0,
        "Net Income Common Stockholders": 698000000.0,
        "Net Income": 698000000.0,
        "Minority Interests": -3000000.0,
        "Net Income Including Noncontrolling Interests": 701000000.0,
        "Net Income Discontinuous Operations": -6000000.0,
        "Net Income Continuous Operations": 707000000.0,
        "Tax Provision": -575000000.0,
        "Pretax Income": 132000000.0,
        "Other Income Expense": 27000000.0,
        "Other Non Operating Income Expenses": -46000000.0,
        "Special Income Charges": -21000000.0,
        "Gain On Sale Of Ppe": 0.0,
        "Gain On Sale Of Business": -3000000.0,
        "Impairment Of Capital Assets": 6000000.0,
        "Restructuring And Mergern Acquisition": 12000000.0,
        "Earnings From Equity Interest": 52000000.0,
        "Gain On Sale Of Security": 42000000.0,
        "Net Non Operating Interest Income Expense": -166000000.0,
        "Total Other Finance Cost": 0.0,
        "Interest Expense Non Operating": 178000000.0,
        "Interest Income Non Operating": 12000000.0,
        "Operating Income": 271000000.0,
        "Operating Expense": 342000000.0,
        "Depreciation Amortization Depletion Income Statement": 40000000.0,
        "Depreciation And Amortization In Income Statement": 40000000.0,
        "Amortization": 40000000.0,
        "Amortization Of Intangibles Income Statement": 40000000.0,
        "Research And Development": 32000000.0,
        "Selling General And Administration": 270000000.0,
        "General And Administrative Expense": NaN,
        "Other Gand A": NaN,
        "Salaries And Wages": NaN,
        "Gross Profit": 613000000.0,
        "Cost Of Revenue": 1956000000.0,
        "Total Revenue": 2569000000.0,
        "Operating Revenue": 2569000000.0
    },
    "2024-03-31": {
        "Tax Effect Of Unusual Items": 6300000.0,
        "Tax Rate For Calcs": 0.21,
        "Normalized EBITDA": 523000000.0,
        "Total Unusual Items": 30000000.0,
        "Total Unusual Items Excluding Goodwill": 30000000.0,
        "Net Income From Continuing Operation Net Minority Interest": 121000000.0,
        "Reconciled Depreciation": 227000000.0,
        "Reconciled Cost Of Revenue": 1871000000.0,
        "EBITDA": 553000000.0,
        "EBIT": 326000000.0,
        "Net Interest Income": -156000000.0,
        "Interest Expense": 169000000.0,
        "Interest Income": 13000000.0,
        "Normalized Income": 97300000.0,
        "Net Income From Continuing And Discontinued Operation": 121000000.0,
        "Total Expenses": 2397000000.0,
        "Total Operating Income As Reported": 210000000.0,
        "Diluted Average Shares": 109513991.0,
        "Basic Average Shares": 109069060.0,
        "Diluted EPS": 1.1,
        "Basic EPS": 1.11,
        "Diluted NI Availto Com Stockholders": 121000000.0,
        "Net Income Common Stockholders": 121000000.0,
        "Net Income": 121000000.0,
        "Minority Interests": -3000000.0,
        "Net Income Including Noncontrolling Interests": 124000000.0,
        "Net Income Discontinuous Operations": 0.0,
        "Net Income Continuous Operations": 124000000.0,
        "Tax Provision": 33000000.0,
        "Pretax Income": 157000000.0,
        "Other Income Expense": 99000000.0,
        "Other Non Operating Income Expenses": 14000000.0,
        "Special Income Charges": -15000000.0,
        "Gain On Sale Of Ppe": NaN,
        "Gain On Sale Of Business": -1000000.0,
        "Impairment Of Capital Assets": NaN,
        "Restructuring And Mergern Acquisition": 14000000.0,
        "Earnings From Equity Interest": 55000000.0,
        "Gain On Sale Of Security": 45000000.0,
        "Net Non Operating Interest Income Expense": -156000000.0,
        "Total Other Finance Cost": NaN,
        "Interest Expense Non Operating": 169000000.0,
        "Interest Income Non Operating": 13000000.0,
        "Operating Income": 214000000.0,
        "Operating Expense": 340000000.0,
        "Depreciation Amortization Depletion Income Statement": 41000000.0,
        "Depreciation And Amortization In Income Statement": 41000000.0,
        "Amortization": 41000000.0,
        "Amortization Of Intangibles Income Statement": 41000000.0,
        "Research And Development": 34000000.0,
        "Selling General And Administration": 265000000.0,
        "General And Administrative Expense": NaN,
        "Other Gand A": NaN,
        "Salaries And Wages": NaN,
        "Gross Profit": 554000000.0,
        "Cost Of Revenue": 2057000000.0,
        "Total Revenue": 2611000000.0,
        "Operating Revenue": 2611000000.0
    },
    "2024-06-30": {
        "Tax Effect Of Unusual Items": -5440000.0,
        "Tax Rate For Calcs": 0.16,
        "Normalized EBITDA": 589000000.0,
        "Total Unusual Items": -34000000.0,
        "Total Unusual Items Excluding Goodwill": -34000000.0,
        "Net Income From Continuing Operation Net Minority Interest": 156000000.0,
        "Reconciled Depreciation": 198000000.0,
        "Reconciled Cost Of Revenue": 1850000000.0,
        "EBITDA": 555000000.0,
        "EBIT": 357000000.0,
        "Net Interest Income": -164000000.0,
        "Interest Expense": 174000000.0,
        "Interest Income": 10000000.0,
        "Normalized Income": 184560000.0,
        "Net Income From Continuing And Discontinued Operation": 155000000.0,
        "Total Expenses": 2334000000.0,
        "Total Operating Income As Reported": 250000000.0,
        "Diluted Average Shares": 109547401.0,
        "Basic Average Shares": 109314411.0,
        "Diluted EPS": 1.41,
        "Basic EPS": 1.42,
        "Diluted NI Availto Com Stockholders": 155000000.0,
        "Net Income Common Stockholders": 155000000.0,
        "Net Income": 155000000.0,
        "Minority Interests": 2000000.0,
        "Net Income Including Noncontrolling Interests": 153000000.0,
        "Net Income Discontinuous Operations": -1000000.0,
        "Net Income Continuous Operations": 154000000.0,
        "Tax Provision": 29000000.0,
        "Pretax Income": 183000000.0,
        "Other Income Expense": 30000000.0,
        "Other Non Operating Income Expenses": 13000000.0,
        "Special Income Charges": -56000000.0,
        "Gain On Sale Of Ppe": NaN,
        "Gain On Sale Of Business": -8000000.0,
        "Impairment Of Capital Assets": 5000000.0,
        "Restructuring And Mergern Acquisition": 43000000.0,
        "Earnings From Equity Interest": 51000000.0,
        "Gain On Sale Of Security": 22000000.0,
        "Net Non Operating Interest Income Expense": -164000000.0,
        "Total Other Finance Cost": NaN,
        "Interest Expense Non Operating": 174000000.0,
        "Interest Income Non Operating": 10000000.0,
        "Operating Income": 317000000.0,
        "Operating Expense": 324000000.0,
        "Depreciation Amortization Depletion Income Statement": 38000000.0,
        "Depreciation And Amortization In Income Statement": 38000000.0,
        "Amortization": 38000000.0,
        "Amortization Of Intangibles Income Statement": 38000000.0,
        "Research And Development": 33000000.0,
        "Selling General And Administration": 253000000.0,
        "General And Administrative Expense": 253000000.0,
        "Other Gand A": 255000000.0,
        "Salaries And Wages": -2000000.0,
        "Gross Profit": 641000000.0,
        "Cost Of Revenue": 2010000000.0,
        "Total Revenue": 2651000000.0,
        "Operating Revenue": 2651000000.0
    },
    "2024-09-30": {
        "Tax Effect Of Unusual Items": -7920000.0,
        "Tax Rate For Calcs": 0.33,
        "Normalized EBITDA": 585000000.0,
        "Total Unusual Items": -24000000.0,
        "Total Unusual Items Excluding Goodwill": -24000000.0,
        "Net Income From Continuing Operation Net Minority Interest": 118000000.0,
        "Reconciled Depreciation": 209000000.0,
        "Reconciled Cost Of Revenue": 1857000000.0,
        "EBITDA": 561000000.0,
        "EBIT": 352000000.0,
        "Net Interest Income": -164000000.0,
        "Interest Expense": 169000000.0,
        "Interest Income": 5000000.0,
        "Normalized Income": 134080000.0,
        "Net Income From Continuing And Discontinued Operation": 116000000.0,
        "Total Expenses": 2346000000.0,
        "Total Operating Income As Reported": 248000000.0,
        "Diluted Average Shares": 109535037.0,
        "Basic Average Shares": 109338977.0,
        "Diluted EPS": 1.06,
        "Basic EPS": 1.06,
        "Diluted NI Availto Com Stockholders": 116000000.0,
        "Net Income Common Stockholders": 116000000.0,
        "Net Income": 116000000.0,
        "Minority Interests": -4000000.0,
        "Net Income Including Noncontrolling Interests": 120000000.0,
        "Net Income Discontinuous Operations": -2000000.0,
        "Net Income Continuous Operations": 122000000.0,
        "Tax Provision": 61000000.0,
        "Pretax Income": 183000000.0,
        "Other Income Expense": 45000000.0,
        "Other Non Operating Income Expenses": 18000000.0,
        "Special Income Charges": -64000000.0,
        "Gain On Sale Of Ppe": NaN,
        "Gain On Sale Of Business": -3000000.0,
        "Impairment Of Capital Assets": 34000000.0,
        "Restructuring And Mergern Acquisition": 27000000.0,
        "Earnings From Equity Interest": 51000000.0,
        "Gain On Sale Of Security": 40000000.0,
        "Net Non Operating Interest Income Expense": -164000000.0,
        "Total Other Finance Cost": NaN,
        "Interest Expense Non Operating": 169000000.0,
        "Interest Income Non Operating": 5000000.0,
        "Operating Income": 302000000.0,
        "Operating Expense": 320000000.0,
        "Depreciation Amortization Depletion Income Statement": 40000000.0,
        "Depreciation And Amortization In Income Statement": 40000000.0,
        "Amortization": 40000000.0,
        "Amortization Of Intangibles Income Statement": 40000000.0,
        "Research And Development": 32000000.0,
        "Selling General And Administration": 248000000.0,
        "General And Administrative Expense": 248000000.0,
        "Other Gand A": 248000000.0,
        "Salaries And Wages": NaN,
        "Gross Profit": 622000000.0,
        "Cost Of Revenue": 2026000000.0,
        "Total Revenue": 2648000000.0,
        "Operating Revenue": 2648000000.0
    }
}