{
    "2023-03-31": {
        "Tax Effect Of Unusual Items": NaN,
        "Tax Rate For Calcs": NaN,
        "Normalized EBITDA": NaN,
        "Total Unusual Items": NaN,
        "Total Unusual Items Excluding Goodwill": NaN,
        "Net Income From Continuing Operation Net Minority Interest": NaN,
        "Reconciled Depreciation": NaN,
        "Reconciled Cost Of Revenue": NaN,
        "EBITDA": NaN,
        "EBIT": NaN,
        "Net Interest Income": NaN,
        "Interest Expense": NaN,
        "Interest Income": 26000000.0,
        "Normalized Income": NaN,
        "Net Income From Continuing And Discontinued Operation": NaN,
        "Total Expenses": NaN,
        "Total Operating Income As Reported": NaN,
        "Diluted Average Shares": NaN,
        "Basic Average Shares": NaN,
        "Diluted EPS": NaN,
        "Basic EPS": NaN,
        "Diluted NI Availto Com Stockholders": NaN,
        "Net Income Common Stockholders": NaN,
        "Net Income": NaN,
        "Minority Interests": NaN,
        "Net Income Including Noncontrolling Interests": NaN,
        "Net Income Continuous Operations": NaN,
        "Earnings From Equity Interest Net Of Tax": NaN,
        "Tax Provision": NaN,
        "Pretax Income": NaN,
        "Other Income Expense": NaN,
        "Other Non Operating Income Expenses": NaN,
        "Special Income Charges": NaN,
        "Gain On Sale Of Ppe": NaN,
        "Gain On Sale Of Security": NaN,
        "Net Non Operating Interest Income Expense": NaN,
        "Interest Expense Non Operating": NaN,
        "Interest Income Non Operating": 26000000.0,
        "Operating Income": NaN,
        "Operating Expense": NaN,
        "Other Operating Expenses": NaN,
        "Other Taxes": NaN,
        "Depreciation Amortization Depletion Income Statement": NaN,
        "Depreciation And Amortization In Income Statement": NaN,
        "Selling General And Administration": NaN,
        "General And Administrative Expense": NaN,
        "Salaries And Wages": NaN,
        "Gross Profit": NaN,
        "Cost Of Revenue": NaN,
        "Total Revenue": NaN,
        "Operating Revenue": NaN
    },
    "2022-12-31": {
        "Tax Effect Of Unusual Items": NaN,
        "Tax Rate For Calcs": NaN,
        "Normalized EBITDA": NaN,
        "Total Unusual Items": NaN,
        "Total Unusual Items Excluding Goodwill": NaN,
        "Net Income From Continuing Operation Net Minority Interest": NaN,
        "Reconciled Depreciation": NaN,
        "Reconciled Cost Of Revenue": NaN,
        "EBITDA": NaN,
        "EBIT": NaN,
        "Net Interest Income": NaN,
        "Interest Expense": NaN,
        "Interest Income": 23000000.0,
        "Normalized Income": NaN,
        "Net Income From Continuing And Discontinued Operation": NaN,
        "Total Expenses": NaN,
        "Total Operating Income As Reported": NaN,
        "Diluted Average Shares": NaN,
        "Basic Average Shares": NaN,
        "Diluted EPS": NaN,
        "Basic EPS": NaN,
        "Diluted NI Availto Com Stockholders": NaN,
        "Net Income Common Stockholders": NaN,
        "Net Income": NaN,
        "Minority Interests": NaN,
        "Net Income Including Noncontrolling Interests": NaN,
        "Net Income Continuous Operations": NaN,
        "Earnings From Equity Interest Net Of Tax": NaN,
        "Tax Provision": NaN,
        "Pretax Income": NaN,
        "Other Income Expense": NaN,
        "Other Non Operating Income Expenses": NaN,
        "Special Income Charges": NaN,
        "Gain On Sale Of Ppe": NaN,
        "Gain On Sale Of Security": NaN,
        "Net Non Operating Interest Income Expense": NaN,
        "Interest Expense Non Operating": NaN,
        "Interest Income Non Operating": 23000000.0,
        "Operating Income": NaN,
        "Operating Expense": NaN,
        "Other Operating Expenses": NaN,
        "Other Taxes": NaN,
        "Depreciation Amortization Depletion Income Statement": NaN,
        "Depreciation And Amortization In Income Statement": NaN,
        "Selling General And Administration": NaN,
        "General And Administrative Expense": NaN,
        "Salaries And Wages": NaN,
        "Gross Profit": NaN,
        "Cost Of Revenue": NaN,
        "Total Revenue": NaN,
        "Operating Revenue": NaN
    },
    "2022-09-30": {
        "Tax Effect Of Unusual Items": NaN,
        "Tax Rate For Calcs": NaN,
        "Normalized EBITDA": NaN,
        "Total Unusual Items": NaN,
        "Total Unusual Items Excluding Goodwill": NaN,
        "Net Income From Continuing Operation Net Minority Interest": NaN,
        "Reconciled Depreciation": NaN,
        "Reconciled Cost Of Revenue": NaN,
        "EBITDA": NaN,
        "EBIT": NaN,
        "Net Interest Income": NaN,
        "Interest Expense": NaN,
        "Interest Income": 22000000.0,
        "Normalized Income": NaN,
        "Net Income From Continuing And Discontinued Operation": NaN,
        "Total Expenses": NaN,
        "Total Operating Income As Reported": NaN,
        "Diluted Average Shares": NaN,
        "Basic Average Shares": NaN,
        "Diluted EPS": NaN,
        "Basic EPS": NaN,
        "Diluted NI Availto Com Stockholders": NaN,
        "Net Income Common Stockholders": NaN,
        "Net Income": NaN,
        "Minority Interests": NaN,
        "Net Income Including Noncontrolling Interests": NaN,
        "Net Income Continuous Operations": NaN,
        "Earnings From Equity Interest Net Of Tax": NaN,
        "Tax Provision": NaN,
        "Pretax Income": NaN,
        "Other Income Expense": NaN,
        "Other Non Operating Income Expenses": NaN,
        "Special Income Charges": NaN,
        "Gain On Sale Of Ppe": NaN,
        "Gain On Sale Of Security": NaN,
        "Net Non Operating Interest Income Expense": NaN,
        "Interest Expense Non Operating": NaN,
        "Interest Income Non Operating": 22000000.0,
        "Operating Income": NaN,
        "Operating Expense": NaN,
        "Other Operating Expenses": NaN,
        "Other Taxes": NaN,
        "Depreciation Amortization Depletion Income Statement": NaN,
        "Depreciation And Amortization In Income Statement": NaN,
        "Selling General And Administration": NaN,
        "General And Administrative Expense": NaN,
        "Salaries And Wages": NaN,
        "Gross Profit": NaN,
        "Cost Of Revenue": NaN,
        "Total Revenue": NaN,
        "Operating Revenue": NaN
    },
    "2022-06-30": {
        "Tax Effect Of Unusual Items": -214800000.0,
        "Tax Rate For Calcs": 0.4,
        "Normalized EBITDA": 760000000.0,
        "Total Unusual Items": -537000000.0,
        "Total Unusual Items Excluding Goodwill": -537000000.0,
        "Net Income From Continuing Operation Net Minority Interest": -111000000.0,
        "Reconciled Depreciation": 605000000.0,
        "Reconciled Cost Of Revenue": 4453000000.0,
        "EBITDA": 223000000.0,
        "EBIT": -382000000.0,
        "Net Interest Income": -27000000.0,
        "Interest Expense": 56000000.0,
        "Interest Income": 29000000.0,
        "Normalized Income": 211200000.0,
        "Net Income From Continuing And Discontinued Operation": -111000000.0,
        "Total Expenses": 5397000000.0,
        "Total Operating Income As Reported": 272000000.0,
        "Diluted Average Shares": 328000000.0,
        "Basic Average Shares": 327000000.0,
        "Diluted EPS": -0.34,
        "Basic EPS": -0.34,
        "Diluted NI Availto Com Stockholders": -111000000.0,
        "Net Income Common Stockholders": -111000000.0,
        "Net Income": -111000000.0,
        "Minority Interests": 2000000.0,
        "Net Income Including Noncontrolling Interests": -113000000.0,
        "Net Income Continuous Operations": -113000000.0,
        "Earnings From Equity Interest Net Of Tax": -3000000.0,
        "Tax Provision": -328000000.0,
        "Pretax Income": -438000000.0,
        "Other Income Expense": -479000000.0,
        "Other Non Operating Income Expenses": 58000000.0,
        "Special Income Charges": -2000000.0,
        "Gain On Sale Of Ppe": -2000000.0,
        "Gain On Sale Of Security": -535000000.0,
        "Net Non Operating Interest Income Expense": -27000000.0,
        "Interest Expense Non Operating": 56000000.0,
        "Interest Income Non Operating": 29000000.0,
        "Operating Income": 68000000.0,
        "Operating Expense": 616000000.0,
        "Other Operating Expenses": 58000000.0,
        "Other Taxes": 281000000.0,
        "Depreciation Amortization Depletion Income Statement": 277000000.0,
        "Depreciation And Amortization In Income Statement": 277000000.0,
        "Gross Profit": 684000000.0,
        "Cost Of Revenue": 4781000000.0,
        "Total Revenue": 5465000000.0,
        "Operating Revenue": 5465000000.0
    },
    "2023-06-30": {
        "Tax Effect Of Unusual Items": NaN,
        "Tax Rate For Calcs": NaN,
        "Normalized EBITDA": NaN,
        "Total Unusual Items": NaN,
        "Total Unusual Items Excluding Goodwill": NaN,
        "Net Income From Continuing Operation Net Minority Interest": NaN,
        "Reconciled Depreciation": NaN,
        "Reconciled Cost Of Revenue": NaN,
        "EBITDA": NaN,
        "EBIT": NaN,
        "Net Interest Income": NaN,
        "Interest Expense": NaN,
        "Interest Income": 34000000.0,
        "Normalized Income": NaN,
        "Net Income From Continuing And Discontinued Operation": NaN,
        "Total Expenses": NaN,
        "Total Operating Income As Reported": NaN,
        "Diluted Average Shares": NaN,
        "Basic Average Shares": NaN,
        "Diluted EPS": NaN,
        "Basic EPS": NaN,
        "Diluted NI Availto Com Stockholders": NaN,
        "Net Income Common Stockholders": NaN,
        "Net Income": NaN,
        "Minority Interests": NaN,
        "Net Income Including Noncontrolling Interests": NaN,
        "Net Income Continuous Operations": NaN,
        "Earnings From Equity Interest Net Of Tax": NaN,
        "Tax Provision": NaN,
        "Pretax Income": NaN,
        "Other Income Expense": NaN,
        "Other Non Operating Income Expenses": NaN,
        "Special Income Charges": NaN,
        "Gain On Sale Of Ppe": 0.0,
        "Gain On Sale Of Security": NaN,
        "Net Non Operating Interest Income Expense": NaN,
        "Interest Expense Non Operating": NaN,
        "Interest Income Non Operating": 34000000.0,
        "Operating Income": NaN,
        "Operating Expense": NaN,
        "Other Operating Expenses": NaN,
        "Other Taxes": NaN,
        "Depreciation Amortization Depletion Income Statement": NaN,
        "Depreciation And Amortization In Income Statement": NaN,
        "Selling General And Administration": -14000000.0,
        "General And Administrative Expense": -14000000.0,
        "Salaries And Wages": -14000000.0,
        "Gross Profit": NaN,
        "Cost Of Revenue": NaN,
        "Total Revenue": NaN,
        "Operating Revenue": NaN
    },
    "2022-03-31": {
        "Diluted EPS": 0.32,
        "Total Revenue": NaN,
        "Gross Profit": NaN,
        "Operating Income": 435,
        "EBIT": NaN,
        "Net Income": 106
    },
    "2021-12-31": {
        "Diluted EPS": 0.0,
        "Total Revenue": NaN,
        "Gross Profit": NaN,
        "Operating Income": -2,
        "EBIT": 587,
        "Net Income": 42
    },
    "2021-09-30": {
        "Diluted EPS": 0.0,
        "Total Revenue": NaN,
        "Gross Profit": NaN,
        "Operating Income": NaN,
        "EBIT": NaN,
        "Net Income": 607
    },
    "2021-06-30": {
        "Diluted EPS": 0.0,
        "Total Revenue": NaN,
        "Gross Profit": NaN,
        "Operating Income": -308,
        "EBIT": NaN,
        "Net Income": -61
    },
    "2021-03-31": {
        "Diluted EPS": 0.0,
        "Total Revenue": NaN,
        "Gross Profit": 949,
        "Operating Income": NaN,
        "EBIT": 304,
        "Net Income": -793
    },
    "2020-12-31": {
        "Diluted EPS": 0.0,
        "Total Revenue": NaN,
        "Gross Profit": NaN,
        "Operating Income": NaN,
        "EBIT": NaN,
        "Net Income": NaN
    },
    "2019-12-31": {
        "Diluted EPS": 0.0,
        "Total Revenue": NaN,
        "Gross Profit": NaN,
        "Operating Income": NaN,
        "EBIT": NaN,
        "Net Income": NaN
    },
    "2023-09-30": {
        "Tax Effect Of Unusual Items": 17404000.0,
        "Tax Rate For Calcs": 0.229,
        "Normalized EBITDA": 1367000000.0,
        "Total Unusual Items": 76000000.0,
        "Total Unusual Items Excluding Goodwill": 76000000.0,
        "Net Income From Continuing Operation Net Minority Interest": 731000000.0,
        "Reconciled Depreciation": 466000000.0,
        "Reconciled Cost Of Revenue": 4520000000.0,
        "EBITDA": 1443000000.0,
        "EBIT": 977000000.0,
        "Net Interest Income": -82000000.0,
        "Interest Expense": 82000000.0,
        "Interest Income": NaN,
        "Normalized Income": 672404000.0,
        "Net Income From Continuing And Discontinued Operation": 731000000.0,
        "Total Expenses": 5243000000.0,
        "Total Operating Income As Reported": 977000000.0,
        "Diluted Average Shares": 323000000.0,
        "Basic Average Shares": 322000000.0,
        "Diluted EPS": 2.26,
        "Basic EPS": 2.27,
        "Diluted NI Availto Com Stockholders": 731000000.0,
        "Net Income Common Stockholders": 731000000.0,
        "Net Income": 731000000.0,
        "Minority Interests": 41000000.0,
        "Net Income Including Noncontrolling Interests": 690000000.0,
        "Net Income Continuous Operations": 690000000.0,
        "Earnings From Equity Interest Net Of Tax": 0.0,
        "Tax Provision": 205000000.0,
        "Pretax Income": 895000000.0,
        "Other Income Expense": 109000000.0,
        "Other Non Operating Income Expenses": 33000000.0,
        "Special Income Charges": 0.0,
        "Gain On Sale Of Ppe": 0.0,
        "Gain On Sale Of Security": 76000000.0,
        "Net Non Operating Interest Income Expense": -82000000.0,
        "Interest Expense Non Operating": 82000000.0,
        "Interest Income Non Operating": NaN,
        "Operating Income": 868000000.0,
        "Operating Expense": 523000000.0,
        "Other Operating Expenses": 109000000.0,
        "Other Taxes": 148000000.0,
        "Depreciation Amortization Depletion Income Statement": 266000000.0,
        "Depreciation And Amortization In Income Statement": 266000000.0,
        "Selling General And Administration": -14000000.0,
        "General And Administrative Expense": -14000000.0,
        "Salaries And Wages": -14000000.0,
        "Gross Profit": 1391000000.0,
        "Cost Of Revenue": 4720000000.0,
        "Total Revenue": 6111000000.0,
        "Operating Revenue": 6111000000.0
    },
    "2023-12-31": {
        "Tax Effect Of Unusual Items": -38640000.0,
        "Tax Rate For Calcs": 0.21,
        "Normalized EBITDA": 968000000.0,
        "Total Unusual Items": -184000000.0,
        "Total Unusual Items Excluding Goodwill": -184000000.0,
        "Net Income From Continuing Operation Net Minority Interest": -37000000.0,
        "Reconciled Depreciation": 502000000.0,
        "Reconciled Cost Of Revenue": 5226000000.0,
        "EBITDA": 784000000.0,
        "EBIT": 282000000.0,
        "Net Interest Income": -139000000.0,
        "Interest Expense": 139000000.0,
        "Interest Income": NaN,
        "Normalized Income": 108360000.0,
        "Net Income From Continuing And Discontinued Operation": -37000000.0,
        "Total Expenses": 5363000000.0,
        "Total Operating Income As Reported": -67000000.0,
        "Diluted Average Shares": 321000000.0,
        "Basic Average Shares": 320000000.0,
        "Diluted EPS": -0.11,
        "Basic EPS": -0.11,
        "Diluted NI Availto Com Stockholders": -37000000.0,
        "Net Income Common Stockholders": -37000000.0,
        "Net Income": -37000000.0,
        "Minority Interests": 2000000.0,
        "Net Income Including Noncontrolling Interests": -39000000.0,
        "Net Income Continuous Operations": -39000000.0,
        "Earnings From Equity Interest Net Of Tax": 0.0,
        "Tax Provision": 182000000.0,
        "Pretax Income": 143000000.0,
        "Other Income Expense": -151000000.0,
        "Other Non Operating Income Expenses": 33000000.0,
        "Special Income Charges": -1000000.0,
        "Gain On Sale Of Ppe": NaN,
        "Gain On Sale Of Security": -183000000.0,
        "Net Non Operating Interest Income Expense": -139000000.0,
        "Interest Expense Non Operating": 139000000.0,
        "Interest Income Non Operating": NaN,
        "Operating Income": 433000000.0,
        "Operating Expense": -77000000.0,
        "Other Operating Expenses": -499000000.0,
        "Other Taxes": 134000000.0,
        "Depreciation Amortization Depletion Income Statement": 288000000.0,
        "Depreciation And Amortization In Income Statement": 288000000.0,
        "Selling General And Administration": -13000000.0,
        "General And Administrative Expense": -13000000.0,
        "Salaries And Wages": -13000000.0,
        "Gross Profit": 356000000.0,
        "Cost Of Revenue": 5440000000.0,
        "Total Revenue": 5796000000.0,
        "Operating Revenue": 5796000000.0
    },
    "2024-03-31": {
        "Tax Effect Of Unusual Items": 7379000.0,
        "Tax Rate For Calcs": 0.157,
        "Normalized EBITDA": 1650000000.0,
        "Total Unusual Items": 47000000.0,
        "Total Unusual Items Excluding Goodwill": 47000000.0,
        "Net Income From Continuing Operation Net Minority Interest": 883000000.0,
        "Reconciled Depreciation": 522000000.0,
        "Reconciled Cost Of Revenue": 4687000000.0,
        "EBITDA": 1697000000.0,
        "EBIT": 1175000000.0,
        "Net Interest Income": -127000000.0,
        "Interest Expense": 127000000.0,
        "Interest Income": NaN,
        "Normalized Income": 843379000.0,
        "Net Income From Continuing And Discontinued Operation": 883000000.0,
        "Total Expenses": 5054000000.0,
        "Total Operating Income As Reported": 813000000.0,
        "Diluted Average Shares": 318000000.0,
        "Basic Average Shares": 317000000.0,
        "Diluted EPS": 2.78,
        "Basic EPS": 2.79,
        "Diluted NI Availto Com Stockholders": 883000000.0,
        "Net Income Common Stockholders": 883000000.0,
        "Net Income": 883000000.0,
        "Minority Interests": 0.0,
        "Net Income Including Noncontrolling Interests": 883000000.0,
        "Net Income Continuous Operations": 883000000.0,
        "Earnings From Equity Interest Net Of Tax": 0.0,
        "Tax Provision": 165000000.0,
        "Pretax Income": 1048000000.0,
        "Other Income Expense": 68000000.0,
        "Other Non Operating Income Expenses": 21000000.0,
        "Special Income Charges": 0.0,
        "Gain On Sale Of Ppe": 0.0,
        "Gain On Sale Of Security": 47000000.0,
        "Net Non Operating Interest Income Expense": -127000000.0,
        "Interest Expense Non Operating": 127000000.0,
        "Interest Income Non Operating": NaN,
        "Operating Income": 1107000000.0,
        "Operating Expense": 151000000.0,
        "Other Operating Expenses": -296000000.0,
        "Other Taxes": 139000000.0,
        "Depreciation Amortization Depletion Income Statement": 306000000.0,
        "Depreciation And Amortization In Income Statement": 306000000.0,
        "Selling General And Administration": 2000000.0,
        "General And Administrative Expense": 2000000.0,
        "Salaries And Wages": 2000000.0,
        "Gross Profit": 1258000000.0,
        "Cost Of Revenue": 4903000000.0,
        "Total Revenue": 6161000000.0,
        "Operating Revenue": 6161000000.0
    },
    "2024-06-30": {
        "Tax Effect Of Unusual Items": 8960000.0,
        "Tax Rate For Calcs": 0.16,
        "Normalized EBITDA": 1563000000.0,
        "Total Unusual Items": 56000000.0,
        "Total Unusual Items Excluding Goodwill": 56000000.0,
        "Net Income From Continuing Operation Net Minority Interest": 814000000.0,
        "Reconciled Depreciation": 513000000.0,
        "Reconciled Cost Of Revenue": 3720000000.0,
        "EBITDA": 1619000000.0,
        "EBIT": 1106000000.0,
        "Net Interest Income": -142000000.0,
        "Interest Expense": 142000000.0,
        "Interest Income": NaN,
        "Normalized Income": 766960000.0,
        "Net Income From Continuing And Discontinued Operation": 814000000.0,
        "Total Expenses": 4438000000.0,
        "Total Operating Income As Reported": 1100000000.0,
        "Diluted Average Shares": 316000000.0,
        "Basic Average Shares": 315000000.0,
        "Diluted EPS": 2.58,
        "Basic EPS": 2.58,
        "Diluted NI Availto Com Stockholders": 814000000.0,
        "Net Income Common Stockholders": 814000000.0,
        "Net Income": 814000000.0,
        "Minority Interests": 5000000.0,
        "Net Income Including Noncontrolling Interests": 809000000.0,
        "Net Income Continuous Operations": 809000000.0,
        "Earnings From Equity Interest Net Of Tax": -1000000.0,
        "Tax Provision": 154000000.0,
        "Pretax Income": 964000000.0,
        "Other Income Expense": 69000000.0,
        "Other Non Operating Income Expenses": 13000000.0,
        "Special Income Charges": 0.0,
        "Gain On Sale Of Ppe": 0.0,
        "Gain On Sale Of Security": 56000000.0,
        "Net Non Operating Interest Income Expense": -142000000.0,
        "Interest Expense Non Operating": 142000000.0,
        "Interest Income Non Operating": NaN,
        "Operating Income": 1037000000.0,
        "Operating Expense": 501000000.0,
        "Other Operating Expenses": 63000000.0,
        "Other Taxes": 142000000.0,
        "Depreciation Amortization Depletion Income Statement": 296000000.0,
        "Depreciation And Amortization In Income Statement": 296000000.0,
        "Selling General And Administration": 4000000.0,
        "General And Administrative Expense": 4000000.0,
        "Salaries And Wages": 4000000.0,
        "Gross Profit": 1538000000.0,
        "Cost Of Revenue": 3937000000.0,
        "Total Revenue": 5475000000.0,
        "Operating Revenue": 5475000000.0
    },
    "2024-09-30": {
        "Tax Effect Of Unusual Items": -27846000.0,
        "Tax Rate For Calcs": 0.273,
        "Normalized EBITDA": 2383000000.0,
        "Total Unusual Items": -102000000.0,
        "Total Unusual Items Excluding Goodwill": -102000000.0,
        "Net Income From Continuing Operation Net Minority Interest": 1200000000.0,
        "Reconciled Depreciation": 489000000.0,
        "Reconciled Cost Of Revenue": 4431000000.0,
        "EBITDA": 2281000000.0,
        "EBIT": 1792000000.0,
        "Net Interest Income": -147000000.0,
        "Interest Expense": 147000000.0,
        "Interest Income": NaN,
        "Normalized Income": 1274154000.0,
        "Net Income From Continuing And Discontinued Operation": 1200000000.0,
        "Total Expenses": 4670000000.0,
        "Total Operating Income As Reported": 1467000000.0,
        "Diluted Average Shares": 314000000.0,
        "Basic Average Shares": 313000000.0,
        "Diluted EPS": 3.82,
        "Basic EPS": 3.83,
        "Diluted NI Availto Com Stockholders": 1200000000.0,
        "Net Income Common Stockholders": 1200000000.0,
        "Net Income": 1200000000.0,
        "Minority Interests": 4000000.0,
        "Net Income Including Noncontrolling Interests": 1196000000.0,
        "Net Income Continuous Operations": 1196000000.0,
        "Earnings From Equity Interest Net Of Tax": 0.0,
        "Tax Provision": 449000000.0,
        "Pretax Income": 1645000000.0,
        "Other Income Expense": -88000000.0,
        "Other Non Operating Income Expenses": 14000000.0,
        "Special Income Charges": 2000000.0,
        "Gain On Sale Of Ppe": 2000000.0,
        "Gain On Sale Of Security": -104000000.0,
        "Net Non Operating Interest Income Expense": -147000000.0,
        "Interest Expense Non Operating": 147000000.0,
        "Interest Income Non Operating": NaN,
        "Operating Income": 1880000000.0,
        "Operating Expense": 16000000.0,
        "Other Operating Expenses": -415000000.0,
        "Other Taxes": 165000000.0,
        "Depreciation Amortization Depletion Income Statement": 266000000.0,
        "Depreciation And Amortization In Income Statement": 266000000.0,
        "Selling General And Administration": NaN,
        "General And Administrative Expense": NaN,
        "Salaries And Wages": NaN,
        "Gross Profit": 1896000000.0,
        "Cost Of Revenue": 4654000000.0,
        "Total Revenue": 6550000000.0,
        "Operating Revenue": 6550000000.0
    }
}