{
    "2023-03-31": {
        "Tax Effect Of Unusual Items": 0.0,
        "Tax Rate For Calcs": 0.0,
        "Normalized EBITDA": -10652467.0,
        "Total Unusual Items": NaN,
        "Total Unusual Items Excluding Goodwill": NaN,
        "Net Income From Continuing Operation Net Minority Interest": -11938417.0,
        "Reconciled Depreciation": 43938.0,
        "EBITDA": -10652467.0,
        "EBIT": -10696405.0,
        "Net Interest Income": 609120.0,
        "Interest Expense": 1242012.0,
        "Interest Income": 1851132.0,
        "Normalized Income": -11938417.0,
        "Net Income From Continuing And Discontinued Operation": -11938417.0,
        "Total Expenses": 12547537.0,
        "Total Operating Income As Reported": -12547537.0,
        "Diluted Average Shares": 21680877.0,
        "Basic Average Shares": 21680877.0,
        "Diluted EPS": -0.55,
        "Basic EPS": -0.55,
        "Diluted NI Availto Com Stockholders": -11938417.0,
        "Net Income Common Stockholders": -11938417.0,
        "Net Income": -11938417.0,
        "Net Income Including Noncontrolling Interests": -11938417.0,
        "Net Income Continuous Operations": -11938417.0,
        "Tax Provision": 0.0,
        "Pretax Income": -11938417.0,
        "Special Income Charges": NaN,
        "Gain On Sale Of Ppe": NaN,
        "Net Non Operating Interest Income Expense": 609120.0,
        "Interest Expense Non Operating": 1242012.0,
        "Interest Income Non Operating": 1851132.0,
        "Operating Income": -12547537.0,
        "Operating Expense": 12547537.0,
        "Research And Development": 11278493.0,
        "Selling General And Administration": 1269044.0,
        "General And Administrative Expense": 1269044.0,
        "Other Gand A": 1269044.0,
        "Total Revenue": 0.0,
        "Operating Revenue": 0.0
    },
    "2022-12-31": {
        "Tax Effect Of Unusual Items": 0.0,
        "Tax Rate For Calcs": 0.0,
        "Normalized EBITDA": -10854406.0,
        "Total Unusual Items": 0.0,
        "Total Unusual Items Excluding Goodwill": 0.0,
        "Net Income From Continuing Operation Net Minority Interest": -11581346.0,
        "Reconciled Depreciation": 48937.0,
        "EBITDA": -10854406.0,
        "EBIT": -10903343.0,
        "Net Interest Income": 57858.0,
        "Interest Expense": 678003.0,
        "Interest Income": 735861.0,
        "Normalized Income": -11581346.0,
        "Net Income From Continuing And Discontinued Operation": -11581346.0,
        "Total Expenses": 11639204.0,
        "Total Operating Income As Reported": -11639204.0,
        "Diluted Average Shares": 16872018.0,
        "Basic Average Shares": 16872018.0,
        "Diluted EPS": -0.69,
        "Basic EPS": -0.69,
        "Diluted NI Availto Com Stockholders": -11581346.0,
        "Net Income Common Stockholders": -11581346.0,
        "Net Income": -11581346.0,
        "Net Income Including Noncontrolling Interests": -11581346.0,
        "Net Income Continuous Operations": -11581346.0,
        "Tax Provision": 0.0,
        "Pretax Income": -11581346.0,
        "Special Income Charges": 0.0,
        "Gain On Sale Of Ppe": 0.0,
        "Net Non Operating Interest Income Expense": 57858.0,
        "Interest Expense Non Operating": 678003.0,
        "Interest Income Non Operating": 735861.0,
        "Operating Income": -11639204.0,
        "Operating Expense": 11639204.0,
        "Research And Development": 10604043.0,
        "Selling General And Administration": 1035161.0,
        "General And Administrative Expense": 1035161.0,
        "Other Gand A": 1035161.0,
        "Total Revenue": 0.0,
        "Operating Revenue": 0.0
    },
    "2022-09-30": {
        "Tax Effect Of Unusual Items": 0.0,
        "Tax Rate For Calcs": 0.0,
        "Normalized EBITDA": -10302515.0,
        "Total Unusual Items": 0.0,
        "Total Unusual Items Excluding Goodwill": 0.0,
        "Net Income From Continuing Operation Net Minority Interest": -10893721.0,
        "Reconciled Depreciation": 53545.0,
        "EBITDA": -10302515.0,
        "EBIT": -10356060.0,
        "Net Interest Income": -250166.0,
        "Interest Expense": 537661.0,
        "Interest Income": 287495.0,
        "Normalized Income": -10893721.0,
        "Net Income From Continuing And Discontinued Operation": -10893721.0,
        "Total Expenses": 10643555.0,
        "Total Operating Income As Reported": -10643555.0,
        "Diluted Average Shares": 14938224.0,
        "Basic Average Shares": 14938224.0,
        "Diluted EPS": -0.75,
        "Basic EPS": -0.75,
        "Diluted NI Availto Com Stockholders": -10893721.0,
        "Net Income Common Stockholders": -10893721.0,
        "Net Income": -10893721.0,
        "Net Income Including Noncontrolling Interests": -10893721.0,
        "Net Income Continuous Operations": -10893721.0,
        "Tax Provision": 0.0,
        "Pretax Income": -10893721.0,
        "Special Income Charges": 0.0,
        "Gain On Sale Of Ppe": 0.0,
        "Net Non Operating Interest Income Expense": -250166.0,
        "Interest Expense Non Operating": 537661.0,
        "Interest Income Non Operating": 287495.0,
        "Operating Income": -10643555.0,
        "Operating Expense": 10643555.0,
        "Research And Development": 9621505.0,
        "Selling General And Administration": 1022050.0,
        "General And Administrative Expense": 1022050.0,
        "Other Gand A": 1022050.0,
        "Total Revenue": 0.0,
        "Operating Revenue": 0.0
    },
    "2022-06-30": {
        "Tax Effect Of Unusual Items": 0.0,
        "Tax Rate For Calcs": 0.0,
        "Normalized EBITDA": -9505081.0,
        "Total Unusual Items": 0.0,
        "Total Unusual Items Excluding Goodwill": 0.0,
        "Net Income From Continuing Operation Net Minority Interest": -9960526.0,
        "Reconciled Depreciation": 52447.0,
        "EBITDA": -9505081.0,
        "EBIT": -9505081.0,
        "Net Interest Income": -359799.0,
        "Interest Expense": 455445.0,
        "Interest Income": 95646.0,
        "Normalized Income": -9960526.0,
        "Net Income From Continuing And Discontinued Operation": -9960526.0,
        "Total Expenses": 9600727.0,
        "Total Operating Income As Reported": -9600727.0,
        "Diluted Average Shares": 14930538.0,
        "Basic Average Shares": 14930538.0,
        "Diluted EPS": -0.67,
        "Basic EPS": -0.67,
        "Diluted NI Availto Com Stockholders": -9960526.0,
        "Net Income Common Stockholders": -9960526.0,
        "Net Income": -9960526.0,
        "Net Income Including Noncontrolling Interests": -9960526.0,
        "Net Income Continuous Operations": -9960526.0,
        "Tax Provision": 0.0,
        "Pretax Income": -9960526.0,
        "Special Income Charges": 0.0,
        "Gain On Sale Of Ppe": 0.0,
        "Net Non Operating Interest Income Expense": -359799.0,
        "Interest Expense Non Operating": 455445.0,
        "Interest Income Non Operating": 95646.0,
        "Operating Income": -9600727.0,
        "Operating Expense": 9600727.0,
        "Research And Development": 8367687.0,
        "Selling General And Administration": 1233040.0,
        "General And Administrative Expense": 1233040.0,
        "Other Gand A": 1233040.0,
        "Total Revenue": 0.0,
        "Operating Revenue": 0.0
    },
    "2022-03-31": {
        "Diluted EPS": -0.53,
        "Total Revenue": NaN,
        "Gross Profit": NaN,
        "Operating Income": -8,
        "EBIT": -7,
        "Net Income": -8
    },
    "2021-12-31": {
        "Diluted EPS": -0.44,
        "Total Revenue": NaN,
        "Gross Profit": NaN,
        "Operating Income": -6,
        "EBIT": -6,
        "Net Income": -7
    },
    "2021-09-30": {
        "Diluted EPS": -0.41,
        "Total Revenue": NaN,
        "Gross Profit": NaN,
        "Operating Income": -6,
        "EBIT": -5,
        "Net Income": -6
    },
    "2021-06-30": {
        "Diluted EPS": -1.11,
        "Total Revenue": NaN,
        "Gross Profit": NaN,
        "Operating Income": -14,
        "EBIT": -13,
        "Net Income": -14
    },
    "2021-03-31": {
        "Diluted EPS": -0.25,
        "Total Revenue": NaN,
        "Gross Profit": NaN,
        "Operating Income": -3,
        "EBIT": -3,
        "Net Income": -3
    },
    "2020-12-31": {
        "Diluted EPS": -0.25,
        "Total Revenue": NaN,
        "Gross Profit": NaN,
        "Operating Income": -3,
        "EBIT": -2,
        "Net Income": -3
    },
    "2020-09-30": {
        "Diluted EPS": -0.24,
        "Total Revenue": NaN,
        "Gross Profit": NaN,
        "Operating Income": -2,
        "EBIT": -2,
        "Net Income": -2
    },
    "2020-06-30": {
        "Diluted EPS": -0.21,
        "Total Revenue": NaN,
        "Gross Profit": NaN,
        "Operating Income": -2,
        "EBIT": -2,
        "Net Income": -2
    },
    "2020-03-31": {
        "Diluted EPS": -0.22,
        "Total Revenue": NaN,
        "Gross Profit": NaN,
        "Operating Income": -2,
        "EBIT": -2,
        "Net Income": -2
    },
    "2019-12-31": {
        "Diluted EPS": -0.18,
        "Total Revenue": NaN,
        "Gross Profit": NaN,
        "Operating Income": -2,
        "EBIT": -2,
        "Net Income": -2
    },
    "2019-09-30": {
        "Diluted EPS": -0.19,
        "Total Revenue": NaN,
        "Gross Profit": NaN,
        "Operating Income": -2,
        "EBIT": -2,
        "Net Income": -2
    },
    "2019-06-30": {
        "Diluted EPS": -0.17,
        "Total Revenue": NaN,
        "Gross Profit": NaN,
        "Operating Income": -2,
        "EBIT": -2,
        "Net Income": -2
    },
    "2019-03-31": {
        "Diluted EPS": -0.18,
        "Total Revenue": NaN,
        "Gross Profit": NaN,
        "Operating Income": -2,
        "EBIT": -2,
        "Net Income": -2
    },
    "2018-12-31": {
        "Diluted EPS": -0.19,
        "Total Revenue": NaN,
        "Gross Profit": NaN,
        "Operating Income": -2,
        "EBIT": -2,
        "Net Income": -2
    },
    "2018-09-30": {
        "Diluted EPS": -0.18,
        "Total Revenue": NaN,
        "Gross Profit": NaN,
        "Operating Income": -2,
        "EBIT": -2,
        "Net Income": -2
    },
    "2018-06-30": {
        "Diluted EPS": -0.18,
        "Total Revenue": NaN,
        "Gross Profit": NaN,
        "Operating Income": -2,
        "EBIT": -2,
        "Net Income": -2
    },
    "2018-03-31": {
        "Diluted EPS": -0.19,
        "Total Revenue": NaN,
        "Gross Profit": NaN,
        "Operating Income": -2,
        "EBIT": -2,
        "Net Income": -2
    },
    "2017-12-31": {
        "Diluted EPS": -0.15,
        "Total Revenue": NaN,
        "Gross Profit": NaN,
        "Operating Income": -2,
        "EBIT": -2,
        "Net Income": -2
    },
    "2017-09-30": {
        "Diluted EPS": -0.26,
        "Total Revenue": NaN,
        "Gross Profit": NaN,
        "Operating Income": -2,
        "EBIT": -1,
        "Net Income": -2
    },
    "2017-06-30": {
        "Diluted EPS": -0.28,
        "Total Revenue": NaN,
        "Gross Profit": NaN,
        "Operating Income": -2,
        "EBIT": -2,
        "Net Income": -2
    },
    "2017-03-31": {
        "Diluted EPS": -0.15,
        "Total Revenue": NaN,
        "Gross Profit": NaN,
        "Operating Income": -1,
        "EBIT": -1,
        "Net Income": -1
    },
    "2016-12-31": {
        "Diluted EPS": 0.0,
        "Total Revenue": NaN,
        "Gross Profit": NaN,
        "Operating Income": NaN,
        "EBIT": NaN,
        "Net Income": NaN
    },
    "2016-09-30": {
        "Diluted EPS": -0.13,
        "Total Revenue": NaN,
        "Gross Profit": NaN,
        "Operating Income": -1,
        "EBIT": -1,
        "Net Income": -1
    },
    "2016-06-30": {
        "Diluted EPS": -0.13,
        "Total Revenue": NaN,
        "Gross Profit": NaN,
        "Operating Income": -1,
        "EBIT": -1,
        "Net Income": -1
    },
    "2015-12-31": {
        "Diluted EPS": 0.0,
        "Total Revenue": NaN,
        "Gross Profit": NaN,
        "Operating Income": NaN,
        "EBIT": NaN,
        "Net Income": NaN
    },
    "2023-06-30": {
        "Tax Effect Of Unusual Items": 0.0,
        "Tax Rate For Calcs": 0.0,
        "Normalized EBITDA": -13235360.0,
        "Total Unusual Items": NaN,
        "Total Unusual Items Excluding Goodwill": NaN,
        "Net Income From Continuing Operation Net Minority Interest": -14587687.0,
        "Reconciled Depreciation": 37331.0,
        "EBITDA": -13235360.0,
        "EBIT": -13272691.0,
        "Net Interest Income": 467798.0,
        "Interest Expense": 1314996.0,
        "Interest Income": 1782794.0,
        "Normalized Income": -14587687.0,
        "Net Income From Continuing And Discontinued Operation": -14587687.0,
        "Total Expenses": 15055485.0,
        "Total Operating Income As Reported": -15055485.0,
        "Diluted Average Shares": 21957140.0,
        "Basic Average Shares": 21957140.0,
        "Diluted EPS": -0.66,
        "Basic EPS": -0.66,
        "Diluted NI Availto Com Stockholders": -14587687.0,
        "Net Income Common Stockholders": -14587687.0,
        "Net Income": -14587687.0,
        "Net Income Including Noncontrolling Interests": -14587687.0,
        "Net Income Continuous Operations": -14587687.0,
        "Tax Provision": 0.0,
        "Pretax Income": -14587687.0,
        "Special Income Charges": NaN,
        "Gain On Sale Of Ppe": NaN,
        "Net Non Operating Interest Income Expense": 467798.0,
        "Interest Expense Non Operating": 1314996.0,
        "Interest Income Non Operating": 1782794.0,
        "Operating Income": -15055485.0,
        "Operating Expense": 15055485.0,
        "Research And Development": 13746082.0,
        "Selling General And Administration": 1309403.0,
        "General And Administrative Expense": 1309403.0,
        "Other Gand A": 1309403.0,
        "Total Revenue": 0.0,
        "Operating Revenue": 0.0
    },
    "2023-09-30": {
        "Tax Effect Of Unusual Items": 0.0,
        "Tax Rate For Calcs": 0.0,
        "Normalized EBITDA": -16998853.0,
        "Total Unusual Items": NaN,
        "Total Unusual Items Excluding Goodwill": NaN,
        "Net Income From Continuing Operation Net Minority Interest": -18404540.0,
        "Reconciled Depreciation": 33555.0,
        "EBITDA": -16998853.0,
        "EBIT": -17032408.0,
        "Net Interest Income": 493497.0,
        "Interest Expense": 1372132.0,
        "Interest Income": 1865629.0,
        "Normalized Income": -18404540.0,
        "Net Income From Continuing And Discontinued Operation": -18404540.0,
        "Total Expenses": 18898037.0,
        "Total Operating Income As Reported": -18898037.0,
        "Diluted Average Shares": 22117626.0,
        "Basic Average Shares": 22117626.0,
        "Diluted EPS": -0.83,
        "Basic EPS": -0.83,
        "Diluted NI Availto Com Stockholders": -18404540.0,
        "Net Income Common Stockholders": -18404540.0,
        "Net Income": -18404540.0,
        "Net Income Including Noncontrolling Interests": -18404540.0,
        "Net Income Continuous Operations": -18404540.0,
        "Tax Provision": 0.0,
        "Pretax Income": -18404540.0,
        "Special Income Charges": NaN,
        "Gain On Sale Of Ppe": NaN,
        "Net Non Operating Interest Income Expense": 493497.0,
        "Interest Expense Non Operating": 1372132.0,
        "Interest Income Non Operating": 1865629.0,
        "Operating Income": -18898037.0,
        "Operating Expense": 18898037.0,
        "Research And Development": 17488236.0,
        "Selling General And Administration": 1409801.0,
        "General And Administrative Expense": 1409801.0,
        "Other Gand A": 1409801.0,
        "Total Revenue": 0.0,
        "Operating Revenue": 0.0
    }
}