{
    "2023-03-31": {
        "Tax Effect Of Unusual Items": -516000.0,
        "Tax Rate For Calcs": 0.4,
        "Normalized EBITDA": -21725000.0,
        "Total Unusual Items": -1290000.0,
        "Total Unusual Items Excluding Goodwill": -1290000.0,
        "Net Income From Continuing Operation Net Minority Interest": -23419000.0,
        "Reconciled Depreciation": 2952000.0,
        "Reconciled Cost Of Revenue": 5088000.0,
        "EBIT": -23015000.0,
        "Net Interest Income": 443000.0,
        "Interest Expense": 384000.0,
        "Interest Income": 827000.0,
        "Normalized Income": -22645000.0,
        "Net Income From Continuing And Discontinued Operation": -23419000.0,
        "Total Expenses": 40056000.0,
        "Total Operating Income As Reported": -22830000.0,
        "Diluted Average Shares": 75759771.0,
        "Basic Average Shares": 75759771.0,
        "Diluted EPS": -0.31,
        "Basic EPS": -0.31,
        "Diluted NI Availto Com Stockholders": -23419000.0,
        "Net Income Common Stockholders": -23419000.0,
        "Net Income": -23419000.0,
        "Net Income Including Noncontrolling Interests": -23419000.0,
        "Net Income Continuous Operations": -23419000.0,
        "Tax Provision": 20000.0,
        "Pretax Income": -23399000.0,
        "Other Income Expense": -2302000.0,
        "Other Non Operating Income Expenses": -1012000.0,
        "Special Income Charges": -1290000.0,
        "Impairment Of Capital Assets": NaN,
        "Restructuring And Mergern Acquisition": 1290000.0,
        "Net Non Operating Interest Income Expense": 443000.0,
        "Interest Expense Non Operating": 384000.0,
        "Interest Income Non Operating": 827000.0,
        "Operating Income": -21540000.0,
        "Operating Expense": 34968000.0,
        "Research And Development": 8421000.0,
        "Selling General And Administration": 26547000.0,
        "Selling And Marketing Expense": NaN,
        "General And Administrative Expense": NaN,
        "Other Gand A": NaN,
        "Gross Profit": 13428000.0,
        "Cost Of Revenue": 5088000.0,
        "Total Revenue": 18516000.0,
        "Operating Revenue": 18516000.0
    },
    "2022-12-31": {
        "Tax Effect Of Unusual Items": -982000.0,
        "Tax Rate For Calcs": 0.4,
        "Normalized EBITDA": -26562000.0,
        "Total Unusual Items": -2455000.0,
        "Total Unusual Items Excluding Goodwill": -2455000.0,
        "Net Income From Continuing Operation Net Minority Interest": -29301000.0,
        "Reconciled Depreciation": 3216000.0,
        "Reconciled Cost Of Revenue": 5838000.0,
        "EBIT": -29017000.0,
        "Net Interest Income": 488000.0,
        "Interest Expense": 230000.0,
        "Interest Income": 718000.0,
        "Normalized Income": -27828000.0,
        "Net Income From Continuing And Discontinued Operation": -29301000.0,
        "Total Expenses": 45084000.0,
        "Total Operating Income As Reported": -29698000.0,
        "Diluted Average Shares": 71399573.0,
        "Basic Average Shares": 71399573.0,
        "Diluted EPS": -0.41,
        "Basic EPS": -0.41,
        "Diluted NI Availto Com Stockholders": -29301000.0,
        "Net Income Common Stockholders": -29301000.0,
        "Net Income": -29301000.0,
        "Net Income Including Noncontrolling Interests": -29301000.0,
        "Net Income Continuous Operations": -29301000.0,
        "Tax Provision": 54000.0,
        "Pretax Income": -29247000.0,
        "Other Income Expense": -2492000.0,
        "Other Non Operating Income Expenses": -37000.0,
        "Special Income Charges": -2455000.0,
        "Impairment Of Capital Assets": NaN,
        "Restructuring And Mergern Acquisition": 2455000.0,
        "Net Non Operating Interest Income Expense": 488000.0,
        "Interest Expense Non Operating": 230000.0,
        "Interest Income Non Operating": 718000.0,
        "Operating Income": -27243000.0,
        "Operating Expense": 39246000.0,
        "Research And Development": 8478000.0,
        "Selling General And Administration": 30768000.0,
        "Selling And Marketing Expense": NaN,
        "General And Administrative Expense": NaN,
        "Other Gand A": NaN,
        "Gross Profit": 12003000.0,
        "Cost Of Revenue": 5838000.0,
        "Total Revenue": 17841000.0,
        "Operating Revenue": 17841000.0
    },
    "2022-09-30": {
        "Tax Effect Of Unusual Items": -423200.0,
        "Tax Rate For Calcs": 0.4,
        "Normalized EBITDA": -17318000.0,
        "Total Unusual Items": -1058000.0,
        "Total Unusual Items Excluding Goodwill": -1058000.0,
        "Net Income From Continuing Operation Net Minority Interest": -21566000.0,
        "Reconciled Depreciation": 2939000.0,
        "Reconciled Cost Of Revenue": 6373000.0,
        "EBIT": -21315000.0,
        "Net Interest Income": 236000.0,
        "Interest Expense": 229000.0,
        "Interest Income": 465000.0,
        "Normalized Income": -20931200.0,
        "Net Income From Continuing And Discontinued Operation": -21566000.0,
        "Total Expenses": 41876000.0,
        "Total Operating Income As Reported": -21536000.0,
        "Diluted Average Shares": 68384115.0,
        "Basic Average Shares": 68384115.0,
        "Diluted EPS": -0.32,
        "Basic EPS": -0.32,
        "Diluted NI Availto Com Stockholders": -21566000.0,
        "Net Income Common Stockholders": -21566000.0,
        "Net Income": -21566000.0,
        "Net Income Including Noncontrolling Interests": -21566000.0,
        "Net Income Continuous Operations": -21566000.0,
        "Tax Provision": 22000.0,
        "Pretax Income": -21544000.0,
        "Other Income Expense": -1302000.0,
        "Other Non Operating Income Expenses": -244000.0,
        "Special Income Charges": -1058000.0,
        "Impairment Of Capital Assets": NaN,
        "Restructuring And Mergern Acquisition": 1058000.0,
        "Net Non Operating Interest Income Expense": 236000.0,
        "Interest Expense Non Operating": 229000.0,
        "Interest Income Non Operating": 465000.0,
        "Operating Income": -20478000.0,
        "Operating Expense": 35503000.0,
        "Research And Development": 8978000.0,
        "Selling General And Administration": 26525000.0,
        "Selling And Marketing Expense": NaN,
        "General And Administrative Expense": NaN,
        "Other Gand A": NaN,
        "Gross Profit": 15025000.0,
        "Cost Of Revenue": 6373000.0,
        "Total Revenue": 21398000.0,
        "Operating Revenue": 21398000.0
    },
    "2022-06-30": {
        "Tax Effect Of Unusual Items": 0.0,
        "Tax Rate For Calcs": 0.4,
        "Normalized EBITDA": -22226000.0,
        "Total Unusual Items": NaN,
        "Total Unusual Items Excluding Goodwill": NaN,
        "Net Income From Continuing Operation Net Minority Interest": -25747000.0,
        "Reconciled Depreciation": 3290000.0,
        "Reconciled Cost Of Revenue": 6224000.0,
        "EBIT": -25516000.0,
        "Net Interest Income": -174000.0,
        "Interest Expense": 227000.0,
        "Interest Income": 53000.0,
        "Normalized Income": -25747000.0,
        "Net Income From Continuing And Discontinued Operation": -25747000.0,
        "Total Expenses": 44697000.0,
        "Total Operating Income As Reported": -25547000.0,
        "Diluted Average Shares": 67985664.0,
        "Basic Average Shares": 67985664.0,
        "Diluted EPS": -0.38,
        "Basic EPS": -0.38,
        "Diluted NI Availto Com Stockholders": -25747000.0,
        "Net Income Common Stockholders": -25747000.0,
        "Net Income": -25747000.0,
        "Net Income Including Noncontrolling Interests": -25747000.0,
        "Net Income Continuous Operations": -25747000.0,
        "Tax Provision": 4000.0,
        "Pretax Income": -25743000.0,
        "Other Income Expense": -22000.0,
        "Other Non Operating Income Expenses": -22000.0,
        "Special Income Charges": NaN,
        "Impairment Of Capital Assets": NaN,
        "Restructuring And Mergern Acquisition": NaN,
        "Net Non Operating Interest Income Expense": -174000.0,
        "Interest Expense Non Operating": 227000.0,
        "Interest Income Non Operating": 53000.0,
        "Operating Income": -25547000.0,
        "Operating Expense": 38473000.0,
        "Research And Development": 18178000.0,
        "Selling General And Administration": 20295000.0,
        "Selling And Marketing Expense": 7271000.0,
        "General And Administrative Expense": 13024000.0,
        "Other Gand A": 13024000.0,
        "Gross Profit": 12926000.0,
        "Cost Of Revenue": 6224000.0,
        "Total Revenue": 19150000.0,
        "Operating Revenue": 19150000.0
    },
    "2022-03-31": {
        "Diluted EPS": -0.34,
        "Total Revenue": NaN,
        "Gross Profit": NaN,
        "Operating Income": -19,
        "EBIT": -19,
        "Net Income": -20
    },
    "2021-12-31": {
        "Diluted EPS": -0.41,
        "Total Revenue": NaN,
        "Gross Profit": NaN,
        "Operating Income": -23,
        "EBIT": -23,
        "Net Income": -24
    },
    "2021-09-30": {
        "Diluted EPS": -0.39,
        "Total Revenue": NaN,
        "Gross Profit": NaN,
        "Operating Income": -22,
        "EBIT": -22,
        "Net Income": -23
    },
    "2021-06-30": {
        "Diluted EPS": -0.4,
        "Total Revenue": NaN,
        "Gross Profit": NaN,
        "Operating Income": -22,
        "EBIT": -22,
        "Net Income": -24
    },
    "2021-03-31": {
        "Diluted EPS": -0.32,
        "Total Revenue": NaN,
        "Gross Profit": NaN,
        "Operating Income": -19,
        "EBIT": -19,
        "Net Income": -19
    },
    "2020-12-31": {
        "Diluted EPS": -0.43,
        "Total Revenue": NaN,
        "Gross Profit": NaN,
        "Operating Income": -21,
        "EBIT": -22,
        "Net Income": -21
    },
    "2020-09-30": {
        "Diluted EPS": -0.3,
        "Total Revenue": NaN,
        "Gross Profit": NaN,
        "Operating Income": -15,
        "EBIT": -14,
        "Net Income": -15
    },
    "2020-06-30": {
        "Diluted EPS": -0.37,
        "Total Revenue": NaN,
        "Gross Profit": NaN,
        "Operating Income": -13,
        "EBIT": -12,
        "Net Income": -15
    },
    "2020-03-31": {
        "Diluted EPS": -0.31,
        "Total Revenue": NaN,
        "Gross Profit": NaN,
        "Operating Income": -12,
        "EBIT": -12,
        "Net Income": -11
    },
    "2019-12-31": {
        "Diluted EPS": -0.33,
        "Total Revenue": NaN,
        "Gross Profit": NaN,
        "Operating Income": -14,
        "EBIT": -14,
        "Net Income": -15
    },
    "2019-09-30": {
        "Diluted EPS": -0.3,
        "Total Revenue": NaN,
        "Gross Profit": NaN,
        "Operating Income": -12,
        "EBIT": -11,
        "Net Income": -10
    },
    "2019-06-30": {
        "Diluted EPS": -0.44,
        "Total Revenue": NaN,
        "Gross Profit": NaN,
        "Operating Income": -11,
        "EBIT": -10,
        "Net Income": 6
    },
    "2019-03-31": {
        "Diluted EPS": -0.62,
        "Total Revenue": NaN,
        "Gross Profit": NaN,
        "Operating Income": -11,
        "EBIT": -11,
        "Net Income": -16
    },
    "2018-12-31": {
        "Diluted EPS": 33.45,
        "Total Revenue": NaN,
        "Gross Profit": NaN,
        "Operating Income": -9,
        "EBIT": -9,
        "Net Income": -23
    },
    "2018-09-30": {
        "Diluted EPS": -14.23,
        "Total Revenue": NaN,
        "Gross Profit": NaN,
        "Operating Income": -8,
        "EBIT": -8,
        "Net Income": -10
    },
    "2018-06-30": {
        "Diluted EPS": -18.97,
        "Total Revenue": NaN,
        "Gross Profit": NaN,
        "Operating Income": -10,
        "EBIT": -10,
        "Net Income": -13
    },
    "2018-03-31": {
        "Diluted EPS": -10.78,
        "Total Revenue": NaN,
        "Gross Profit": NaN,
        "Operating Income": -7,
        "EBIT": -7,
        "Net Income": -7
    },
    "2017-12-31": {
        "Diluted EPS": 0.0,
        "Total Revenue": NaN,
        "Gross Profit": NaN,
        "Operating Income": NaN,
        "EBIT": NaN,
        "Net Income": NaN
    },
    "2017-09-30": {
        "Diluted EPS": -5.71,
        "Total Revenue": NaN,
        "Gross Profit": NaN,
        "Operating Income": -4,
        "EBIT": -4,
        "Net Income": -4
    },
    "2017-06-30": {
        "Diluted EPS": -5.44,
        "Total Revenue": NaN,
        "Gross Profit": NaN,
        "Operating Income": -3,
        "EBIT": -3,
        "Net Income": -4
    },
    "2016-12-31": {
        "Diluted EPS": 0.0,
        "Total Revenue": NaN,
        "Gross Profit": NaN,
        "Operating Income": NaN,
        "EBIT": NaN,
        "Net Income": NaN
    },
    "2023-06-30": {
        "Tax Effect Of Unusual Items": -7060000.0,
        "Tax Rate For Calcs": 0.4,
        "Normalized EBITDA": -30912000.0,
        "Total Unusual Items": -17650000.0,
        "Total Unusual Items Excluding Goodwill": -17650000.0,
        "Net Income From Continuing Operation Net Minority Interest": -50245000.0,
        "Reconciled Depreciation": 5326000.0,
        "Reconciled Cost Of Revenue": 8019000.0,
        "EBIT": -48562000.0,
        "Net Interest Income": -938000.0,
        "Interest Expense": 1632000.0,
        "Interest Income": 694000.0,
        "Normalized Income": -39655000.0,
        "Net Income From Continuing And Discontinued Operation": -50245000.0,
        "Total Expenses": 43619000.0,
        "Total Operating Income As Reported": -47207000.0,
        "Diluted Average Shares": 98900780.0,
        "Basic Average Shares": 98900780.0,
        "Diluted EPS": -0.51,
        "Basic EPS": -0.51,
        "Diluted NI Availto Com Stockholders": -50245000.0,
        "Net Income Common Stockholders": -50245000.0,
        "Net Income": -50245000.0,
        "Net Income Including Noncontrolling Interests": -50245000.0,
        "Net Income Continuous Operations": -50245000.0,
        "Tax Provision": 51000.0,
        "Pretax Income": -50194000.0,
        "Other Income Expense": -19699000.0,
        "Other Non Operating Income Expenses": -2049000.0,
        "Special Income Charges": -17650000.0,
        "Impairment Of Capital Assets": 16557000.0,
        "Restructuring And Mergern Acquisition": 1093000.0,
        "Net Non Operating Interest Income Expense": -938000.0,
        "Interest Expense Non Operating": 1632000.0,
        "Interest Income Non Operating": 694000.0,
        "Operating Income": -29557000.0,
        "Operating Expense": 35600000.0,
        "Research And Development": 9342000.0,
        "Selling General And Administration": 26258000.0,
        "Selling And Marketing Expense": NaN,
        "General And Administrative Expense": NaN,
        "Other Gand A": NaN,
        "Gross Profit": 6043000.0,
        "Cost Of Revenue": 8019000.0,
        "Total Revenue": 14062000.0,
        "Operating Revenue": 14062000.0
    }
}