{
    "2023-03-31": {
        "Tax Effect Of Unusual Items": NaN,
        "Tax Rate For Calcs": NaN,
        "Normalized EBITDA": NaN,
        "Total Unusual Items": NaN,
        "Total Unusual Items Excluding Goodwill": NaN,
        "Net Income From Continuing Operation Net Minority Interest": NaN,
        "Reconciled Depreciation": NaN,
        "Reconciled Cost Of Revenue": NaN,
        "EBITDA": NaN,
        "EBIT": NaN,
        "Net Interest Income": NaN,
        "Interest Expense": NaN,
        "Interest Income": NaN,
        "Normalized Income": NaN,
        "Net Income From Continuing And Discontinued Operation": NaN,
        "Total Expenses": NaN,
        "Total Operating Income As Reported": NaN,
        "Diluted Average Shares": 15536501.0,
        "Basic Average Shares": 15536501.0,
        "Diluted EPS": -4.12,
        "Basic EPS": -4.12,
        "Diluted NI Availto Com Stockholders": NaN,
        "Net Income Common Stockholders": NaN,
        "Net Income": NaN,
        "Net Income Including Noncontrolling Interests": NaN,
        "Net Income Continuous Operations": NaN,
        "Tax Provision": NaN,
        "Pretax Income": NaN,
        "Other Income Expense": NaN,
        "Other Non Operating Income Expenses": NaN,
        "Special Income Charges": NaN,
        "Other Special Charges": NaN,
        "Write Off": NaN,
        "Impairment Of Capital Assets": NaN,
        "Restructuring And Mergern Acquisition": NaN,
        "Gain On Sale Of Security": NaN,
        "Net Non Operating Interest Income Expense": NaN,
        "Interest Expense Non Operating": NaN,
        "Interest Income Non Operating": NaN,
        "Operating Income": NaN,
        "Operating Expense": NaN,
        "Other Operating Expenses": 23675000.0,
        "Depreciation Amortization Depletion Income Statement": NaN,
        "Depreciation And Amortization In Income Statement": NaN,
        "Amortization": NaN,
        "Amortization Of Intangibles Income Statement": NaN,
        "Research And Development": NaN,
        "Selling General And Administration": NaN,
        "Gross Profit": NaN,
        "Cost Of Revenue": NaN,
        "Total Revenue": NaN,
        "Operating Revenue": NaN
    },
    "2022-12-31": {
        "Tax Effect Of Unusual Items": 31757.925308,
        "Tax Rate For Calcs": 0.000532,
        "Normalized EBITDA": -32836000.0,
        "Total Unusual Items": 59722000.0,
        "Total Unusual Items Excluding Goodwill": 59722000.0,
        "Net Income From Continuing Operation Net Minority Interest": 24434000.0,
        "Reconciled Depreciation": 2439000.0,
        "Reconciled Cost Of Revenue": 3361000.0,
        "EBITDA": 26886000.0,
        "EBIT": 24447000.0,
        "Net Interest Income": 210000.0,
        "Interest Expense": 0.0,
        "Interest Income": 210000.0,
        "Normalized Income": -35256242.074692,
        "Net Income From Continuing And Discontinued Operation": 24434000.0,
        "Total Expenses": 35870000.0,
        "Total Operating Income As Reported": 17485000.0,
        "Diluted Average Shares": NaN,
        "Basic Average Shares": NaN,
        "Diluted EPS": NaN,
        "Basic EPS": NaN,
        "Diluted NI Availto Com Stockholders": 24434000.0,
        "Net Income Common Stockholders": 24434000.0,
        "Net Income": 24434000.0,
        "Net Income Including Noncontrolling Interests": 24434000.0,
        "Net Income Continuous Operations": 24434000.0,
        "Tax Provision": 13000.0,
        "Pretax Income": 24447000.0,
        "Other Income Expense": 55978000.0,
        "Other Non Operating Income Expenses": -3744000.0,
        "Special Income Charges": 49226000.0,
        "Write Off": NaN,
        "Impairment Of Capital Assets": NaN,
        "Restructuring And Mergern Acquisition": -52836000.0,
        "Gain On Sale Of Security": 10496000.0,
        "Net Non Operating Interest Income Expense": 210000.0,
        "Interest Expense Non Operating": 0.0,
        "Interest Income Non Operating": 210000.0,
        "Operating Income": -31741000.0,
        "Operating Expense": 30623000.0,
        "Other Operating Expenses": NaN,
        "Depreciation Amortization Depletion Income Statement": 553000.0,
        "Depreciation And Amortization In Income Statement": 553000.0,
        "Amortization": 553000.0,
        "Amortization Of Intangibles Income Statement": 553000.0,
        "Research And Development": 10990000.0,
        "Selling General And Administration": 19080000.0,
        "Gross Profit": -1118000.0,
        "Cost Of Revenue": 5247000.0,
        "Total Revenue": 4129000.0,
        "Operating Revenue": 4129000.0
    },
    "2022-09-30": {
        "Tax Effect Of Unusual Items": 8940960.0,
        "Tax Rate For Calcs": 0.21,
        "Normalized EBITDA": -35400000.0,
        "Total Unusual Items": 42576000.0,
        "Total Unusual Items Excluding Goodwill": 42576000.0,
        "Net Income From Continuing Operation Net Minority Interest": 4799000.0,
        "Reconciled Depreciation": 2394000.0,
        "Reconciled Cost Of Revenue": 5372000.0,
        "EBITDA": 7176000.0,
        "EBIT": 4782000.0,
        "Net Interest Income": 108000.0,
        "Interest Expense": 0.0,
        "Interest Income": 108000.0,
        "Normalized Income": -28836040.0,
        "Net Income From Continuing And Discontinued Operation": 4799000.0,
        "Total Expenses": 43024000.0,
        "Total Operating Income As Reported": -5646000.0,
        "Diluted Average Shares": 15054626.0,
        "Basic Average Shares": 14267695.0,
        "Diluted EPS": 0.3,
        "Basic EPS": 0.3,
        "Diluted NI Availto Com Stockholders": 4799000.0,
        "Net Income Common Stockholders": 4799000.0,
        "Net Income": 4799000.0,
        "Net Income Including Noncontrolling Interests": 4799000.0,
        "Net Income Continuous Operations": 4799000.0,
        "Tax Provision": -17000.0,
        "Pretax Income": 4782000.0,
        "Other Income Expense": 43563000.0,
        "Other Non Operating Income Expenses": 987000.0,
        "Special Income Charges": 33243000.0,
        "Write Off": 0.0,
        "Impairment Of Capital Assets": 0.0,
        "Restructuring And Mergern Acquisition": -33243000.0,
        "Gain On Sale Of Security": 9333000.0,
        "Net Non Operating Interest Income Expense": 108000.0,
        "Interest Expense Non Operating": 0.0,
        "Interest Income Non Operating": 108000.0,
        "Operating Income": -38889000.0,
        "Operating Expense": 35811000.0,
        "Other Operating Expenses": NaN,
        "Depreciation Amortization Depletion Income Statement": 553000.0,
        "Depreciation And Amortization In Income Statement": 553000.0,
        "Amortization": 553000.0,
        "Amortization Of Intangibles Income Statement": 553000.0,
        "Research And Development": 20351000.0,
        "Selling General And Administration": 14907000.0,
        "Gross Profit": -3078000.0,
        "Cost Of Revenue": 7213000.0,
        "Total Revenue": 4135000.0,
        "Operating Revenue": 4135000.0
    },
    "2022-06-30": {
        "Tax Effect Of Unusual Items": 31360.972347,
        "Tax Rate For Calcs": 0.000355,
        "Normalized EBITDA": -38097000.0,
        "Total Unusual Items": 88259000.0,
        "Total Unusual Items Excluding Goodwill": 88259000.0,
        "Net Income From Continuing Operation Net Minority Interest": 47826000.0,
        "Reconciled Depreciation": 2319000.0,
        "Reconciled Cost Of Revenue": 1406000.0,
        "EBITDA": 50162000.0,
        "EBIT": 47843000.0,
        "Net Interest Income": 41000.0,
        "Interest Expense": 0.0,
        "Interest Income": 41000.0,
        "Normalized Income": -40401639.027653,
        "Net Income From Continuing And Discontinued Operation": 47826000.0,
        "Total Expenses": 44648000.0,
        "Total Operating Income As Reported": 4175000.0,
        "Diluted Average Shares": 151311780.0,
        "Basic Average Shares": 140152245.0,
        "Diluted EPS": 0.32,
        "Basic EPS": 0.34,
        "Diluted NI Availto Com Stockholders": 47826000.0,
        "Net Income Common Stockholders": 47826000.0,
        "Net Income": 47826000.0,
        "Net Income Including Noncontrolling Interests": 47826000.0,
        "Net Income Continuous Operations": 47826000.0,
        "Tax Provision": 17000.0,
        "Pretax Income": 47843000.0,
        "Other Income Expense": 88674000.0,
        "Other Non Operating Income Expenses": 415000.0,
        "Special Income Charges": 45047000.0,
        "Impairment Of Capital Assets": NaN,
        "Restructuring And Mergern Acquisition": -45047000.0,
        "Gain On Sale Of Security": 43212000.0,
        "Net Non Operating Interest Income Expense": 41000.0,
        "Interest Expense Non Operating": 0.0,
        "Interest Income Non Operating": 41000.0,
        "Operating Income": -40872000.0,
        "Operating Expense": 41469000.0,
        "Depreciation Amortization Depletion Income Statement": 546000.0,
        "Depreciation And Amortization In Income Statement": 546000.0,
        "Amortization": 546000.0,
        "Amortization Of Intangibles Income Statement": 546000.0,
        "Research And Development": 25349000.0,
        "Selling General And Administration": 15574000.0,
        "Gross Profit": 597000.0,
        "Cost Of Revenue": 3179000.0,
        "Total Revenue": 3776000.0,
        "Operating Revenue": 3776000.0
    },
    "2022-03-31": {
        "Diluted EPS": -0.48,
        "Total Revenue": 6,
        "Gross Profit": 2,
        "Operating Income": -42,
        "EBIT": -39,
        "Net Income": -63
    },
    "2021-12-31": {
        "Diluted EPS": 4.2,
        "Total Revenue": 5,
        "Gross Profit": 0,
        "Operating Income": -15,
        "EBIT": -12,
        "Net Income": -4
    },
    "2021-09-30": {
        "Diluted EPS": 0.4,
        "Total Revenue": 11,
        "Gross Profit": 8,
        "Operating Income": 11,
        "EBIT": 13,
        "Net Income": 50
    },
    "2021-06-30": {
        "Diluted EPS": -2.69,
        "Total Revenue": 3,
        "Gross Profit": 2,
        "Operating Income": -61,
        "EBIT": -59,
        "Net Income": -64
    },
    "2021-03-31": {
        "Diluted EPS": -3.4,
        "Total Revenue": 3,
        "Gross Profit": 1,
        "Operating Income": -44,
        "EBIT": -42,
        "Net Income": -82
    },
    "2020-12-31": {
        "Diluted EPS": -8.07,
        "Total Revenue": 11,
        "Gross Profit": 7,
        "Operating Income": -147,
        "EBIT": -145,
        "Net Income": -156
    },
    "2020-09-30": {
        "Diluted EPS": -2.52,
        "Total Revenue": 3,
        "Gross Profit": 2,
        "Operating Income": -5,
        "EBIT": -5,
        "Net Income": -46
    },
    "2020-06-30": {
        "Diluted EPS": -1.23,
        "Total Revenue": NaN,
        "Gross Profit": NaN,
        "Operating Income": 0,
        "EBIT": 0,
        "Net Income": -12
    },
    "2020-03-31": {
        "Diluted EPS": 0.51,
        "Total Revenue": NaN,
        "Gross Profit": NaN,
        "Operating Income": 0,
        "EBIT": 0,
        "Net Income": 6
    },
    "2019-12-31": {
        "Diluted EPS": 0.38,
        "Total Revenue": NaN,
        "Gross Profit": NaN,
        "Operating Income": -1,
        "EBIT": -1,
        "Net Income": 4
    },
    "2019-09-30": {
        "Diluted EPS": -0.01,
        "Total Revenue": NaN,
        "Gross Profit": NaN,
        "Operating Income": 0,
        "EBIT": 0,
        "Net Income": 1
    },
    "2019-06-30": {
        "Diluted EPS": 0.0,
        "Total Revenue": NaN,
        "Gross Profit": NaN,
        "Operating Income": 0,
        "EBIT": 0,
        "Net Income": 1
    },
    "2019-03-31": {
        "Diluted EPS": 0.0,
        "Total Revenue": NaN,
        "Gross Profit": NaN,
        "Operating Income": 0,
        "EBIT": 0,
        "Net Income": 0
    },
    "2018-12-31": {
        "Diluted EPS": 0.0,
        "Total Revenue": NaN,
        "Gross Profit": NaN,
        "Operating Income": NaN,
        "EBIT": NaN,
        "Net Income": NaN
    },
    "2018-09-30": {
        "Diluted EPS": 0.0,
        "Total Revenue": NaN,
        "Gross Profit": NaN,
        "Operating Income": NaN,
        "EBIT": NaN,
        "Net Income": NaN
    },
    "2023-06-30": {
        "Tax Effect Of Unusual Items": 0.0,
        "Tax Rate For Calcs": 0.0,
        "Normalized EBITDA": -21996000.0,
        "Total Unusual Items": -22527000.0,
        "Total Unusual Items Excluding Goodwill": -22527000.0,
        "Net Income From Continuing Operation Net Minority Interest": -47949000.0,
        "Reconciled Depreciation": 2322000.0,
        "Reconciled Cost Of Revenue": 802000.0,
        "EBITDA": -44523000.0,
        "EBIT": -46845000.0,
        "Net Interest Income": -1038000.0,
        "Interest Expense": 1104000.0,
        "Interest Income": 66000.0,
        "Normalized Income": -25422000.0,
        "Net Income From Continuing And Discontinued Operation": -47949000.0,
        "Total Expenses": 23021000.0,
        "Total Operating Income As Reported": -42476000.0,
        "Diluted Average Shares": 17656390.0,
        "Basic Average Shares": 17656390.0,
        "Diluted EPS": -2.72,
        "Basic EPS": -2.72,
        "Diluted NI Availto Com Stockholders": -47949000.0,
        "Net Income Common Stockholders": -47949000.0,
        "Net Income": -47949000.0,
        "Net Income Including Noncontrolling Interests": -47949000.0,
        "Net Income Continuous Operations": -47949000.0,
        "Tax Provision": 0.0,
        "Pretax Income": -47949000.0,
        "Other Income Expense": -26828000.0,
        "Other Non Operating Income Expenses": -4301000.0,
        "Special Income Charges": -22393000.0,
        "Other Special Charges": NaN,
        "Write Off": 107800000.0,
        "Impairment Of Capital Assets": 0.0,
        "Restructuring And Mergern Acquisition": -85407000.0,
        "Gain On Sale Of Security": -134000.0,
        "Net Non Operating Interest Income Expense": -1038000.0,
        "Interest Expense Non Operating": 1104000.0,
        "Interest Income Non Operating": 66000.0,
        "Operating Income": -20083000.0,
        "Operating Expense": 22219000.0,
        "Other Operating Expenses": 243000.0,
        "Depreciation Amortization Depletion Income Statement": 546000.0,
        "Depreciation And Amortization In Income Statement": 546000.0,
        "Amortization": 546000.0,
        "Amortization Of Intangibles Income Statement": 546000.0,
        "Research And Development": 8604000.0,
        "Selling General And Administration": 12826000.0,
        "Gross Profit": 2136000.0,
        "Cost Of Revenue": 802000.0,
        "Total Revenue": 2938000.0,
        "Operating Revenue": 2938000.0
    },
    "2023-09-30": {
        "Tax Effect Of Unusual Items": 0.0,
        "Tax Rate For Calcs": 0.0,
        "Normalized EBITDA": -13035000.0,
        "Total Unusual Items": -77527000.0,
        "Total Unusual Items Excluding Goodwill": -77527000.0,
        "Net Income From Continuing Operation Net Minority Interest": -93876000.0,
        "Reconciled Depreciation": 2343000.0,
        "Reconciled Cost Of Revenue": 1812000.0,
        "EBITDA": -90562000.0,
        "EBIT": -92905000.0,
        "Net Interest Income": -948000.0,
        "Interest Expense": 971000.0,
        "Interest Income": 23000.0,
        "Normalized Income": -16349000.0,
        "Net Income From Continuing And Discontinued Operation": -93876000.0,
        "Total Expenses": 20328000.0,
        "Total Operating Income As Reported": -99256000.0,
        "Diluted Average Shares": 18831726.0,
        "Basic Average Shares": 18831726.0,
        "Diluted EPS": -5.0,
        "Basic EPS": -5.0,
        "Diluted NI Availto Com Stockholders": -93876000.0,
        "Net Income Common Stockholders": -93876000.0,
        "Net Income": -93876000.0,
        "Net Income Including Noncontrolling Interests": -93876000.0,
        "Net Income Continuous Operations": -93876000.0,
        "Tax Provision": 0.0,
        "Pretax Income": -93876000.0,
        "Other Income Expense": -76386000.0,
        "Other Non Operating Income Expenses": 1141000.0,
        "Special Income Charges": -82714000.0,
        "Other Special Charges": NaN,
        "Write Off": 0.0,
        "Impairment Of Capital Assets": 82714000.0,
        "Restructuring And Mergern Acquisition": 0.0,
        "Gain On Sale Of Security": 5187000.0,
        "Net Non Operating Interest Income Expense": -948000.0,
        "Interest Expense Non Operating": 971000.0,
        "Interest Income Non Operating": 23000.0,
        "Operating Income": -16542000.0,
        "Operating Expense": 16726000.0,
        "Other Operating Expenses": 243000.0,
        "Depreciation Amortization Depletion Income Statement": 553000.0,
        "Depreciation And Amortization In Income Statement": 553000.0,
        "Amortization": 553000.0,
        "Amortization Of Intangibles Income Statement": 553000.0,
        "Research And Development": 5182000.0,
        "Selling General And Administration": 10748000.0,
        "Gross Profit": 184000.0,
        "Cost Of Revenue": 3602000.0,
        "Total Revenue": 3786000.0,
        "Operating Revenue": 3786000.0
    },
    "2023-12-31": {
        "Tax Effect Of Unusual Items": -652.924558,
        "Tax Rate For Calcs": 0.001046,
        "Normalized EBITDA": 13140000.0,
        "Total Unusual Items": -624000.0,
        "Total Unusual Items Excluding Goodwill": -624000.0,
        "Net Income From Continuing Operation Net Minority Interest": 9547000.0,
        "Reconciled Depreciation": 2296000.0,
        "Reconciled Cost Of Revenue": 7866000.0,
        "EBITDA": 12516000.0,
        "EBIT": 10220000.0,
        "Net Interest Income": -548000.0,
        "Interest Expense": 663000.0,
        "Interest Income": 115000.0,
        "Normalized Income": 10170347.075442,
        "Net Income From Continuing And Discontinued Operation": 9547000.0,
        "Total Expenses": -1203000.0,
        "Total Operating Income As Reported": 13315000.0,
        "Diluted Average Shares": NaN,
        "Basic Average Shares": NaN,
        "Diluted EPS": NaN,
        "Basic EPS": NaN,
        "Diluted NI Availto Com Stockholders": 9547000.0,
        "Net Income Common Stockholders": 9547000.0,
        "Net Income": 9547000.0,
        "Net Income Including Noncontrolling Interests": 9547000.0,
        "Net Income Continuous Operations": 9547000.0,
        "Tax Provision": 10000.0,
        "Pretax Income": 9557000.0,
        "Other Income Expense": -3210000.0,
        "Other Non Operating Income Expenses": -2586000.0,
        "Special Income Charges": 0.0,
        "Other Special Charges": NaN,
        "Write Off": 0.0,
        "Impairment Of Capital Assets": 0.0,
        "Restructuring And Mergern Acquisition": 0.0,
        "Gain On Sale Of Security": -624000.0,
        "Net Non Operating Interest Income Expense": -548000.0,
        "Interest Expense Non Operating": 663000.0,
        "Interest Income Non Operating": 115000.0,
        "Operating Income": 13315000.0,
        "Operating Expense": -10812000.0,
        "Other Operating Expenses": NaN,
        "Depreciation Amortization Depletion Income Statement": 553000.0,
        "Depreciation And Amortization In Income Statement": 553000.0,
        "Amortization": 553000.0,
        "Amortization Of Intangibles Income Statement": 553000.0,
        "Research And Development": -272000.0,
        "Selling General And Administration": 13068000.0,
        "Gross Profit": 2503000.0,
        "Cost Of Revenue": 9609000.0,
        "Total Revenue": 12112000.0,
        "Operating Revenue": 12112000.0
    },
    "2024-03-31": {
        "Tax Effect Of Unusual Items": 0.0,
        "Tax Rate For Calcs": 0.0,
        "Normalized EBITDA": -5926000.0,
        "Total Unusual Items": -12783000.0,
        "Total Unusual Items Excluding Goodwill": -12783000.0,
        "Net Income From Continuing Operation Net Minority Interest": -22013000.0,
        "Reconciled Depreciation": 2156000.0,
        "Reconciled Cost Of Revenue": 30000.0,
        "EBITDA": -18709000.0,
        "EBIT": -20865000.0,
        "Net Interest Income": -1038000.0,
        "Interest Expense": 1148000.0,
        "Interest Income": 110000.0,
        "Normalized Income": -9230000.0,
        "Net Income From Continuing And Discontinued Operation": -22013000.0,
        "Total Expenses": 22057000.0,
        "Total Operating Income As Reported": -7376000.0,
        "Diluted Average Shares": 21440980.0,
        "Basic Average Shares": 21440980.0,
        "Diluted EPS": -1.03,
        "Basic EPS": -1.03,
        "Diluted NI Availto Com Stockholders": -22013000.0,
        "Net Income Common Stockholders": -22013000.0,
        "Net Income": -22013000.0,
        "Net Income Including Noncontrolling Interests": -22013000.0,
        "Net Income Continuous Operations": -22013000.0,
        "Tax Provision": 0.0,
        "Pretax Income": -22013000.0,
        "Other Income Expense": -13599000.0,
        "Other Non Operating Income Expenses": -816000.0,
        "Special Income Charges": -3908000.0,
        "Other Special Charges": 3908000.0,
        "Write Off": NaN,
        "Impairment Of Capital Assets": 0.0,
        "Restructuring And Mergern Acquisition": 0.0,
        "Gain On Sale Of Security": -8875000.0,
        "Net Non Operating Interest Income Expense": -1038000.0,
        "Interest Expense Non Operating": 1148000.0,
        "Interest Income Non Operating": 110000.0,
        "Operating Income": -7376000.0,
        "Operating Expense": 20417000.0,
        "Other Operating Expenses": NaN,
        "Depreciation Amortization Depletion Income Statement": 546000.0,
        "Depreciation And Amortization In Income Statement": 546000.0,
        "Amortization": 546000.0,
        "Amortization Of Intangibles Income Statement": 546000.0,
        "Research And Development": 5843000.0,
        "Selling General And Administration": 14028000.0,
        "Gross Profit": 13041000.0,
        "Cost Of Revenue": 1640000.0,
        "Total Revenue": 14681000.0,
        "Operating Revenue": 14681000.0
    },
    "2024-06-30": {
        "Tax Effect Of Unusual Items": 0.0,
        "Tax Rate For Calcs": 0.0,
        "Normalized EBITDA": -9945000.0,
        "Total Unusual Items": 7005000.0,
        "Total Unusual Items Excluding Goodwill": 7005000.0,
        "Net Income From Continuing Operation Net Minority Interest": -6488000.0,
        "Reconciled Depreciation": 1996000.0,
        "Reconciled Cost Of Revenue": 583000.0,
        "EBITDA": -2940000.0,
        "EBIT": -4936000.0,
        "Net Interest Income": -1485000.0,
        "Interest Expense": 1552000.0,
        "Interest Income": 67000.0,
        "Normalized Income": -13493000.0,
        "Net Income From Continuing And Discontinued Operation": -6488000.0,
        "Total Expenses": 22286000.0,
        "Total Operating Income As Reported": -10175000.0,
        "Diluted Average Shares": 21849759.0,
        "Basic Average Shares": 21849759.0,
        "Diluted EPS": -0.3,
        "Basic EPS": -0.3,
        "Diluted NI Availto Com Stockholders": -6488000.0,
        "Net Income Common Stockholders": -6488000.0,
        "Net Income": -6488000.0,
        "Net Income Including Noncontrolling Interests": -6488000.0,
        "Net Income Continuous Operations": -6488000.0,
        "Tax Provision": 0.0,
        "Pretax Income": -6488000.0,
        "Other Income Expense": 5172000.0,
        "Other Non Operating Income Expenses": -1833000.0,
        "Special Income Charges": 0.0,
        "Other Special Charges": NaN,
        "Write Off": 0.0,
        "Impairment Of Capital Assets": 0.0,
        "Restructuring And Mergern Acquisition": 0.0,
        "Gain On Sale Of Security": 7005000.0,
        "Net Non Operating Interest Income Expense": -1485000.0,
        "Interest Expense Non Operating": 1552000.0,
        "Interest Income Non Operating": 67000.0,
        "Operating Income": -10175000.0,
        "Operating Expense": 20163000.0,
        "Other Operating Expenses": NaN,
        "Depreciation Amortization Depletion Income Statement": 456000.0,
        "Depreciation And Amortization In Income Statement": 456000.0,
        "Amortization": 456000.0,
        "Amortization Of Intangibles Income Statement": 456000.0,
        "Research And Development": 3800000.0,
        "Selling General And Administration": 15907000.0,
        "Gross Profit": 9988000.0,
        "Cost Of Revenue": 2123000.0,
        "Total Revenue": 12111000.0,
        "Operating Revenue": 12111000.0
    }
}