{
    "2023-03-31": {
        "Tax Effect Of Unusual Items": NaN,
        "Tax Rate For Calcs": NaN,
        "Normalized EBITDA": NaN,
        "Total Unusual Items": NaN,
        "Total Unusual Items Excluding Goodwill": NaN,
        "Net Income From Continuing Operation Net Minority Interest": NaN,
        "Reconciled Depreciation": NaN,
        "Reconciled Cost Of Revenue": NaN,
        "EBITDA": NaN,
        "EBIT": NaN,
        "Net Interest Income": NaN,
        "Interest Expense": NaN,
        "Interest Income": NaN,
        "Normalized Income": NaN,
        "Net Income From Continuing And Discontinued Operation": NaN,
        "Total Expenses": NaN,
        "Total Operating Income As Reported": NaN,
        "Diluted Average Shares": NaN,
        "Basic Average Shares": NaN,
        "Diluted EPS": NaN,
        "Basic EPS": NaN,
        "Diluted NI Availto Com Stockholders": NaN,
        "Net Income Common Stockholders": NaN,
        "Net Income": NaN,
        "Minority Interests": NaN,
        "Net Income Including Noncontrolling Interests": NaN,
        "Net Income Continuous Operations": NaN,
        "Tax Provision": NaN,
        "Pretax Income": NaN,
        "Other Income Expense": NaN,
        "Other Non Operating Income Expenses": 3000000.0,
        "Special Income Charges": NaN,
        "Impairment Of Capital Assets": NaN,
        "Restructuring And Mergern Acquisition": NaN,
        "Earnings From Equity Interest": NaN,
        "Net Non Operating Interest Income Expense": NaN,
        "Total Other Finance Cost": NaN,
        "Interest Expense Non Operating": NaN,
        "Interest Income Non Operating": NaN,
        "Operating Income": NaN,
        "Operating Expense": NaN,
        "Other Operating Expenses": NaN,
        "Selling General And Administration": NaN,
        "General And Administrative Expense": NaN,
        "Other Gand A": NaN,
        "Gross Profit": NaN,
        "Cost Of Revenue": NaN,
        "Total Revenue": NaN,
        "Operating Revenue": NaN
    },
    "2022-12-31": {
        "Tax Effect Of Unusual Items": NaN,
        "Tax Rate For Calcs": NaN,
        "Normalized EBITDA": NaN,
        "Total Unusual Items": NaN,
        "Total Unusual Items Excluding Goodwill": NaN,
        "Net Income From Continuing Operation Net Minority Interest": NaN,
        "Reconciled Depreciation": NaN,
        "Reconciled Cost Of Revenue": NaN,
        "EBITDA": NaN,
        "EBIT": NaN,
        "Net Interest Income": NaN,
        "Interest Expense": NaN,
        "Interest Income": NaN,
        "Normalized Income": NaN,
        "Net Income From Continuing And Discontinued Operation": NaN,
        "Total Expenses": NaN,
        "Total Operating Income As Reported": NaN,
        "Diluted Average Shares": NaN,
        "Basic Average Shares": NaN,
        "Diluted EPS": NaN,
        "Basic EPS": NaN,
        "Diluted NI Availto Com Stockholders": NaN,
        "Net Income Common Stockholders": NaN,
        "Net Income": NaN,
        "Minority Interests": NaN,
        "Net Income Including Noncontrolling Interests": NaN,
        "Net Income Continuous Operations": NaN,
        "Tax Provision": NaN,
        "Pretax Income": NaN,
        "Other Income Expense": NaN,
        "Other Non Operating Income Expenses": NaN,
        "Special Income Charges": NaN,
        "Other Special Charges": 0.0,
        "Impairment Of Capital Assets": 0.0,
        "Restructuring And Mergern Acquisition": NaN,
        "Earnings From Equity Interest": NaN,
        "Net Non Operating Interest Income Expense": NaN,
        "Total Other Finance Cost": NaN,
        "Interest Expense Non Operating": NaN,
        "Interest Income Non Operating": NaN,
        "Operating Income": NaN,
        "Operating Expense": NaN,
        "Other Operating Expenses": NaN,
        "Selling General And Administration": NaN,
        "General And Administrative Expense": NaN,
        "Other Gand A": NaN,
        "Gross Profit": NaN,
        "Cost Of Revenue": NaN,
        "Total Revenue": NaN,
        "Operating Revenue": NaN
    },
    "2022-09-30": {
        "Tax Effect Of Unusual Items": NaN,
        "Tax Rate For Calcs": NaN,
        "Normalized EBITDA": NaN,
        "Total Unusual Items": NaN,
        "Total Unusual Items Excluding Goodwill": NaN,
        "Net Income From Continuing Operation Net Minority Interest": NaN,
        "Reconciled Depreciation": NaN,
        "Reconciled Cost Of Revenue": NaN,
        "EBITDA": NaN,
        "EBIT": NaN,
        "Net Interest Income": NaN,
        "Interest Expense": NaN,
        "Interest Income": NaN,
        "Normalized Income": NaN,
        "Net Income From Continuing And Discontinued Operation": NaN,
        "Total Expenses": NaN,
        "Total Operating Income As Reported": NaN,
        "Diluted Average Shares": NaN,
        "Basic Average Shares": NaN,
        "Diluted EPS": NaN,
        "Basic EPS": NaN,
        "Diluted NI Availto Com Stockholders": NaN,
        "Net Income Common Stockholders": NaN,
        "Net Income": NaN,
        "Minority Interests": NaN,
        "Net Income Including Noncontrolling Interests": NaN,
        "Net Income Continuous Operations": NaN,
        "Tax Provision": NaN,
        "Pretax Income": NaN,
        "Other Income Expense": NaN,
        "Other Non Operating Income Expenses": NaN,
        "Special Income Charges": NaN,
        "Other Special Charges": NaN,
        "Impairment Of Capital Assets": 87000000.0,
        "Restructuring And Mergern Acquisition": NaN,
        "Earnings From Equity Interest": NaN,
        "Net Non Operating Interest Income Expense": NaN,
        "Total Other Finance Cost": NaN,
        "Interest Expense Non Operating": NaN,
        "Interest Income Non Operating": NaN,
        "Operating Income": NaN,
        "Operating Expense": NaN,
        "Other Operating Expenses": NaN,
        "Selling General And Administration": NaN,
        "General And Administrative Expense": 66000000.0,
        "Other Gand A": 66000000.0,
        "Gross Profit": NaN,
        "Cost Of Revenue": NaN,
        "Total Revenue": NaN,
        "Operating Revenue": NaN
    },
    "2022-06-30": {
        "Tax Effect Of Unusual Items": -35784198.113208,
        "Tax Rate For Calcs": 0.210495,
        "Normalized EBITDA": 2171000000.0,
        "Total Unusual Items": -170000000.0,
        "Total Unusual Items Excluding Goodwill": -170000000.0,
        "Net Income From Continuing Operation Net Minority Interest": 1165000000.0,
        "Reconciled Depreciation": 223000000.0,
        "Reconciled Cost Of Revenue": 1398000000.0,
        "EBITDA": 2001000000.0,
        "EBIT": 1778000000.0,
        "Net Interest Income": -74000000.0,
        "Interest Expense": 82000000.0,
        "Interest Income": 8000000.0,
        "Normalized Income": 1299215801.886792,
        "Net Income From Continuing And Discontinued Operation": 1165000000.0,
        "Total Expenses": 1477000000.0,
        "Total Operating Income As Reported": 1778000000.0,
        "Diluted Average Shares": 208900000.0,
        "Basic Average Shares": 208200000.0,
        "Diluted EPS": 5.58,
        "Basic EPS": 5.59,
        "Diluted NI Availto Com Stockholders": 1165000000.0,
        "Net Income Common Stockholders": 1165000000.0,
        "Net Income": 1165000000.0,
        "Minority Interests": -174000000.0,
        "Net Income Including Noncontrolling Interests": 1339000000.0,
        "Net Income Continuous Operations": 1339000000.0,
        "Tax Provision": 357000000.0,
        "Pretax Income": 1696000000.0,
        "Other Income Expense": -142000000.0,
        "Other Non Operating Income Expenses": NaN,
        "Special Income Charges": -170000000.0,
        "Other Special Charges": 8000000.0,
        "Impairment Of Capital Assets": NaN,
        "Restructuring And Mergern Acquisition": 162000000.0,
        "Earnings From Equity Interest": 28000000.0,
        "Net Non Operating Interest Income Expense": -74000000.0,
        "Total Other Finance Cost": 2000000.0,
        "Interest Expense Non Operating": 82000000.0,
        "Interest Income Non Operating": 8000000.0,
        "Operating Income": 1912000000.0,
        "Operating Expense": 79000000.0,
        "Other Operating Expenses": 6000000.0,
        "Selling General And Administration": 73000000.0,
        "General And Administrative Expense": 73000000.0,
        "Other Gand A": 73000000.0,
        "Gross Profit": 1991000000.0,
        "Cost Of Revenue": 1398000000.0,
        "Total Revenue": 3389000000.0,
        "Operating Revenue": 3389000000.0
    },
    "2023-06-30": {
        "Tax Effect Of Unusual Items": -546000.0,
        "Tax Rate For Calcs": 0.182,
        "Normalized EBITDA": 998000000.0,
        "Total Unusual Items": -3000000.0,
        "Total Unusual Items Excluding Goodwill": -3000000.0,
        "Net Income From Continuing Operation Net Minority Interest": 527000000.0,
        "Reconciled Depreciation": 221000000.0,
        "Reconciled Cost Of Revenue": 971000000.0,
        "EBITDA": 995000000.0,
        "EBIT": 774000000.0,
        "Net Interest Income": 4000000.0,
        "Interest Expense": 34000000.0,
        "Interest Income": 40000000.0,
        "Normalized Income": 529454000.0,
        "Net Income From Continuing And Discontinued Operation": 527000000.0,
        "Total Expenses": 1045000000.0,
        "Total Operating Income As Reported": 734000000.0,
        "Diluted Average Shares": 195000000.0,
        "Basic Average Shares": 194600000.0,
        "Diluted EPS": 2.7,
        "Basic EPS": 2.71,
        "Diluted NI Availto Com Stockholders": 527000000.0,
        "Net Income Common Stockholders": 527000000.0,
        "Net Income": 527000000.0,
        "Minority Interests": -79000000.0,
        "Net Income Including Noncontrolling Interests": 606000000.0,
        "Net Income Continuous Operations": 606000000.0,
        "Tax Provision": 134000000.0,
        "Pretax Income": 740000000.0,
        "Other Income Expense": 6000000.0,
        "Other Non Operating Income Expenses": 2000000.0,
        "Special Income Charges": -3000000.0,
        "Impairment Of Capital Assets": 0.0,
        "Restructuring And Mergern Acquisition": 3000000.0,
        "Earnings From Equity Interest": 7000000.0,
        "Net Non Operating Interest Income Expense": 4000000.0,
        "Total Other Finance Cost": 2000000.0,
        "Interest Expense Non Operating": 34000000.0,
        "Interest Income Non Operating": 40000000.0,
        "Operating Income": 730000000.0,
        "Operating Expense": 74000000.0,
        "Other Operating Expenses": 3000000.0,
        "Selling General And Administration": 71000000.0,
        "General And Administrative Expense": 71000000.0,
        "Other Gand A": 71000000.0,
        "Gross Profit": 804000000.0,
        "Cost Of Revenue": 971000000.0,
        "Total Revenue": 1775000000.0,
        "Operating Revenue": 1775000000.0
    },
    "2023-09-30": {
        "Tax Effect Of Unusual Items": -1456000.0,
        "Tax Rate For Calcs": 0.091,
        "Normalized EBITDA": 519000000.0,
        "Total Unusual Items": -16000000.0,
        "Total Unusual Items Excluding Goodwill": -16000000.0,
        "Net Income From Continuing Operation Net Minority Interest": 164000000.0,
        "Reconciled Depreciation": 213000000.0,
        "Reconciled Cost Of Revenue": 896000000.0,
        "EBITDA": 503000000.0,
        "EBIT": 290000000.0,
        "Net Interest Income": 6000000.0,
        "Interest Expense": 37000000.0,
        "Interest Income": 45000000.0,
        "Normalized Income": 178544000.0,
        "Net Income From Continuing And Discontinued Operation": 164000000.0,
        "Total Expenses": 977000000.0,
        "Total Operating Income As Reported": 244000000.0,
        "Diluted Average Shares": 192900000.0,
        "Basic Average Shares": 192400000.0,
        "Diluted EPS": 0.85,
        "Basic EPS": 0.85,
        "Diluted NI Availto Com Stockholders": 164000000.0,
        "Net Income Common Stockholders": 164000000.0,
        "Net Income": 164000000.0,
        "Minority Interests": -66000000.0,
        "Net Income Including Noncontrolling Interests": 230000000.0,
        "Net Income Continuous Operations": 230000000.0,
        "Tax Provision": 23000000.0,
        "Pretax Income": 253000000.0,
        "Other Income Expense": -49000000.0,
        "Other Non Operating Income Expenses": 3000000.0,
        "Special Income Charges": -16000000.0,
        "Impairment Of Capital Assets": 0.0,
        "Restructuring And Mergern Acquisition": 16000000.0,
        "Earnings From Equity Interest": -36000000.0,
        "Net Non Operating Interest Income Expense": 6000000.0,
        "Total Other Finance Cost": 2000000.0,
        "Interest Expense Non Operating": 37000000.0,
        "Interest Income Non Operating": 45000000.0,
        "Operating Income": 296000000.0,
        "Operating Expense": 81000000.0,
        "Other Operating Expenses": 13000000.0,
        "Selling General And Administration": 68000000.0,
        "General And Administrative Expense": 68000000.0,
        "Other Gand A": 68000000.0,
        "Gross Profit": 377000000.0,
        "Cost Of Revenue": 896000000.0,
        "Total Revenue": 1273000000.0,
        "Operating Revenue": 1273000000.0
    },
    "2023-12-31": {
        "Tax Effect Of Unusual Items": 3853211.009174,
        "Tax Rate For Calcs": 0.192661,
        "Normalized EBITDA": 680000000.0,
        "Total Unusual Items": 20000000.0,
        "Total Unusual Items Excluding Goodwill": 20000000.0,
        "Net Income From Continuing Operation Net Minority Interest": 274000000.0,
        "Reconciled Depreciation": 229000000.0,
        "Reconciled Cost Of Revenue": 1070000000.0,
        "EBITDA": 700000000.0,
        "EBIT": 471000000.0,
        "Net Interest Income": 8000000.0,
        "Interest Expense": 35000000.0,
        "Interest Income": 45000000.0,
        "Normalized Income": 257853211.009174,
        "Net Income From Continuing And Discontinued Operation": 274000000.0,
        "Total Expenses": 1169000000.0,
        "Total Operating Income As Reported": 426000000.0,
        "Diluted Average Shares": 190600000.0,
        "Basic Average Shares": 190100000.0,
        "Diluted EPS": 1.44,
        "Basic EPS": 1.44,
        "Diluted NI Availto Com Stockholders": 274000000.0,
        "Net Income Common Stockholders": 274000000.0,
        "Net Income": 274000000.0,
        "Minority Interests": -78000000.0,
        "Net Income Including Noncontrolling Interests": 352000000.0,
        "Net Income Continuous Operations": 352000000.0,
        "Tax Provision": 84000000.0,
        "Pretax Income": 436000000.0,
        "Other Income Expense": 26000000.0,
        "Other Non Operating Income Expenses": 2000000.0,
        "Special Income Charges": 20000000.0,
        "Impairment Of Capital Assets": 0.0,
        "Restructuring And Mergern Acquisition": 15000000.0,
        "Earnings From Equity Interest": 4000000.0,
        "Net Non Operating Interest Income Expense": 8000000.0,
        "Total Other Finance Cost": 2000000.0,
        "Interest Expense Non Operating": 35000000.0,
        "Interest Income Non Operating": 45000000.0,
        "Operating Income": 402000000.0,
        "Operating Expense": 99000000.0,
        "Other Operating Expenses": 23000000.0,
        "Selling General And Administration": 76000000.0,
        "General And Administrative Expense": 76000000.0,
        "Other Gand A": 76000000.0,
        "Gross Profit": 501000000.0,
        "Cost Of Revenue": 1070000000.0,
        "Total Revenue": 1571000000.0,
        "Operating Revenue": 1571000000.0
    },
    "2024-03-31": {
        "Tax Effect Of Unusual Items": -621000.0,
        "Tax Rate For Calcs": 0.207,
        "Normalized EBITDA": 591000000.0,
        "Total Unusual Items": -3000000.0,
        "Total Unusual Items Excluding Goodwill": -3000000.0,
        "Net Income From Continuing Operation Net Minority Interest": 194000000.0,
        "Reconciled Depreciation": 253000000.0,
        "Reconciled Cost Of Revenue": 1061000000.0,
        "EBITDA": 588000000.0,
        "EBIT": 335000000.0,
        "Net Interest Income": -7000000.0,
        "Interest Expense": 35000000.0,
        "Interest Income": 30000000.0,
        "Normalized Income": 196379000.0,
        "Net Income From Continuing And Discontinued Operation": 194000000.0,
        "Total Expenses": 1166000000.0,
        "Total Operating Income As Reported": 303000000.0,
        "Diluted Average Shares": 188100000.0,
        "Basic Average Shares": 187600000.0,
        "Diluted EPS": 1.03,
        "Basic EPS": 1.03,
        "Diluted NI Availto Com Stockholders": 194000000.0,
        "Net Income Common Stockholders": 194000000.0,
        "Net Income": 194000000.0,
        "Minority Interests": -44000000.0,
        "Net Income Including Noncontrolling Interests": 238000000.0,
        "Net Income Continuous Operations": 238000000.0,
        "Tax Provision": 62000000.0,
        "Pretax Income": 300000000.0,
        "Other Income Expense": 3000000.0,
        "Other Non Operating Income Expenses": 4000000.0,
        "Special Income Charges": -3000000.0,
        "Impairment Of Capital Assets": NaN,
        "Restructuring And Mergern Acquisition": 3000000.0,
        "Earnings From Equity Interest": 2000000.0,
        "Net Non Operating Interest Income Expense": -7000000.0,
        "Total Other Finance Cost": 2000000.0,
        "Interest Expense Non Operating": 35000000.0,
        "Interest Income Non Operating": 30000000.0,
        "Operating Income": 304000000.0,
        "Operating Expense": 105000000.0,
        "Other Operating Expenses": 17000000.0,
        "Selling General And Administration": 88000000.0,
        "General And Administrative Expense": NaN,
        "Other Gand A": NaN,
        "Gross Profit": 409000000.0,
        "Cost Of Revenue": 1061000000.0,
        "Total Revenue": 1470000000.0,
        "Operating Revenue": 1470000000.0
    },
    "2024-06-30": {
        "Tax Effect Of Unusual Items": -195000.0,
        "Tax Rate For Calcs": 0.195,
        "Normalized EBITDA": 887000000.0,
        "Total Unusual Items": -1000000.0,
        "Total Unusual Items Excluding Goodwill": -1000000.0,
        "Net Income From Continuing Operation Net Minority Interest": 420000000.0,
        "Reconciled Depreciation": 222000000.0,
        "Reconciled Cost Of Revenue": 893000000.0,
        "EBITDA": 886000000.0,
        "EBIT": 664000000.0,
        "Net Interest Income": -9000000.0,
        "Interest Expense": 35000000.0,
        "Interest Income": 28000000.0,
        "Normalized Income": 420805000.0,
        "Net Income From Continuing And Discontinued Operation": 420000000.0,
        "Total Expenses": 930000000.0,
        "Total Operating Income As Reported": 638000000.0,
        "Diluted Average Shares": 182800000.0,
        "Basic Average Shares": 182700000.0,
        "Diluted EPS": 2.3,
        "Basic EPS": 2.3,
        "Diluted NI Availto Com Stockholders": 420000000.0,
        "Net Income Common Stockholders": 420000000.0,
        "Net Income": 420000000.0,
        "Minority Interests": -86000000.0,
        "Net Income Including Noncontrolling Interests": 506000000.0,
        "Net Income Continuous Operations": 506000000.0,
        "Tax Provision": 123000000.0,
        "Pretax Income": 629000000.0,
        "Other Income Expense": -4000000.0,
        "Other Non Operating Income Expenses": NaN,
        "Special Income Charges": -1000000.0,
        "Impairment Of Capital Assets": NaN,
        "Restructuring And Mergern Acquisition": 1000000.0,
        "Earnings From Equity Interest": -3000000.0,
        "Net Non Operating Interest Income Expense": -9000000.0,
        "Total Other Finance Cost": 2000000.0,
        "Interest Expense Non Operating": 35000000.0,
        "Interest Income Non Operating": 28000000.0,
        "Operating Income": 642000000.0,
        "Operating Expense": 37000000.0,
        "Other Operating Expenses": -39000000.0,
        "Selling General And Administration": 76000000.0,
        "General And Administrative Expense": NaN,
        "Other Gand A": NaN,
        "Gross Profit": 679000000.0,
        "Cost Of Revenue": 893000000.0,
        "Total Revenue": 1572000000.0,
        "Operating Revenue": 1572000000.0
    }
}