{
    "2023-06-30": {
        "Tax Effect Of Unusual Items": -8619000.0,
        "Tax Rate For Calcs": 0.221,
        "Total Unusual Items": -39000000.0,
        "Total Unusual Items Excluding Goodwill": -39000000.0,
        "Net Income From Continuing Operation Net Minority Interest": 478000000.0,
        "Reconciled Depreciation": 112000000.0,
        "Net Interest Income": 1588000000.0,
        "Interest Expense": 943000000.0,
        "Interest Income": 2531000000.0,
        "Normalized Income": 508381000.0,
        "Net Income From Continuing And Discontinued Operation": 478000000.0,
        "Diluted Average Shares": 480975281.0,
        "Basic Average Shares": 479470543.0,
        "Diluted EPS": 0.92,
        "Basic EPS": 0.93,
        "Diluted NI Availto Com Stockholders": 444000000.0,
        "Net Income Common Stockholders": 444000000.0,
        "Preferred Stock Dividends": 34000000.0,
        "Net Income": 478000000.0,
        "Net Income Including Noncontrolling Interests": 478000000.0,
        "Net Income Continuous Operations": 478000000.0,
        "Tax Provision": 134000000.0,
        "Pretax Income": 612000000.0,
        "Special Income Charges": -39000000.0,
        "Other Special Charges": NaN,
        "Restructuring And Mergern Acquisition": 39000000.0,
        "Gain On Sale Of Security": 9000000.0,
        "Selling General And Administration": 714000000.0,
        "Selling And Marketing Expense": 56000000.0,
        "General And Administrative Expense": 658000000.0,
        "Insurance And Claims": 43000000.0,
        "Salaries And Wages": 615000000.0,
        "Total Revenue": 2094000000.0,
        "Operating Revenue": 2094000000.0,
        "Occupancy And Equipment": 317000000.0,
        "Other Non Interest Expense": 236000000.0
    },
    "2023-03-31": {
        "Tax Effect Of Unusual Items": -15160200.0,
        "Tax Rate For Calcs": 0.2297,
        "Total Unusual Items": -66000000.0,
        "Total Unusual Items Excluding Goodwill": -66000000.0,
        "Net Income From Continuing Operation Net Minority Interest": 511000000.0,
        "Reconciled Depreciation": 118000000.0,
        "Net Interest Income": 1643000000.0,
        "Interest Expense": 759000000.0,
        "Interest Income": 2402000000.0,
        "Normalized Income": 561839800.0,
        "Net Income From Continuing And Discontinued Operation": 511000000.0,
        "Diluted Average Shares": 487712146.0,
        "Basic Average Shares": 485444313.0,
        "Diluted EPS": 1.0,
        "Basic EPS": 1.0,
        "Diluted NI Availto Com Stockholders": 488000000.0,
        "Net Income Common Stockholders": 488000000.0,
        "Preferred Stock Dividends": 23000000.0,
        "Net Income": 511000000.0,
        "Net Income Including Noncontrolling Interests": 511000000.0,
        "Net Income Continuous Operations": 511000000.0,
        "Tax Provision": 153000000.0,
        "Pretax Income": 664000000.0,
        "Special Income Charges": -66000000.0,
        "Other Special Charges": NaN,
        "Restructuring And Mergern Acquisition": 66000000.0,
        "Gain On Sale Of Security": 5000000.0,
        "Selling General And Administration": 732000000.0,
        "Selling And Marketing Expense": 38000000.0,
        "General And Administrative Expense": 694000000.0,
        "Insurance And Claims": 36000000.0,
        "Salaries And Wages": 658000000.0,
        "Total Revenue": 2128000000.0,
        "Operating Revenue": 2128000000.0,
        "Occupancy And Equipment": 293000000.0,
        "Other Non Interest Expense": 205000000.0
    },
    "2022-12-31": {
        "Tax Effect Of Unusual Items": 0.0,
        "Tax Rate For Calcs": 0.211353,
        "Total Unusual Items": NaN,
        "Total Unusual Items Excluding Goodwill": NaN,
        "Net Income From Continuing Operation Net Minority Interest": 653000000.0,
        "Reconciled Depreciation": 117000000.0,
        "Net Interest Income": 1695000000.0,
        "Interest Expense": 557000000.0,
        "Interest Income": 2252000000.0,
        "Normalized Income": 653000000.0,
        "Net Income From Continuing And Discontinued Operation": 653000000.0,
        "Diluted Average Shares": 495478398.0,
        "Basic Average Shares": 493293981.0,
        "Diluted EPS": 1.25,
        "Basic EPS": 1.26,
        "Diluted NI Availto Com Stockholders": 621000000.0,
        "Net Income Common Stockholders": 621000000.0,
        "Preferred Stock Dividends": 32000000.0,
        "Net Income": 653000000.0,
        "Net Income Including Noncontrolling Interests": 653000000.0,
        "Net Income Continuous Operations": 653000000.0,
        "Tax Provision": 175000000.0,
        "Pretax Income": 828000000.0,
        "Special Income Charges": NaN,
        "Restructuring And Mergern Acquisition": NaN,
        "Gain On Sale Of Security": 4000000.0,
        "Selling General And Administration": 702000000.0,
        "Selling And Marketing Expense": 47000000.0,
        "General And Administrative Expense": 655000000.0,
        "Insurance And Claims": 22000000.0,
        "Salaries And Wages": 633000000.0,
        "Total Revenue": 2231000000.0,
        "Operating Revenue": 2231000000.0
    },
    "2022-09-30": {
        "Tax Effect Of Unusual Items": 0.0,
        "Tax Rate For Calcs": 0.218,
        "Total Unusual Items": NaN,
        "Total Unusual Items Excluding Goodwill": NaN,
        "Net Income From Continuing Operation Net Minority Interest": 636000000.0,
        "Reconciled Depreciation": 121000000.0,
        "Net Interest Income": 1665000000.0,
        "Interest Expense": 304000000.0,
        "Interest Income": 1969000000.0,
        "Normalized Income": 636000000.0,
        "Net Income From Continuing And Discontinued Operation": 636000000.0,
        "Diluted Average Shares": 497477501.0,
        "Basic Average Shares": 495651083.0,
        "Diluted EPS": 1.23,
        "Basic EPS": 1.23,
        "Diluted NI Availto Com Stockholders": 611000000.0,
        "Net Income Common Stockholders": 611000000.0,
        "Preferred Stock Dividends": 25000000.0,
        "Net Income": 636000000.0,
        "Net Income Including Noncontrolling Interests": 636000000.0,
        "Net Income Continuous Operations": 636000000.0,
        "Tax Provision": 177000000.0,
        "Pretax Income": 813000000.0,
        "Special Income Charges": NaN,
        "Restructuring And Mergern Acquisition": NaN,
        "Gain On Sale Of Security": 0.0,
        "Selling General And Administration": 639000000.0,
        "Selling And Marketing Expense": 54000000.0,
        "General And Administrative Expense": 639000000.0,
        "Insurance And Claims": 28000000.0,
        "Salaries And Wages": 639000000.0,
        "Total Revenue": 2177000000.0,
        "Operating Revenue": 2177000000.0
    },
    "2022-06-30": {
        "Tax Effect Of Unusual Items": 0.0,
        "Tax Rate For Calcs": 0.2377,
        "Total Unusual Items": NaN,
        "Total Unusual Items Excluding Goodwill": NaN,
        "Net Income From Continuing Operation Net Minority Interest": 364000000.0,
        "Reconciled Depreciation": 260000000.0,
        "Net Interest Income": 1505000000.0,
        "Interest Expense": 121000000.0,
        "Interest Income": 1626000000.0,
        "Normalized Income": 364000000.0,
        "Net Income From Continuing And Discontinued Operation": 364000000.0,
        "Diluted Average Shares": 493296114.0,
        "Basic Average Shares": 491497026.0,
        "Diluted EPS": 0.67,
        "Basic EPS": 0.68,
        "Diluted NI Availto Com Stockholders": 332000000.0,
        "Net Income Common Stockholders": 332000000.0,
        "Preferred Stock Dividends": 32000000.0,
        "Net Income": 364000000.0,
        "Net Income Including Noncontrolling Interests": 364000000.0,
        "Net Income Continuous Operations": 364000000.0,
        "Tax Provision": 114000000.0,
        "Pretax Income": 478000000.0,
        "Special Income Charges": NaN,
        "Restructuring And Mergern Acquisition": NaN,
        "Gain On Sale Of Security": 1000000.0,
        "Selling General And Administration": 683000000.0,
        "Selling And Marketing Expense": 39000000.0,
        "General And Administrative Expense": 683000000.0,
        "Insurance And Claims": 26000000.0,
        "Salaries And Wages": 683000000.0,
        "Total Revenue": 1999000000.0,
        "Operating Revenue": 1999000000.0
    },
    "2022-03-31": {
        "Diluted EPS": 0.93,
        "Total Revenue": NaN,
        "Gross Profit": NaN,
        "Operating Income": 536,
        "EBIT": NaN,
        "Net Income": 396
    },
    "2021-12-31": {
        "Diluted EPS": 1.17,
        "Total Revenue": NaN,
        "Gross Profit": NaN,
        "Operating Income": 684,
        "EBIT": NaN,
        "Net Income": 498
    },
    "2021-09-30": {
        "Diluted EPS": 1.18,
        "Total Revenue": NaN,
        "Gross Profit": NaN,
        "Operating Income": 681,
        "EBIT": NaN,
        "Net Income": 504
    },
    "2021-06-30": {
        "Diluted EPS": 1.44,
        "Total Revenue": NaN,
        "Gross Profit": NaN,
        "Operating Income": 831,
        "EBIT": NaN,
        "Net Income": 616
    },
    "2021-03-31": {
        "Diluted EPS": 1.37,
        "Total Revenue": NaN,
        "Gross Profit": NaN,
        "Operating Income": 781,
        "EBIT": NaN,
        "Net Income": 588
    },
    "2020-12-31": {
        "Diluted EPS": 0.98,
        "Total Revenue": NaN,
        "Gross Profit": NaN,
        "Operating Income": 571,
        "EBIT": NaN,
        "Net Income": 424
    },
    "2020-09-30": {
        "Diluted EPS": 0.68,
        "Total Revenue": NaN,
        "Gross Profit": NaN,
        "Operating Income": 375,
        "EBIT": NaN,
        "Net Income": 289
    },
    "2020-06-30": {
        "Diluted EPS": 0.53,
        "Total Revenue": NaN,
        "Gross Profit": NaN,
        "Operating Income": 307,
        "EBIT": NaN,
        "Net Income": 225
    },
    "2020-03-31": {
        "Diluted EPS": 0.03,
        "Total Revenue": NaN,
        "Gross Profit": NaN,
        "Operating Income": 45,
        "EBIT": NaN,
        "Net Income": 12
    },
    "2019-12-31": {
        "Diluted EPS": 0.97,
        "Total Revenue": NaN,
        "Gross Profit": NaN,
        "Operating Income": 541,
        "EBIT": NaN,
        "Net Income": 427
    },
    "2019-09-30": {
        "Diluted EPS": 0.97,
        "Total Revenue": NaN,
        "Gross Profit": NaN,
        "Operating Income": 564,
        "EBIT": NaN,
        "Net Income": 432
    },
    "2019-06-30": {
        "Diluted EPS": 0.95,
        "Total Revenue": NaN,
        "Gross Profit": NaN,
        "Operating Income": 580,
        "EBIT": NaN,
        "Net Income": 435
    },
    "2019-03-31": {
        "Diluted EPS": 0.92,
        "Total Revenue": NaN,
        "Gross Profit": NaN,
        "Operating Income": 566,
        "EBIT": NaN,
        "Net Income": 424
    },
    "2018-12-31": {
        "Diluted EPS": 0.95,
        "Total Revenue": NaN,
        "Gross Profit": NaN,
        "Operating Income": 557,
        "EBIT": NaN,
        "Net Income": 450
    },
    "2018-09-30": {
        "Diluted EPS": 0.91,
        "Total Revenue": NaN,
        "Gross Profit": NaN,
        "Operating Income": 576,
        "EBIT": NaN,
        "Net Income": 436
    },
    "2018-06-30": {
        "Diluted EPS": 0.88,
        "Total Revenue": NaN,
        "Gross Profit": NaN,
        "Operating Income": 549,
        "EBIT": NaN,
        "Net Income": 425
    },
    "2018-03-31": {
        "Diluted EPS": 0.78,
        "Total Revenue": NaN,
        "Gross Profit": NaN,
        "Operating Income": 501,
        "EBIT": NaN,
        "Net Income": 381
    },
    "2017-12-31": {
        "Diluted EPS": 1.33,
        "Total Revenue": NaN,
        "Gross Profit": NaN,
        "Operating Income": 369,
        "EBIT": NaN,
        "Net Income": 666
    },
    "2017-09-30": {
        "Diluted EPS": 0.68,
        "Total Revenue": NaN,
        "Gross Profit": NaN,
        "Operating Income": 513,
        "EBIT": NaN,
        "Net Income": 341
    },
    "2017-06-30": {
        "Diluted EPS": 0.63,
        "Total Revenue": NaN,
        "Gross Profit": NaN,
        "Operating Income": 462,
        "EBIT": NaN,
        "Net Income": 318
    },
    "2017-03-31": {
        "Diluted EPS": 0.61,
        "Total Revenue": NaN,
        "Gross Profit": NaN,
        "Operating Income": 434,
        "EBIT": NaN,
        "Net Income": 313
    },
    "2016-12-31": {
        "Diluted EPS": 0.54,
        "Total Revenue": NaN,
        "Gross Profit": NaN,
        "Operating Income": 414,
        "EBIT": NaN,
        "Net Income": 282
    },
    "2016-09-30": {
        "Diluted EPS": 0.56,
        "Total Revenue": NaN,
        "Gross Profit": NaN,
        "Operating Income": 427,
        "EBIT": NaN,
        "Net Income": 290
    },
    "2016-06-30": {
        "Diluted EPS": 0.46,
        "Total Revenue": NaN,
        "Gross Profit": NaN,
        "Operating Income": 361,
        "EBIT": NaN,
        "Net Income": 243
    },
    "2016-03-31": {
        "Diluted EPS": 0.41,
        "Total Revenue": NaN,
        "Gross Profit": NaN,
        "Operating Income": 332,
        "EBIT": NaN,
        "Net Income": 216
    },
    "2015-12-31": {
        "Diluted EPS": 0.42,
        "Total Revenue": NaN,
        "Gross Profit": NaN,
        "Operating Income": 331,
        "EBIT": NaN,
        "Net Income": 221
    },
    "2015-09-30": {
        "Diluted EPS": 0.4,
        "Total Revenue": NaN,
        "Gross Profit": NaN,
        "Operating Income": 335,
        "EBIT": NaN,
        "Net Income": 213
    },
    "2015-06-30": {
        "Diluted EPS": 0.35,
        "Total Revenue": NaN,
        "Gross Profit": NaN,
        "Operating Income": 282,
        "EBIT": NaN,
        "Net Income": 190
    },
    "2015-03-31": {
        "Diluted EPS": 0.38,
        "Total Revenue": NaN,
        "Gross Profit": NaN,
        "Operating Income": 315,
        "EBIT": NaN,
        "Net Income": 209
    },
    "2014-12-31": {
        "Diluted EPS": 0.35,
        "Total Revenue": NaN,
        "Gross Profit": NaN,
        "Operating Income": 283,
        "EBIT": NaN,
        "Net Income": 197
    },
    "2014-09-30": {
        "Diluted EPS": 0.34,
        "Total Revenue": NaN,
        "Gross Profit": NaN,
        "Operating Income": 274,
        "EBIT": NaN,
        "Net Income": 189
    },
    "2014-06-30": {
        "Diluted EPS": 0.56,
        "Total Revenue": NaN,
        "Gross Profit": NaN,
        "Operating Income": 476,
        "EBIT": NaN,
        "Net Income": 313
    },
    "2014-03-31": {
        "Diluted EPS": 0.3,
        "Total Revenue": NaN,
        "Gross Profit": NaN,
        "Operating Income": 235,
        "EBIT": NaN,
        "Net Income": 166
    },
    "2013-12-31": {
        "Diluted EPS": 0.0,
        "Total Revenue": NaN,
        "Gross Profit": NaN,
        "Operating Income": NaN,
        "EBIT": NaN,
        "Net Income": NaN
    },
    "2013-09-30": {
        "Diluted EPS": 0.26,
        "Total Revenue": NaN,
        "Gross Profit": NaN,
        "Operating Income": 220,
        "EBIT": NaN,
        "Net Income": 144
    },
    "2013-06-30": {
        "Diluted EPS": 0.0,
        "Total Revenue": NaN,
        "Gross Profit": NaN,
        "Operating Income": NaN,
        "EBIT": NaN,
        "Net Income": NaN
    },
    "2012-12-31": {
        "Diluted EPS": 0.0,
        "Total Revenue": NaN,
        "Gross Profit": NaN,
        "Operating Income": NaN,
        "EBIT": NaN,
        "Net Income": NaN
    },
    "2011-12-31": {
        "Diluted EPS": 0.0,
        "Total Revenue": NaN,
        "Gross Profit": NaN,
        "Operating Income": NaN,
        "EBIT": NaN,
        "Net Income": NaN
    },
    "2023-09-30": {
        "Tax Effect Of Unusual Items": -1720800.0,
        "Tax Rate For Calcs": 0.2151,
        "Total Unusual Items": -8000000.0,
        "Total Unusual Items Excluding Goodwill": -8000000.0,
        "Net Income From Continuing Operation Net Minority Interest": 430000000.0,
        "Reconciled Depreciation": 122000000.0,
        "Net Interest Income": 1522000000.0,
        "Interest Expense": 1073000000.0,
        "Interest Income": 2595000000.0,
        "Normalized Income": 436279200.0,
        "Net Income From Continuing And Discontinued Operation": 430000000.0,
        "Diluted Average Shares": 471183719.0,
        "Basic Average Shares": 469481085.0,
        "Diluted EPS": 0.85,
        "Basic EPS": 0.85,
        "Diluted NI Availto Com Stockholders": 400000000.0,
        "Net Income Common Stockholders": 400000000.0,
        "Preferred Stock Dividends": 30000000.0,
        "Net Income": 430000000.0,
        "Net Income Including Noncontrolling Interests": 430000000.0,
        "Net Income Continuous Operations": 430000000.0,
        "Tax Provision": 119000000.0,
        "Pretax Income": 549000000.0,
        "Special Income Charges": -8000000.0,
        "Other Special Charges": NaN,
        "Restructuring And Mergern Acquisition": 8000000.0,
        "Gain On Sale Of Security": 5000000.0,
        "Selling General And Administration": 749000000.0,
        "Selling And Marketing Expense": 48000000.0,
        "General And Administrative Expense": 701000000.0,
        "Insurance And Claims": 42000000.0,
        "Salaries And Wages": 659000000.0,
        "Total Revenue": 2014000000.0,
        "Operating Revenue": 2014000000.0,
        "Occupancy And Equipment": 298000000.0,
        "Other Non Interest Expense": 238000000.0
    },
    "2023-12-31": {
        "Tax Effect Of Unusual Items": -390243.902439,
        "Tax Rate For Calcs": 0.078049,
        "Total Unusual Items": -5000000.0,
        "Total Unusual Items Excluding Goodwill": -5000000.0,
        "Net Income From Continuing Operation Net Minority Interest": 189000000.0,
        "Reconciled Depreciation": 126000000.0,
        "Net Interest Income": 1488000000.0,
        "Interest Expense": 1188000000.0,
        "Interest Income": 2676000000.0,
        "Normalized Income": 193609756.097561,
        "Net Income From Continuing And Discontinued Operation": 189000000.0,
        "Diluted Average Shares": 468159167.0,
        "Basic Average Shares": 466234324.0,
        "Diluted EPS": 0.34,
        "Basic EPS": 0.34,
        "Diluted NI Availto Com Stockholders": 159000000.0,
        "Net Income Common Stockholders": 159000000.0,
        "Preferred Stock Dividends": 30000000.0,
        "Net Income": 189000000.0,
        "Net Income Including Noncontrolling Interests": 189000000.0,
        "Net Income Continuous Operations": 189000000.0,
        "Tax Provision": 16000000.0,
        "Pretax Income": 205000000.0,
        "Special Income Charges": -5000000.0,
        "Other Special Charges": NaN,
        "Restructuring And Mergern Acquisition": 5000000.0,
        "Gain On Sale Of Security": 9000000.0,
        "Selling General And Administration": 981000000.0,
        "Selling And Marketing Expense": 45000000.0,
        "General And Administrative Expense": 936000000.0,
        "Insurance And Claims": 269000000.0,
        "Salaries And Wages": 667000000.0,
        "Total Revenue": 1988000000.0,
        "Operating Revenue": 1988000000.0,
        "Occupancy And Equipment": 340000000.0,
        "Other Non Interest Expense": 286000000.0
    },
    "2024-03-31": {
        "Tax Effect Of Unusual Items": -18269600.0,
        "Tax Rate For Calcs": 0.2228,
        "Total Unusual Items": -82000000.0,
        "Total Unusual Items Excluding Goodwill": -82000000.0,
        "Net Income From Continuing Operation Net Minority Interest": 334000000.0,
        "Reconciled Depreciation": 102000000.0,
        "Net Interest Income": 1442000000.0,
        "Interest Expense": 1168000000.0,
        "Interest Income": 2610000000.0,
        "Normalized Income": 397730400.0,
        "Net Income From Continuing And Discontinued Operation": 334000000.0,
        "Diluted Average Shares": 463797964.0,
        "Basic Average Shares": 461358681.0,
        "Diluted EPS": 0.65,
        "Basic EPS": 0.66,
        "Diluted NI Availto Com Stockholders": 304000000.0,
        "Net Income Common Stockholders": 304000000.0,
        "Preferred Stock Dividends": 30000000.0,
        "Net Income": 334000000.0,
        "Net Income Including Noncontrolling Interests": 334000000.0,
        "Net Income Continuous Operations": 334000000.0,
        "Tax Provision": 96000000.0,
        "Pretax Income": 430000000.0,
        "Special Income Charges": -82000000.0,
        "Other Special Charges": 35000000.0,
        "Restructuring And Mergern Acquisition": 47000000.0,
        "Gain On Sale Of Security": 5000000.0,
        "Selling General And Administration": 802000000.0,
        "Selling And Marketing Expense": 35000000.0,
        "General And Administrative Expense": 767000000.0,
        "Insurance And Claims": 76000000.0,
        "Salaries And Wages": 691000000.0,
        "Total Revenue": 1956000000.0,
        "Operating Revenue": 1956000000.0,
        "Occupancy And Equipment": 306000000.0,
        "Other Non Interest Expense": 165000000.0
    }
}