{
    "2023-03-31": {
        "Tax Effect Of Unusual Items": -59451.763,
        "Tax Rate For Calcs": 0.287,
        "Normalized EBITDA": -162090.0,
        "Total Unusual Items": -207149.0,
        "Total Unusual Items Excluding Goodwill": -207149.0,
        "Net Income From Continuing Operation Net Minority Interest": 1017388.0,
        "EBITDA": -369239.0,
        "EBIT": -369239.0,
        "Net Interest Income": 2004146.0,
        "Interest Expense": NaN,
        "Interest Income": 2004146.0,
        "Normalized Income": 1165085.237,
        "Net Income From Continuing And Discontinued Operation": 1017388.0,
        "Total Expenses": 369239.0,
        "Total Operating Income As Reported": -369239.0,
        "Diluted Average Shares": 23751420.0,
        "Basic Average Shares": 23751420.0,
        "Diluted EPS": 0.042835,
        "Basic EPS": 0.042835,
        "Diluted NI Availto Com Stockholders": 1017388.0,
        "Net Income Common Stockholders": 1017388.0,
        "Net Income": 1017388.0,
        "Net Income Including Noncontrolling Interests": 1017388.0,
        "Net Income Continuous Operations": 1017388.0,
        "Tax Provision": 410370.0,
        "Pretax Income": 1427758.0,
        "Other Income Expense": -207149.0,
        "Gain On Sale Of Security": -207149.0,
        "Net Non Operating Interest Income Expense": 2004146.0,
        "Interest Expense Non Operating": NaN,
        "Interest Income Non Operating": 2004146.0,
        "Operating Income": -369239.0,
        "Operating Expense": 369239.0,
        "Other Taxes": 50000.0,
        "Selling General And Administration": 319239.0,
        "General And Administrative Expense": 319239.0,
        "Other Gand A": 319239.0,
        "Total Revenue": 0.0,
        "Operating Revenue": 0.0
    },
    "2022-12-31": {
        "Tax Effect Of Unusual Items": -387470.0,
        "Tax Rate For Calcs": 0.4,
        "Normalized EBITDA": 18497507.0,
        "Total Unusual Items": -968675.0,
        "Total Unusual Items Excluding Goodwill": -968675.0,
        "Net Income From Continuing Operation Net Minority Interest": -4193773.0,
        "EBITDA": 17528832.0,
        "EBIT": 17528832.0,
        "Net Interest Income": -2535907.0,
        "Interest Expense": NaN,
        "Interest Income": 1981872.0,
        "Normalized Income": -3612568.0,
        "Net Income From Continuing And Discontinued Operation": -4193773.0,
        "Total Expenses": 280717.0,
        "Total Operating Income As Reported": -280717.0,
        "Diluted Average Shares": 59579592.0,
        "Basic Average Shares": 59579592.0,
        "Diluted EPS": -0.176569,
        "Basic EPS": -0.063311,
        "Diluted NI Availto Com Stockholders": -4193773.0,
        "Net Income Common Stockholders": -4193773.0,
        "Net Income": -4193773.0,
        "Net Income Including Noncontrolling Interests": -4193773.0,
        "Net Income Continuous Operations": -4193773.0,
        "Tax Provision": 408474.0,
        "Pretax Income": -3785299.0,
        "Other Income Expense": -968675.0,
        "Gain On Sale Of Security": -968675.0,
        "Net Non Operating Interest Income Expense": -2535907.0,
        "Interest Expense Non Operating": NaN,
        "Interest Income Non Operating": 1981872.0,
        "Operating Income": -280717.0,
        "Operating Expense": 280717.0,
        "Other Taxes": 36717.0,
        "Selling General And Administration": 244000.0,
        "General And Administrative Expense": 244000.0,
        "Other Gand A": 244000.0,
        "Total Revenue": 0.0,
        "Operating Revenue": 0.0
    },
    "2022-09-30": {
        "Tax Effect Of Unusual Items": 203092.527,
        "Tax Rate For Calcs": 0.113,
        "Normalized EBITDA": -2320469.0,
        "Total Unusual Items": 1797279.0,
        "Total Unusual Items Excluding Goodwill": 1797279.0,
        "Net Income From Continuing Operation Net Minority Interest": 2542634.0,
        "EBITDA": -523190.0,
        "EBIT": -523190.0,
        "Net Interest Income": 1592460.0,
        "Interest Expense": NaN,
        "Interest Income": 1592460.0,
        "Normalized Income": 948447.527,
        "Net Income From Continuing And Discontinued Operation": 2542634.0,
        "Total Expenses": 523190.0,
        "Total Operating Income As Reported": -523190.0,
        "Diluted Average Shares": 63500000.0,
        "Basic Average Shares": 63500000.0,
        "Diluted EPS": 0.04,
        "Basic EPS": 0.04,
        "Diluted NI Availto Com Stockholders": 2542634.0,
        "Net Income Common Stockholders": 2542634.0,
        "Net Income": 2542634.0,
        "Net Income Including Noncontrolling Interests": 2542634.0,
        "Net Income Continuous Operations": 2542634.0,
        "Tax Provision": 323915.0,
        "Pretax Income": 2866549.0,
        "Other Income Expense": 1797279.0,
        "Gain On Sale Of Security": 1797279.0,
        "Net Non Operating Interest Income Expense": 1592460.0,
        "Interest Expense Non Operating": NaN,
        "Interest Income Non Operating": 1592460.0,
        "Operating Income": -523190.0,
        "Operating Expense": 523190.0,
        "Other Taxes": 50000.0,
        "Selling General And Administration": 473190.0,
        "General And Administrative Expense": 473190.0,
        "Other Gand A": 473190.0,
        "Total Revenue": 0.0,
        "Operating Revenue": 0.0
    },
    "2022-06-30": {
        "Tax Effect Of Unusual Items": 93059.625,
        "Tax Rate For Calcs": 0.015,
        "Normalized EBITDA": -6344450.0,
        "Total Unusual Items": 6203975.0,
        "Total Unusual Items Excluding Goodwill": 6203975.0,
        "Net Income From Continuing Operation Net Minority Interest": 7083651.0,
        "EBITDA": -140475.0,
        "EBIT": -140475.0,
        "Net Interest Income": 1212899.0,
        "Interest Expense": NaN,
        "Interest Income": 1212899.0,
        "Normalized Income": 972735.625,
        "Net Income From Continuing And Discontinued Operation": 7083651.0,
        "Total Expenses": 140475.0,
        "Total Operating Income As Reported": -140475.0,
        "Diluted Average Shares": 63500000.0,
        "Basic Average Shares": 63500000.0,
        "Diluted EPS": 0.11,
        "Basic EPS": 0.11,
        "Diluted NI Availto Com Stockholders": 7083651.0,
        "Net Income Common Stockholders": 7083651.0,
        "Net Income": 7083651.0,
        "Net Income Including Noncontrolling Interests": 7083651.0,
        "Net Income Continuous Operations": 7083651.0,
        "Tax Provision": 192748.0,
        "Pretax Income": 7276399.0,
        "Other Income Expense": 6203975.0,
        "Gain On Sale Of Security": 6203975.0,
        "Net Non Operating Interest Income Expense": 1212899.0,
        "Interest Expense Non Operating": NaN,
        "Interest Income Non Operating": 1212899.0,
        "Operating Income": -140475.0,
        "Operating Expense": 140475.0,
        "Other Taxes": 66521.0,
        "Selling General And Administration": 73954.0,
        "General And Administrative Expense": 73954.0,
        "Other Gand A": 73954.0,
        "Total Revenue": 0.0,
        "Operating Revenue": 0.0
    },
    "2022-03-31": {
        "Diluted EPS": 0.09,
        "Total Revenue": NaN,
        "Gross Profit": NaN,
        "Operating Income": 0,
        "EBIT": 0,
        "Net Income": 6
    },
    "2021-12-31": {
        "Diluted EPS": 0.34,
        "Total Revenue": NaN,
        "Gross Profit": NaN,
        "Operating Income": -1,
        "EBIT": -1,
        "Net Income": 1
    },
    "2021-09-30": {
        "Diluted EPS": 0.0,
        "Total Revenue": NaN,
        "Gross Profit": NaN,
        "Operating Income": -1,
        "EBIT": -1,
        "Net Income": 3
    },
    "2021-06-30": {
        "Diluted EPS": -0.28,
        "Total Revenue": NaN,
        "Gross Profit": NaN,
        "Operating Income": 0,
        "EBIT": 0,
        "Net Income": -4
    },
    "2021-03-31": {
        "Diluted EPS": 0.57,
        "Total Revenue": NaN,
        "Gross Profit": NaN,
        "Operating Income": 0,
        "EBIT": 0,
        "Net Income": 8
    },
    "2020-12-31": {
        "Diluted EPS": 0.0,
        "Total Revenue": NaN,
        "Gross Profit": NaN,
        "Operating Income": 0,
        "EBIT": 0,
        "Net Income": -6
    },
    "2020-09-30": {
        "Diluted EPS": 0.0,
        "Total Revenue": NaN,
        "Gross Profit": NaN,
        "Operating Income": NaN,
        "EBIT": NaN,
        "Net Income": NaN
    },
    "2020-06-30": {
        "Diluted EPS": 0.0,
        "Total Revenue": NaN,
        "Gross Profit": NaN,
        "Operating Income": NaN,
        "EBIT": NaN,
        "Net Income": NaN
    },
    "2020-03-31": {
        "Diluted EPS": 0.0,
        "Total Revenue": NaN,
        "Gross Profit": NaN,
        "Operating Income": NaN,
        "EBIT": NaN,
        "Net Income": NaN
    },
    "2023-06-30": {
        "Tax Effect Of Unusual Items": 196066.4,
        "Tax Rate For Calcs": 0.4,
        "Normalized EBITDA": 1035414.0,
        "Total Unusual Items": 490166.0,
        "Total Unusual Items Excluding Goodwill": 490166.0,
        "Net Income From Continuing Operation Net Minority Interest": 179722.0,
        "EBITDA": 1525580.0,
        "EBIT": 1525580.0,
        "Net Interest Income": 532968.0,
        "Interest Expense": 859362.0,
        "Interest Income": 1392330.0,
        "Normalized Income": -114377.6,
        "Net Income From Continuing And Discontinued Operation": 179722.0,
        "Total Expenses": 356916.0,
        "Total Operating Income As Reported": -356916.0,
        "Diluted Average Shares": 23454525.0,
        "Basic Average Shares": 23454525.0,
        "Diluted EPS": 0.01,
        "Basic EPS": 0.01,
        "Diluted NI Availto Com Stockholders": 179722.0,
        "Net Income Common Stockholders": 179722.0,
        "Net Income": 179722.0,
        "Net Income Including Noncontrolling Interests": 179722.0,
        "Net Income Continuous Operations": 179722.0,
        "Tax Provision": 486496.0,
        "Pretax Income": 666218.0,
        "Other Income Expense": 490166.0,
        "Gain On Sale Of Security": 490166.0,
        "Net Non Operating Interest Income Expense": 532968.0,
        "Interest Expense Non Operating": 859362.0,
        "Interest Income Non Operating": 1392330.0,
        "Operating Income": -356916.0,
        "Operating Expense": 356916.0,
        "Other Taxes": 80000.0,
        "Selling General And Administration": 276916.0,
        "General And Administrative Expense": 276916.0,
        "Other Gand A": 276916.0,
        "Total Revenue": 0.0,
        "Operating Revenue": 0.0
    },
    "2023-09-30": {
        "Tax Effect Of Unusual Items": 75525.24,
        "Tax Rate For Calcs": 0.376,
        "Normalized EBITDA": 622904.0,
        "Total Unusual Items": 200865.0,
        "Total Unusual Items Excluding Goodwill": 200865.0,
        "Net Income From Continuing Operation Net Minority Interest": 513703.0,
        "EBITDA": 823769.0,
        "EBIT": 823769.0,
        "Net Interest Income": 918511.0,
        "Interest Expense": 0.0,
        "Interest Income": 918511.0,
        "Normalized Income": 388363.24,
        "Net Income From Continuing And Discontinued Operation": 513703.0,
        "Total Expenses": 295607.0,
        "Total Operating Income As Reported": -295607.0,
        "Diluted Average Shares": 21049677.0,
        "Basic Average Shares": 21049677.0,
        "Diluted EPS": 0.02,
        "Basic EPS": 0.02,
        "Diluted NI Availto Com Stockholders": 513703.0,
        "Net Income Common Stockholders": 513703.0,
        "Net Income": 513703.0,
        "Net Income Including Noncontrolling Interests": 513703.0,
        "Net Income Continuous Operations": 513703.0,
        "Tax Provision": 310066.0,
        "Pretax Income": 823769.0,
        "Other Income Expense": 200865.0,
        "Gain On Sale Of Security": 200865.0,
        "Net Non Operating Interest Income Expense": 918511.0,
        "Interest Expense Non Operating": 0.0,
        "Interest Income Non Operating": 918511.0,
        "Operating Income": -295607.0,
        "Operating Expense": 295607.0,
        "Other Taxes": 30000.0,
        "Selling General And Administration": 265607.0,
        "General And Administrative Expense": 265607.0,
        "Other Gand A": 265607.0,
        "Total Revenue": 0.0,
        "Operating Revenue": 0.0
    }
}