{
    "2023-03-31": {
        "Tax Effect Of Unusual Items": NaN,
        "Tax Rate For Calcs": NaN,
        "Normalized EBITDA": NaN,
        "Net Income From Continuing Operation Net Minority Interest": NaN,
        "Reconciled Cost Of Revenue": NaN,
        "EBITDA": NaN,
        "EBIT": NaN,
        "Net Interest Income": NaN,
        "Interest Income": NaN,
        "Normalized Income": NaN,
        "Net Income From Continuing And Discontinued Operation": NaN,
        "Total Expenses": NaN,
        "Total Operating Income As Reported": NaN,
        "Diluted Average Shares": NaN,
        "Basic Average Shares": NaN,
        "Diluted EPS": NaN,
        "Basic EPS": NaN,
        "Diluted NI Availto Com Stockholders": NaN,
        "Net Income Common Stockholders": NaN,
        "Net Income": NaN,
        "Net Income Including Noncontrolling Interests": NaN,
        "Net Income Continuous Operations": NaN,
        "Tax Provision": NaN,
        "Pretax Income": NaN,
        "Net Non Operating Interest Income Expense": NaN,
        "Total Other Finance Cost": -808000.0,
        "Interest Income Non Operating": NaN,
        "Operating Income": NaN,
        "Operating Expense": NaN,
        "Research And Development": NaN,
        "Selling General And Administration": NaN,
        "Selling And Marketing Expense": NaN,
        "General And Administrative Expense": NaN,
        "Other Gand A": NaN,
        "Gross Profit": NaN,
        "Cost Of Revenue": NaN,
        "Total Revenue": NaN,
        "Operating Revenue": NaN
    },
    "2022-12-31": {
        "Tax Effect Of Unusual Items": NaN,
        "Tax Rate For Calcs": NaN,
        "Normalized EBITDA": NaN,
        "Net Income From Continuing Operation Net Minority Interest": NaN,
        "Reconciled Cost Of Revenue": 975000.0,
        "EBITDA": NaN,
        "EBIT": NaN,
        "Net Interest Income": NaN,
        "Interest Income": NaN,
        "Normalized Income": NaN,
        "Net Income From Continuing And Discontinued Operation": NaN,
        "Total Expenses": NaN,
        "Total Operating Income As Reported": -3529000.0,
        "Diluted Average Shares": NaN,
        "Basic Average Shares": NaN,
        "Diluted EPS": NaN,
        "Basic EPS": NaN,
        "Diluted NI Availto Com Stockholders": NaN,
        "Net Income Common Stockholders": NaN,
        "Net Income": NaN,
        "Net Income Including Noncontrolling Interests": NaN,
        "Net Income Continuous Operations": NaN,
        "Tax Provision": NaN,
        "Pretax Income": NaN,
        "Net Non Operating Interest Income Expense": NaN,
        "Total Other Finance Cost": NaN,
        "Interest Income Non Operating": NaN,
        "Operating Income": NaN,
        "Operating Expense": NaN,
        "Research And Development": NaN,
        "Selling General And Administration": NaN,
        "Selling And Marketing Expense": NaN,
        "General And Administrative Expense": NaN,
        "Other Gand A": NaN,
        "Gross Profit": 6525000.0,
        "Cost Of Revenue": 975000.0,
        "Total Revenue": NaN,
        "Operating Revenue": NaN
    },
    "2022-09-30": {
        "Tax Effect Of Unusual Items": NaN,
        "Tax Rate For Calcs": NaN,
        "Normalized EBITDA": NaN,
        "Net Income From Continuing Operation Net Minority Interest": NaN,
        "Reconciled Cost Of Revenue": 0.0,
        "EBITDA": NaN,
        "EBIT": NaN,
        "Net Interest Income": NaN,
        "Interest Income": NaN,
        "Normalized Income": NaN,
        "Net Income From Continuing And Discontinued Operation": NaN,
        "Total Expenses": NaN,
        "Total Operating Income As Reported": -12212000.0,
        "Diluted Average Shares": NaN,
        "Basic Average Shares": NaN,
        "Diluted EPS": NaN,
        "Basic EPS": NaN,
        "Diluted NI Availto Com Stockholders": NaN,
        "Net Income Common Stockholders": NaN,
        "Net Income": NaN,
        "Net Income Including Noncontrolling Interests": NaN,
        "Net Income Continuous Operations": NaN,
        "Tax Provision": NaN,
        "Pretax Income": NaN,
        "Net Non Operating Interest Income Expense": NaN,
        "Total Other Finance Cost": NaN,
        "Interest Income Non Operating": NaN,
        "Operating Income": NaN,
        "Operating Expense": NaN,
        "Research And Development": NaN,
        "Selling General And Administration": NaN,
        "Selling And Marketing Expense": NaN,
        "General And Administrative Expense": NaN,
        "Other Gand A": NaN,
        "Gross Profit": 0.0,
        "Cost Of Revenue": 0.0,
        "Total Revenue": NaN,
        "Operating Revenue": NaN
    },
    "2022-06-30": {
        "Tax Effect Of Unusual Items": 0.0,
        "Tax Rate For Calcs": 0.0,
        "Normalized EBITDA": -9637000.0,
        "Net Income From Continuing Operation Net Minority Interest": -9144000.0,
        "Reconciled Cost Of Revenue": NaN,
        "EBITDA": -9637000.0,
        "EBIT": -9637000.0,
        "Net Interest Income": 493000.0,
        "Interest Income": 493000.0,
        "Normalized Income": -9144000.0,
        "Net Income From Continuing And Discontinued Operation": -9144000.0,
        "Total Expenses": 9637000.0,
        "Total Operating Income As Reported": NaN,
        "Diluted Average Shares": 86518714.0,
        "Basic Average Shares": 86518714.0,
        "Diluted EPS": -0.11,
        "Basic EPS": -0.11,
        "Diluted NI Availto Com Stockholders": -9144000.0,
        "Net Income Common Stockholders": -9144000.0,
        "Net Income": -9144000.0,
        "Net Income Including Noncontrolling Interests": -9144000.0,
        "Net Income Continuous Operations": -9144000.0,
        "Tax Provision": 0.0,
        "Pretax Income": -9144000.0,
        "Net Non Operating Interest Income Expense": 493000.0,
        "Total Other Finance Cost": NaN,
        "Interest Income Non Operating": 493000.0,
        "Operating Income": -9637000.0,
        "Operating Expense": 9637000.0,
        "Research And Development": 6812000.0,
        "Selling General And Administration": 2825000.0,
        "Selling And Marketing Expense": 255000.0,
        "General And Administrative Expense": 2570000.0,
        "Other Gand A": 2570000.0,
        "Gross Profit": NaN,
        "Cost Of Revenue": NaN,
        "Total Revenue": 0.0,
        "Operating Revenue": 0.0
    },
    "2022-03-31": {
        "Diluted EPS": -0.11,
        "Total Revenue": NaN,
        "Gross Profit": NaN,
        "Operating Income": -10,
        "EBIT": -10,
        "Net Income": -10
    },
    "2021-12-31": {
        "Diluted EPS": -0.11,
        "Total Revenue": NaN,
        "Gross Profit": NaN,
        "Operating Income": -9,
        "EBIT": -9,
        "Net Income": -9
    },
    "2021-09-30": {
        "Diluted EPS": -0.07,
        "Total Revenue": 6,
        "Gross Profit": 5,
        "Operating Income": -6,
        "EBIT": -6,
        "Net Income": -6
    },
    "2021-06-30": {
        "Diluted EPS": -0.11,
        "Total Revenue": NaN,
        "Gross Profit": NaN,
        "Operating Income": -10,
        "EBIT": -10,
        "Net Income": -9
    },
    "2021-03-31": {
        "Diluted EPS": -0.12,
        "Total Revenue": NaN,
        "Gross Profit": NaN,
        "Operating Income": -10,
        "EBIT": -10,
        "Net Income": -10
    },
    "2020-12-31": {
        "Diluted EPS": -0.1,
        "Total Revenue": NaN,
        "Gross Profit": NaN,
        "Operating Income": -11,
        "EBIT": -11,
        "Net Income": -9
    },
    "2020-09-30": {
        "Diluted EPS": -0.09,
        "Total Revenue": NaN,
        "Gross Profit": NaN,
        "Operating Income": -8,
        "EBIT": -8,
        "Net Income": -8
    },
    "2020-06-30": {
        "Diluted EPS": -0.08,
        "Total Revenue": NaN,
        "Gross Profit": NaN,
        "Operating Income": -7,
        "EBIT": -7,
        "Net Income": -6
    },
    "2020-03-31": {
        "Diluted EPS": -0.1,
        "Total Revenue": NaN,
        "Gross Profit": NaN,
        "Operating Income": -7,
        "EBIT": -7,
        "Net Income": -7
    },
    "2019-12-31": {
        "Diluted EPS": -0.09,
        "Total Revenue": NaN,
        "Gross Profit": NaN,
        "Operating Income": -7,
        "EBIT": -7,
        "Net Income": -6
    },
    "2019-09-30": {
        "Diluted EPS": -0.1,
        "Total Revenue": NaN,
        "Gross Profit": NaN,
        "Operating Income": -7,
        "EBIT": -7,
        "Net Income": -6
    },
    "2019-06-30": {
        "Diluted EPS": -0.1,
        "Total Revenue": NaN,
        "Gross Profit": NaN,
        "Operating Income": -7,
        "EBIT": -7,
        "Net Income": -6
    },
    "2019-03-31": {
        "Diluted EPS": -0.14,
        "Total Revenue": NaN,
        "Gross Profit": NaN,
        "Operating Income": -9,
        "EBIT": -9,
        "Net Income": -8
    },
    "2018-12-31": {
        "Diluted EPS": -0.17,
        "Total Revenue": 0,
        "Gross Profit": 0,
        "Operating Income": -10,
        "EBIT": -10,
        "Net Income": -9
    },
    "2018-09-30": {
        "Diluted EPS": -0.05,
        "Total Revenue": 8,
        "Gross Profit": 7,
        "Operating Income": -3,
        "EBIT": -3,
        "Net Income": -3
    },
    "2018-06-30": {
        "Diluted EPS": -0.19,
        "Total Revenue": NaN,
        "Gross Profit": NaN,
        "Operating Income": -10,
        "EBIT": -10,
        "Net Income": -10
    },
    "2018-03-31": {
        "Diluted EPS": 0.0,
        "Total Revenue": 10,
        "Gross Profit": 10,
        "Operating Income": 0,
        "EBIT": 0,
        "Net Income": 0
    },
    "2017-12-31": {
        "Diluted EPS": -0.18,
        "Total Revenue": NaN,
        "Gross Profit": NaN,
        "Operating Income": -9,
        "EBIT": -9,
        "Net Income": -9
    },
    "2017-09-30": {
        "Diluted EPS": -0.19,
        "Total Revenue": NaN,
        "Gross Profit": NaN,
        "Operating Income": -10,
        "EBIT": -10,
        "Net Income": -10
    },
    "2017-06-30": {
        "Diluted EPS": -0.18,
        "Total Revenue": NaN,
        "Gross Profit": NaN,
        "Operating Income": -9,
        "EBIT": -9,
        "Net Income": -9
    },
    "2017-03-31": {
        "Diluted EPS": -0.17,
        "Total Revenue": NaN,
        "Gross Profit": NaN,
        "Operating Income": -9,
        "EBIT": -9,
        "Net Income": -9
    },
    "2016-12-31": {
        "Diluted EPS": -0.17,
        "Total Revenue": 0,
        "Gross Profit": 0,
        "Operating Income": -9,
        "EBIT": -9,
        "Net Income": -8
    },
    "2016-09-30": {
        "Diluted EPS": -0.15,
        "Total Revenue": 0,
        "Gross Profit": 0,
        "Operating Income": -8,
        "EBIT": -8,
        "Net Income": -8
    },
    "2016-06-30": {
        "Diluted EPS": -0.13,
        "Total Revenue": 0,
        "Gross Profit": 0,
        "Operating Income": -7,
        "EBIT": -7,
        "Net Income": -7
    },
    "2016-03-31": {
        "Diluted EPS": -0.17,
        "Total Revenue": 0,
        "Gross Profit": 0,
        "Operating Income": -9,
        "EBIT": -9,
        "Net Income": -9
    },
    "2015-12-31": {
        "Diluted EPS": -0.01,
        "Total Revenue": 8,
        "Gross Profit": 7,
        "Operating Income": -1,
        "EBIT": 0,
        "Net Income": 0
    },
    "2015-09-30": {
        "Diluted EPS": -0.13,
        "Total Revenue": 0,
        "Gross Profit": 0,
        "Operating Income": -7,
        "EBIT": -7,
        "Net Income": -7
    },
    "2015-06-30": {
        "Diluted EPS": -0.14,
        "Total Revenue": 0,
        "Gross Profit": 0,
        "Operating Income": -7,
        "EBIT": -7,
        "Net Income": -7
    },
    "2015-03-31": {
        "Diluted EPS": -0.12,
        "Total Revenue": 1,
        "Gross Profit": 0,
        "Operating Income": -6,
        "EBIT": -6,
        "Net Income": -6
    },
    "2014-12-31": {
        "Diluted EPS": -0.03,
        "Total Revenue": 7,
        "Gross Profit": 6,
        "Operating Income": -1,
        "EBIT": -1,
        "Net Income": -1
    },
    "2014-09-30": {
        "Diluted EPS": -0.11,
        "Total Revenue": 2,
        "Gross Profit": 1,
        "Operating Income": -5,
        "EBIT": -5,
        "Net Income": -5
    },
    "2014-06-30": {
        "Diluted EPS": -0.07,
        "Total Revenue": 2,
        "Gross Profit": 1,
        "Operating Income": -3,
        "EBIT": -3,
        "Net Income": -2
    },
    "2014-03-31": {
        "Diluted EPS": -0.04,
        "Total Revenue": 2,
        "Gross Profit": 1,
        "Operating Income": -3,
        "EBIT": -3,
        "Net Income": -2
    },
    "2013-12-31": {
        "Diluted EPS": -0.09,
        "Total Revenue": 2,
        "Gross Profit": 1,
        "Operating Income": -9,
        "EBIT": -9,
        "Net Income": -3
    },
    "2013-09-30": {
        "Diluted EPS": -0.12,
        "Total Revenue": 2,
        "Gross Profit": 0,
        "Operating Income": -4,
        "EBIT": -4,
        "Net Income": -5
    },
    "2013-06-30": {
        "Diluted EPS": -0.09,
        "Total Revenue": 0,
        "Gross Profit": 0,
        "Operating Income": 0,
        "EBIT": 0,
        "Net Income": -3
    },
    "2013-03-31": {
        "Diluted EPS": -0.09,
        "Total Revenue": 0,
        "Gross Profit": 0,
        "Operating Income": -4,
        "EBIT": -4,
        "Net Income": -3
    },
    "2012-12-31": {
        "Diluted EPS": -0.15,
        "Total Revenue": 0,
        "Gross Profit": 0,
        "Operating Income": -4,
        "EBIT": -4,
        "Net Income": -5
    },
    "2012-09-30": {
        "Diluted EPS": -0.1,
        "Total Revenue": 0,
        "Gross Profit": 0,
        "Operating Income": -4,
        "EBIT": -4,
        "Net Income": -4
    },
    "2012-06-30": {
        "Diluted EPS": -0.02,
        "Total Revenue": NaN,
        "Gross Profit": NaN,
        "Operating Income": -3,
        "EBIT": -3,
        "Net Income": -1
    },
    "2012-03-31": {
        "Diluted EPS": -0.12,
        "Total Revenue": NaN,
        "Gross Profit": NaN,
        "Operating Income": -3,
        "EBIT": -3,
        "Net Income": -4
    },
    "2011-12-31": {
        "Diluted EPS": -0.13,
        "Total Revenue": NaN,
        "Gross Profit": NaN,
        "Operating Income": -3,
        "EBIT": -3,
        "Net Income": -4
    },
    "2011-09-30": {
        "Diluted EPS": -0.1,
        "Total Revenue": NaN,
        "Gross Profit": NaN,
        "Operating Income": -3,
        "EBIT": -3,
        "Net Income": -4
    },
    "2011-06-30": {
        "Diluted EPS": -0.06,
        "Total Revenue": NaN,
        "Gross Profit": NaN,
        "Operating Income": -3,
        "EBIT": -3,
        "Net Income": -2
    },
    "2011-03-31": {
        "Diluted EPS": -0.06,
        "Total Revenue": NaN,
        "Gross Profit": NaN,
        "Operating Income": -2,
        "EBIT": -2,
        "Net Income": -2
    },
    "2010-12-31": {
        "Diluted EPS": -0.06,
        "Total Revenue": 0,
        "Gross Profit": 0,
        "Operating Income": -2,
        "EBIT": -2,
        "Net Income": -2
    },
    "2010-09-30": {
        "Diluted EPS": -0.05,
        "Total Revenue": NaN,
        "Gross Profit": NaN,
        "Operating Income": -2,
        "EBIT": -2,
        "Net Income": -2
    },
    "2010-06-30": {
        "Diluted EPS": -0.03,
        "Total Revenue": 1,
        "Gross Profit": 1,
        "Operating Income": -1,
        "EBIT": -1,
        "Net Income": -1
    },
    "2010-03-31": {
        "Diluted EPS": -0.08,
        "Total Revenue": 0,
        "Gross Profit": 0,
        "Operating Income": -3,
        "EBIT": -3,
        "Net Income": -3
    },
    "2009-12-31": {
        "Diluted EPS": -0.07,
        "Total Revenue": 0,
        "Gross Profit": 0,
        "Operating Income": -2,
        "EBIT": -2,
        "Net Income": -2
    },
    "2009-09-30": {
        "Diluted EPS": -0.06,
        "Total Revenue": NaN,
        "Gross Profit": NaN,
        "Operating Income": -2,
        "EBIT": -2,
        "Net Income": -2
    },
    "2009-06-30": {
        "Diluted EPS": 0.08,
        "Total Revenue": 0,
        "Gross Profit": 0,
        "Operating Income": -2,
        "EBIT": -1,
        "Net Income": 2
    },
    "2009-03-31": {
        "Diluted EPS": -0.08,
        "Total Revenue": NaN,
        "Gross Profit": NaN,
        "Operating Income": -2,
        "EBIT": -2,
        "Net Income": -2
    },
    "2023-06-30": {
        "Tax Effect Of Unusual Items": NaN,
        "Tax Rate For Calcs": NaN,
        "Normalized EBITDA": NaN,
        "Net Income From Continuing Operation Net Minority Interest": NaN,
        "Reconciled Cost Of Revenue": 0.0,
        "EBITDA": NaN,
        "EBIT": NaN,
        "Net Interest Income": NaN,
        "Interest Income": 889000.0,
        "Normalized Income": NaN,
        "Net Income From Continuing And Discontinued Operation": NaN,
        "Total Expenses": NaN,
        "Total Operating Income As Reported": -10214000.0,
        "Diluted Average Shares": 87182839.0,
        "Basic Average Shares": 87182839.0,
        "Diluted EPS": -0.11,
        "Basic EPS": -0.11,
        "Diluted NI Availto Com Stockholders": NaN,
        "Net Income Common Stockholders": NaN,
        "Net Income": NaN,
        "Net Income Including Noncontrolling Interests": NaN,
        "Net Income Continuous Operations": NaN,
        "Tax Provision": NaN,
        "Pretax Income": NaN,
        "Net Non Operating Interest Income Expense": NaN,
        "Total Other Finance Cost": -889000.0,
        "Interest Income Non Operating": 889000.0,
        "Operating Income": NaN,
        "Operating Expense": NaN,
        "Research And Development": NaN,
        "Selling General And Administration": NaN,
        "Selling And Marketing Expense": NaN,
        "General And Administrative Expense": NaN,
        "Other Gand A": NaN,
        "Gross Profit": 0.0,
        "Cost Of Revenue": 0.0,
        "Total Revenue": NaN,
        "Operating Revenue": NaN
    },
    "2023-09-30": {
        "Tax Effect Of Unusual Items": 0.0,
        "Tax Rate For Calcs": 0.0,
        "Normalized EBITDA": -10628000.0,
        "Net Income From Continuing Operation Net Minority Interest": -9852000.0,
        "Reconciled Cost Of Revenue": 0.0,
        "EBITDA": -10628000.0,
        "EBIT": -10628000.0,
        "Net Interest Income": 776000.0,
        "Interest Income": 776000.0,
        "Normalized Income": -9852000.0,
        "Net Income From Continuing And Discontinued Operation": -9852000.0,
        "Total Expenses": 10628000.0,
        "Total Operating Income As Reported": -10628000.0,
        "Diluted Average Shares": 88310329.0,
        "Basic Average Shares": 88310329.0,
        "Diluted EPS": -0.11,
        "Basic EPS": -0.11,
        "Diluted NI Availto Com Stockholders": -9852000.0,
        "Net Income Common Stockholders": -9852000.0,
        "Net Income": -9852000.0,
        "Net Income Including Noncontrolling Interests": -9852000.0,
        "Net Income Continuous Operations": -9852000.0,
        "Tax Provision": 0.0,
        "Pretax Income": -9852000.0,
        "Net Non Operating Interest Income Expense": 776000.0,
        "Total Other Finance Cost": NaN,
        "Interest Income Non Operating": 776000.0,
        "Operating Income": -10628000.0,
        "Operating Expense": 10628000.0,
        "Research And Development": 8338000.0,
        "Selling General And Administration": 2290000.0,
        "Selling And Marketing Expense": 18000.0,
        "General And Administrative Expense": 2272000.0,
        "Other Gand A": 2272000.0,
        "Gross Profit": 0.0,
        "Cost Of Revenue": 0.0,
        "Total Revenue": 0.0,
        "Operating Revenue": 0.0
    },
    "2023-12-31": {
        "Tax Effect Of Unusual Items": 0.0,
        "Tax Rate For Calcs": 0.23,
        "Normalized EBITDA": 17984000.0,
        "Net Income From Continuing Operation Net Minority Interest": 9713000.0,
        "Reconciled Cost Of Revenue": NaN,
        "EBITDA": 17984000.0,
        "EBIT": 17984000.0,
        "Net Interest Income": 737000.0,
        "Interest Income": 487000.0,
        "Normalized Income": 9713000.0,
        "Net Income From Continuing And Discontinued Operation": 9713000.0,
        "Total Expenses": 15475000.0,
        "Total Operating Income As Reported": NaN,
        "Diluted Average Shares": NaN,
        "Basic Average Shares": NaN,
        "Diluted EPS": NaN,
        "Basic EPS": NaN,
        "Diluted NI Availto Com Stockholders": 9713000.0,
        "Net Income Common Stockholders": 9713000.0,
        "Net Income": 9713000.0,
        "Net Income Including Noncontrolling Interests": 9713000.0,
        "Net Income Continuous Operations": 9713000.0,
        "Tax Provision": 9006000.0,
        "Pretax Income": 18719000.0,
        "Net Non Operating Interest Income Expense": 737000.0,
        "Total Other Finance Cost": NaN,
        "Interest Income Non Operating": 487000.0,
        "Operating Income": 17984000.0,
        "Operating Expense": 13471000.0,
        "Research And Development": 10928000.0,
        "Selling General And Administration": 2543000.0,
        "Selling And Marketing Expense": 61000.0,
        "General And Administrative Expense": 2482000.0,
        "Other Gand A": 2482000.0,
        "Gross Profit": NaN,
        "Cost Of Revenue": NaN,
        "Total Revenue": 33459000.0,
        "Operating Revenue": 33459000.0
    },
    "2024-03-31": {
        "Tax Effect Of Unusual Items": 0.0,
        "Tax Rate For Calcs": 0.23,
        "Normalized EBITDA": -8492000.0,
        "Net Income From Continuing Operation Net Minority Interest": -7267000.0,
        "Reconciled Cost Of Revenue": 2102000.0,
        "EBITDA": -8492000.0,
        "EBIT": -8492000.0,
        "Net Interest Income": 1228000.0,
        "Interest Income": NaN,
        "Normalized Income": -7267000.0,
        "Net Income From Continuing And Discontinued Operation": -7267000.0,
        "Total Expenses": 11051000.0,
        "Total Operating Income As Reported": -8492000.0,
        "Diluted Average Shares": 89505618.0,
        "Basic Average Shares": 89505618.0,
        "Diluted EPS": -0.08,
        "Basic EPS": -0.08,
        "Diluted NI Availto Com Stockholders": -7267000.0,
        "Net Income Common Stockholders": -7267000.0,
        "Net Income": -7267000.0,
        "Net Income Including Noncontrolling Interests": -7267000.0,
        "Net Income Continuous Operations": -7267000.0,
        "Tax Provision": 3000.0,
        "Pretax Income": -7264000.0,
        "Net Non Operating Interest Income Expense": 1228000.0,
        "Total Other Finance Cost": -1228000.0,
        "Interest Income Non Operating": NaN,
        "Operating Income": -8492000.0,
        "Operating Expense": 8949000.0,
        "Research And Development": 6410000.0,
        "Selling General And Administration": 2539000.0,
        "Selling And Marketing Expense": 91000.0,
        "General And Administrative Expense": 2448000.0,
        "Other Gand A": 2448000.0,
        "Gross Profit": 457000.0,
        "Cost Of Revenue": 2102000.0,
        "Total Revenue": 2559000.0,
        "Operating Revenue": 2559000.0
    },
    "2024-06-30": {
        "Tax Effect Of Unusual Items": 0.0,
        "Tax Rate For Calcs": 0.23,
        "Normalized EBITDA": -3412000.0,
        "Net Income From Continuing Operation Net Minority Interest": -2123000.0,
        "Reconciled Cost Of Revenue": 1552000.0,
        "EBITDA": -3412000.0,
        "EBIT": -3412000.0,
        "Net Interest Income": 1300000.0,
        "Interest Income": 1300000.0,
        "Normalized Income": -2123000.0,
        "Net Income From Continuing And Discontinued Operation": -2123000.0,
        "Total Expenses": 10114000.0,
        "Total Operating Income As Reported": -3412000.0,
        "Diluted Average Shares": 89531937.0,
        "Basic Average Shares": 89531937.0,
        "Diluted EPS": -0.02,
        "Basic EPS": -0.02,
        "Diluted NI Availto Com Stockholders": -2123000.0,
        "Net Income Common Stockholders": -2123000.0,
        "Net Income": -2123000.0,
        "Net Income Including Noncontrolling Interests": -2123000.0,
        "Net Income Continuous Operations": -2123000.0,
        "Tax Provision": 11000.0,
        "Pretax Income": -2112000.0,
        "Net Non Operating Interest Income Expense": 1300000.0,
        "Total Other Finance Cost": NaN,
        "Interest Income Non Operating": 1300000.0,
        "Operating Income": -3412000.0,
        "Operating Expense": 8562000.0,
        "Research And Development": 6183000.0,
        "Selling General And Administration": 2379000.0,
        "Selling And Marketing Expense": 157000.0,
        "General And Administrative Expense": 2222000.0,
        "Other Gand A": 2222000.0,
        "Gross Profit": 5150000.0,
        "Cost Of Revenue": 1552000.0,
        "Total Revenue": 6702000.0,
        "Operating Revenue": 6702000.0
    },
    "2024-09-30": {
        "Tax Effect Of Unusual Items": 0.0,
        "Tax Rate For Calcs": 0.23,
        "Normalized EBITDA": 4496000.0,
        "Net Income From Continuing Operation Net Minority Interest": 1276000.0,
        "Reconciled Cost Of Revenue": 3601000.0,
        "EBITDA": 4496000.0,
        "EBIT": 4496000.0,
        "Net Interest Income": 1284000.0,
        "Interest Income": 1284000.0,
        "Normalized Income": 1276000.0,
        "Net Income From Continuing And Discontinued Operation": 1276000.0,
        "Total Expenses": 12636000.0,
        "Total Operating Income As Reported": 4496000.0,
        "Diluted Average Shares": 89819474.0,
        "Basic Average Shares": 89535679.0,
        "Diluted EPS": 0.01,
        "Basic EPS": 0.01,
        "Diluted NI Availto Com Stockholders": 1276000.0,
        "Net Income Common Stockholders": 1276000.0,
        "Net Income": 1276000.0,
        "Net Income Including Noncontrolling Interests": 1276000.0,
        "Net Income Continuous Operations": 1276000.0,
        "Tax Provision": 4504000.0,
        "Pretax Income": 5780000.0,
        "Net Non Operating Interest Income Expense": 1284000.0,
        "Total Other Finance Cost": NaN,
        "Interest Income Non Operating": 1284000.0,
        "Operating Income": 4496000.0,
        "Operating Expense": 9035000.0,
        "Research And Development": 6306000.0,
        "Selling General And Administration": 2729000.0,
        "Selling And Marketing Expense": 161000.0,
        "General And Administrative Expense": 2568000.0,
        "Other Gand A": 2568000.0,
        "Gross Profit": 13531000.0,
        "Cost Of Revenue": 3601000.0,
        "Total Revenue": 17132000.0,
        "Operating Revenue": 17132000.0
    }
}