{
    "2023-03-31": {
        "Tax Effect Of Unusual Items": NaN,
        "Tax Rate For Calcs": NaN,
        "Normalized EBITDA": NaN,
        "Total Unusual Items": NaN,
        "Total Unusual Items Excluding Goodwill": NaN,
        "Net Income From Continuing Operation Net Minority Interest": NaN,
        "Reconciled Depreciation": NaN,
        "EBITDA": NaN,
        "EBIT": NaN,
        "Net Interest Income": NaN,
        "Interest Expense": NaN,
        "Normalized Income": NaN,
        "Net Income From Continuing And Discontinued Operation": NaN,
        "Total Expenses": NaN,
        "Total Operating Income As Reported": NaN,
        "Diluted Average Shares": NaN,
        "Basic Average Shares": NaN,
        "Diluted EPS": NaN,
        "Basic EPS": NaN,
        "Diluted NI Availto Com Stockholders": NaN,
        "Net Income Common Stockholders": NaN,
        "Net Income": NaN,
        "Net Income Including Noncontrolling Interests": NaN,
        "Net Income Continuous Operations": NaN,
        "Tax Provision": 0.0,
        "Pretax Income": NaN,
        "Other Income Expense": NaN,
        "Other Non Operating Income Expenses": NaN,
        "Special Income Charges": NaN,
        "Gain On Sale Of Business": NaN,
        "Net Non Operating Interest Income Expense": NaN,
        "Interest Expense Non Operating": NaN,
        "Operating Income": NaN,
        "Operating Expense": NaN,
        "Other Operating Expenses": NaN,
        "Research And Development": NaN,
        "Selling General And Administration": NaN,
        "General And Administrative Expense": NaN,
        "Other Gand A": NaN,
        "Salaries And Wages": 1030000.0,
        "Total Revenue": NaN,
        "Operating Revenue": NaN
    },
    "2022-12-31": {
        "Tax Effect Of Unusual Items": NaN,
        "Tax Rate For Calcs": NaN,
        "Normalized EBITDA": NaN,
        "Total Unusual Items": 0.0,
        "Total Unusual Items Excluding Goodwill": 0.0,
        "Net Income From Continuing Operation Net Minority Interest": NaN,
        "Reconciled Depreciation": NaN,
        "EBITDA": NaN,
        "EBIT": NaN,
        "Net Interest Income": NaN,
        "Interest Expense": NaN,
        "Normalized Income": NaN,
        "Net Income From Continuing And Discontinued Operation": NaN,
        "Total Expenses": NaN,
        "Total Operating Income As Reported": NaN,
        "Diluted Average Shares": NaN,
        "Basic Average Shares": NaN,
        "Diluted EPS": NaN,
        "Basic EPS": NaN,
        "Diluted NI Availto Com Stockholders": NaN,
        "Net Income Common Stockholders": NaN,
        "Net Income": NaN,
        "Net Income Including Noncontrolling Interests": NaN,
        "Net Income Continuous Operations": NaN,
        "Tax Provision": NaN,
        "Pretax Income": NaN,
        "Other Income Expense": NaN,
        "Other Non Operating Income Expenses": NaN,
        "Special Income Charges": 0.0,
        "Gain On Sale Of Business": NaN,
        "Net Non Operating Interest Income Expense": NaN,
        "Interest Expense Non Operating": NaN,
        "Operating Income": NaN,
        "Operating Expense": NaN,
        "Other Operating Expenses": NaN,
        "Research And Development": NaN,
        "Selling General And Administration": NaN,
        "General And Administrative Expense": NaN,
        "Other Gand A": NaN,
        "Salaries And Wages": NaN,
        "Total Revenue": NaN,
        "Operating Revenue": NaN
    },
    "2022-09-30": {
        "Tax Effect Of Unusual Items": NaN,
        "Tax Rate For Calcs": NaN,
        "Normalized EBITDA": NaN,
        "Total Unusual Items": 0.0,
        "Total Unusual Items Excluding Goodwill": 0.0,
        "Net Income From Continuing Operation Net Minority Interest": NaN,
        "Reconciled Depreciation": NaN,
        "EBITDA": NaN,
        "EBIT": NaN,
        "Net Interest Income": NaN,
        "Interest Expense": NaN,
        "Normalized Income": NaN,
        "Net Income From Continuing And Discontinued Operation": NaN,
        "Total Expenses": NaN,
        "Total Operating Income As Reported": NaN,
        "Diluted Average Shares": 23024026.0,
        "Basic Average Shares": 23024026.0,
        "Diluted EPS": -0.29,
        "Basic EPS": -0.29,
        "Diluted NI Availto Com Stockholders": NaN,
        "Net Income Common Stockholders": NaN,
        "Net Income": NaN,
        "Net Income Including Noncontrolling Interests": NaN,
        "Net Income Continuous Operations": NaN,
        "Tax Provision": NaN,
        "Pretax Income": NaN,
        "Other Income Expense": NaN,
        "Other Non Operating Income Expenses": NaN,
        "Special Income Charges": 0.0,
        "Gain On Sale Of Business": NaN,
        "Net Non Operating Interest Income Expense": NaN,
        "Interest Expense Non Operating": NaN,
        "Operating Income": NaN,
        "Operating Expense": NaN,
        "Other Operating Expenses": NaN,
        "Research And Development": NaN,
        "Selling General And Administration": NaN,
        "General And Administrative Expense": NaN,
        "Other Gand A": NaN,
        "Salaries And Wages": NaN,
        "Total Revenue": NaN,
        "Operating Revenue": NaN
    },
    "2022-06-30": {
        "Tax Effect Of Unusual Items": 0.0,
        "Tax Rate For Calcs": 0.021269,
        "Normalized EBITDA": -5811000.0,
        "Total Unusual Items": 0.0,
        "Total Unusual Items Excluding Goodwill": 0.0,
        "Net Income From Continuing Operation Net Minority Interest": -5752000.0,
        "Reconciled Depreciation": 59000.0,
        "EBITDA": -5811000.0,
        "EBIT": -5870000.0,
        "Net Interest Income": -7000.0,
        "Interest Expense": 7000.0,
        "Normalized Income": -5752000.0,
        "Net Income From Continuing And Discontinued Operation": -5752000.0,
        "Total Expenses": 5828000.0,
        "Total Operating Income As Reported": -12213000.0,
        "Diluted Average Shares": 22595359.0,
        "Basic Average Shares": 22595359.0,
        "Diluted EPS": -0.25,
        "Basic EPS": -0.25,
        "Diluted NI Availto Com Stockholders": -5752000.0,
        "Net Income Common Stockholders": -5752000.0,
        "Net Income": -5752000.0,
        "Net Income Including Noncontrolling Interests": -5752000.0,
        "Net Income Continuous Operations": -5752000.0,
        "Tax Provision": -125000.0,
        "Pretax Income": -5877000.0,
        "Other Income Expense": -42000.0,
        "Other Non Operating Income Expenses": -42000.0,
        "Special Income Charges": 0.0,
        "Net Non Operating Interest Income Expense": -7000.0,
        "Interest Expense Non Operating": 7000.0,
        "Operating Income": -5828000.0,
        "Operating Expense": 5828000.0,
        "Other Operating Expenses": -6385000.0,
        "Research And Development": 9098000.0,
        "Selling General And Administration": 3115000.0,
        "General And Administrative Expense": 3115000.0,
        "Other Gand A": 3115000.0,
        "Salaries And Wages": NaN,
        "Total Revenue": 0.0,
        "Operating Revenue": 0.0
    },
    "2022-03-31": {
        "Diluted EPS": -0.17,
        "Total Revenue": NaN,
        "Gross Profit": NaN,
        "Operating Income": -9,
        "EBIT": -9,
        "Net Income": -4
    },
    "2021-12-31": {
        "Diluted EPS": 11.4,
        "Total Revenue": NaN,
        "Gross Profit": NaN,
        "Operating Income": -12,
        "EBIT": -12,
        "Net Income": -8
    },
    "2021-09-30": {
        "Diluted EPS": -8.12,
        "Total Revenue": NaN,
        "Gross Profit": NaN,
        "Operating Income": -5,
        "EBIT": -5,
        "Net Income": -5
    },
    "2021-06-30": {
        "Diluted EPS": -4.77,
        "Total Revenue": NaN,
        "Gross Profit": NaN,
        "Operating Income": -6,
        "EBIT": -6,
        "Net Income": -3
    },
    "2021-03-31": {
        "Diluted EPS": -1.64,
        "Total Revenue": NaN,
        "Gross Profit": NaN,
        "Operating Income": -6,
        "EBIT": -5,
        "Net Income": -1
    },
    "2020-12-31": {
        "Diluted EPS": 0.0,
        "Total Revenue": NaN,
        "Gross Profit": NaN,
        "Operating Income": NaN,
        "EBIT": NaN,
        "Net Income": NaN
    },
    "2020-09-30": {
        "Diluted EPS": -5.31,
        "Total Revenue": NaN,
        "Gross Profit": NaN,
        "Operating Income": -4,
        "EBIT": -4,
        "Net Income": -3
    },
    "2023-06-30": {
        "Tax Effect Of Unusual Items": NaN,
        "Tax Rate For Calcs": NaN,
        "Normalized EBITDA": NaN,
        "Total Unusual Items": 0.0,
        "Total Unusual Items Excluding Goodwill": 0.0,
        "Net Income From Continuing Operation Net Minority Interest": NaN,
        "Reconciled Depreciation": NaN,
        "EBITDA": NaN,
        "EBIT": NaN,
        "Net Interest Income": NaN,
        "Interest Expense": NaN,
        "Normalized Income": NaN,
        "Net Income From Continuing And Discontinued Operation": NaN,
        "Total Expenses": NaN,
        "Total Operating Income As Reported": NaN,
        "Diluted Average Shares": 29614822.0,
        "Basic Average Shares": 29614822.0,
        "Diluted EPS": -0.16,
        "Basic EPS": -0.16,
        "Diluted NI Availto Com Stockholders": NaN,
        "Net Income Common Stockholders": NaN,
        "Net Income": NaN,
        "Net Income Including Noncontrolling Interests": NaN,
        "Net Income Continuous Operations": NaN,
        "Tax Provision": 0.0,
        "Pretax Income": NaN,
        "Other Income Expense": NaN,
        "Other Non Operating Income Expenses": NaN,
        "Special Income Charges": 0.0,
        "Gain On Sale Of Business": 0.0,
        "Net Non Operating Interest Income Expense": NaN,
        "Interest Expense Non Operating": NaN,
        "Operating Income": NaN,
        "Operating Expense": NaN,
        "Other Operating Expenses": NaN,
        "Research And Development": NaN,
        "Selling General And Administration": NaN,
        "General And Administrative Expense": NaN,
        "Other Gand A": NaN,
        "Salaries And Wages": 869000.0,
        "Total Revenue": NaN,
        "Operating Revenue": NaN
    },
    "2023-09-30": {
        "Tax Effect Of Unusual Items": 0.0,
        "Tax Rate For Calcs": 0.0,
        "Normalized EBITDA": -6682000.0,
        "Total Unusual Items": 0.0,
        "Total Unusual Items Excluding Goodwill": 0.0,
        "Net Income From Continuing Operation Net Minority Interest": -6749000.0,
        "Reconciled Depreciation": 65000.0,
        "EBITDA": -6682000.0,
        "EBIT": -6747000.0,
        "Net Interest Income": -2000.0,
        "Interest Expense": 2000.0,
        "Normalized Income": -6749000.0,
        "Net Income From Continuing And Discontinued Operation": -6749000.0,
        "Total Expenses": 7061000.0,
        "Total Operating Income As Reported": -14745000.0,
        "Diluted Average Shares": 30365506.0,
        "Basic Average Shares": 30365506.0,
        "Diluted EPS": -0.22,
        "Basic EPS": -0.22,
        "Diluted NI Availto Com Stockholders": -6749000.0,
        "Net Income Common Stockholders": -6749000.0,
        "Net Income": -6749000.0,
        "Net Income Including Noncontrolling Interests": -6749000.0,
        "Net Income Continuous Operations": -6749000.0,
        "Tax Provision": NaN,
        "Pretax Income": -6749000.0,
        "Other Income Expense": 314000.0,
        "Other Non Operating Income Expenses": 314000.0,
        "Special Income Charges": 0.0,
        "Gain On Sale Of Business": 0.0,
        "Net Non Operating Interest Income Expense": -2000.0,
        "Interest Expense Non Operating": 2000.0,
        "Operating Income": -7061000.0,
        "Operating Expense": 7061000.0,
        "Other Operating Expenses": -7684000.0,
        "Research And Development": 11669000.0,
        "Selling General And Administration": 3076000.0,
        "General And Administrative Expense": 3076000.0,
        "Other Gand A": 3076000.0,
        "Salaries And Wages": NaN,
        "Total Revenue": 0.0,
        "Operating Revenue": 0.0
    },
    "2023-12-31": {
        "Tax Effect Of Unusual Items": 0.0,
        "Tax Rate For Calcs": 0.0,
        "Normalized EBITDA": -8066000.0,
        "Total Unusual Items": NaN,
        "Total Unusual Items Excluding Goodwill": NaN,
        "Net Income From Continuing Operation Net Minority Interest": -8141000.0,
        "Reconciled Depreciation": 66000.0,
        "EBITDA": -8066000.0,
        "EBIT": -8132000.0,
        "Net Interest Income": -9000.0,
        "Interest Expense": 9000.0,
        "Normalized Income": -8141000.0,
        "Net Income From Continuing And Discontinued Operation": -8141000.0,
        "Total Expenses": 8419000.0,
        "Total Operating Income As Reported": -15189000.0,
        "Diluted Average Shares": NaN,
        "Basic Average Shares": NaN,
        "Diluted EPS": NaN,
        "Basic EPS": NaN,
        "Diluted NI Availto Com Stockholders": -8141000.0,
        "Net Income Common Stockholders": -8141000.0,
        "Net Income": -8141000.0,
        "Net Income Including Noncontrolling Interests": -8141000.0,
        "Net Income Continuous Operations": -8141000.0,
        "Tax Provision": NaN,
        "Pretax Income": -8141000.0,
        "Other Income Expense": 287000.0,
        "Other Non Operating Income Expenses": 287000.0,
        "Special Income Charges": NaN,
        "Gain On Sale Of Business": NaN,
        "Net Non Operating Interest Income Expense": -9000.0,
        "Interest Expense Non Operating": 9000.0,
        "Operating Income": -8419000.0,
        "Operating Expense": 8419000.0,
        "Other Operating Expenses": -6770000.0,
        "Research And Development": 11600000.0,
        "Selling General And Administration": 3589000.0,
        "General And Administrative Expense": 3589000.0,
        "Other Gand A": 3589000.0,
        "Salaries And Wages": NaN,
        "Total Revenue": 0.0,
        "Operating Revenue": 0.0
    },
    "2024-03-31": {
        "Tax Effect Of Unusual Items": 0.0,
        "Tax Rate For Calcs": 0.0,
        "Normalized EBITDA": -8888000.0,
        "Total Unusual Items": -195000.0,
        "Total Unusual Items Excluding Goodwill": -195000.0,
        "Net Income From Continuing Operation Net Minority Interest": -9151000.0,
        "Reconciled Depreciation": 58000.0,
        "EBITDA": -9083000.0,
        "EBIT": -9141000.0,
        "Net Interest Income": -10000.0,
        "Interest Expense": 10000.0,
        "Normalized Income": -8956000.0,
        "Net Income From Continuing And Discontinued Operation": -9151000.0,
        "Total Expenses": 9190000.0,
        "Total Operating Income As Reported": -14102000.0,
        "Diluted Average Shares": 33735269.0,
        "Basic Average Shares": 33735269.0,
        "Diluted EPS": -0.27,
        "Basic EPS": -0.27,
        "Diluted NI Availto Com Stockholders": -9151000.0,
        "Net Income Common Stockholders": -9151000.0,
        "Net Income": -9151000.0,
        "Net Income Including Noncontrolling Interests": -9151000.0,
        "Net Income Continuous Operations": -9151000.0,
        "Tax Provision": NaN,
        "Pretax Income": -9151000.0,
        "Other Income Expense": 49000.0,
        "Other Non Operating Income Expenses": 244000.0,
        "Special Income Charges": -195000.0,
        "Gain On Sale Of Business": -195000.0,
        "Net Non Operating Interest Income Expense": -10000.0,
        "Interest Expense Non Operating": 10000.0,
        "Operating Income": -9190000.0,
        "Operating Expense": 9190000.0,
        "Other Operating Expenses": -4912000.0,
        "Research And Development": 10553000.0,
        "Selling General And Administration": 3549000.0,
        "General And Administrative Expense": 3549000.0,
        "Other Gand A": 3549000.0,
        "Salaries And Wages": NaN,
        "Total Revenue": 0.0,
        "Operating Revenue": 0.0
    },
    "2024-06-30": {
        "Tax Effect Of Unusual Items": 0.0,
        "Tax Rate For Calcs": 0.0,
        "Normalized EBITDA": -6967000.0,
        "Total Unusual Items": 0.0,
        "Total Unusual Items Excluding Goodwill": 0.0,
        "Net Income From Continuing Operation Net Minority Interest": -7041000.0,
        "Reconciled Depreciation": 67000.0,
        "EBITDA": -6967000.0,
        "EBIT": -7034000.0,
        "Net Interest Income": -7000.0,
        "Interest Expense": 7000.0,
        "Normalized Income": -7041000.0,
        "Net Income From Continuing And Discontinued Operation": -7041000.0,
        "Total Expenses": 7367000.0,
        "Total Operating Income As Reported": -14678000.0,
        "Diluted Average Shares": 40062954.0,
        "Basic Average Shares": 40062954.0,
        "Diluted EPS": -0.18,
        "Basic EPS": -0.18,
        "Diluted NI Availto Com Stockholders": -7041000.0,
        "Net Income Common Stockholders": -7041000.0,
        "Net Income": -7041000.0,
        "Net Income Including Noncontrolling Interests": -7041000.0,
        "Net Income Continuous Operations": -7041000.0,
        "Tax Provision": NaN,
        "Pretax Income": -7041000.0,
        "Other Income Expense": 333000.0,
        "Other Non Operating Income Expenses": 333000.0,
        "Special Income Charges": 0.0,
        "Gain On Sale Of Business": 0.0,
        "Net Non Operating Interest Income Expense": -7000.0,
        "Interest Expense Non Operating": 7000.0,
        "Operating Income": -7367000.0,
        "Operating Expense": 7367000.0,
        "Other Operating Expenses": -7311000.0,
        "Research And Development": 11577000.0,
        "Selling General And Administration": 3101000.0,
        "General And Administrative Expense": 3101000.0,
        "Other Gand A": 3101000.0,
        "Salaries And Wages": NaN,
        "Total Revenue": 0.0,
        "Operating Revenue": 0.0
    },
    "2024-09-30": {
        "Tax Effect Of Unusual Items": 0.0,
        "Tax Rate For Calcs": 0.0,
        "Normalized EBITDA": -9864000.0,
        "Total Unusual Items": 0.0,
        "Total Unusual Items Excluding Goodwill": 0.0,
        "Net Income From Continuing Operation Net Minority Interest": -9937000.0,
        "Reconciled Depreciation": 70000.0,
        "EBITDA": -9864000.0,
        "EBIT": -9934000.0,
        "Net Interest Income": -3000.0,
        "Interest Expense": 3000.0,
        "Normalized Income": -9937000.0,
        "Net Income From Continuing And Discontinued Operation": -9937000.0,
        "Total Expenses": 10170000.0,
        "Total Operating Income As Reported": -14463000.0,
        "Diluted Average Shares": 40418065.0,
        "Basic Average Shares": 40418065.0,
        "Diluted EPS": -0.25,
        "Basic EPS": -0.25,
        "Diluted NI Availto Com Stockholders": -9937000.0,
        "Net Income Common Stockholders": -9937000.0,
        "Net Income": -9937000.0,
        "Net Income Including Noncontrolling Interests": -9937000.0,
        "Net Income Continuous Operations": -9937000.0,
        "Tax Provision": NaN,
        "Pretax Income": -9937000.0,
        "Other Income Expense": 236000.0,
        "Other Non Operating Income Expenses": 236000.0,
        "Special Income Charges": 0.0,
        "Gain On Sale Of Business": 0.0,
        "Net Non Operating Interest Income Expense": -3000.0,
        "Interest Expense Non Operating": 3000.0,
        "Operating Income": -10170000.0,
        "Operating Expense": 10170000.0,
        "Other Operating Expenses": -4293000.0,
        "Research And Development": 11392000.0,
        "Selling General And Administration": 3071000.0,
        "General And Administrative Expense": 3071000.0,
        "Other Gand A": 3071000.0,
        "Salaries And Wages": NaN,
        "Total Revenue": 0.0,
        "Operating Revenue": 0.0
    }
}