{
    "2023-03-31": {
        "Tax Effect Of Unusual Items": 0.0,
        "Tax Rate For Calcs": 0.135,
        "Normalized EBITDA": 185413000.0,
        "Net Income From Continuing Operation Net Minority Interest": 114891000.0,
        "Reconciled Depreciation": 24380000.0,
        "Reconciled Cost Of Revenue": 4309136000.0,
        "EBITDA": 185413000.0,
        "EBIT": 161033000.0,
        "Net Interest Income": -28265000.0,
        "Interest Expense": 28265000.0,
        "Normalized Income": 114891000.0,
        "Net Income From Continuing And Discontinued Operation": 114891000.0,
        "Total Expenses": 4450637000.0,
        "Total Operating Income As Reported": 161033000.0,
        "Diluted Average Shares": 119909000.0,
        "Basic Average Shares": 118636000.0,
        "Diluted EPS": 0.96,
        "Basic EPS": 0.97,
        "Diluted NI Availto Com Stockholders": 114891000.0,
        "Net Income Common Stockholders": 114891000.0,
        "Net Income": 114891000.0,
        "Net Income Including Noncontrolling Interests": 114891000.0,
        "Net Income Continuous Operations": 114891000.0,
        "Tax Provision": 17877000.0,
        "Pretax Income": 132768000.0,
        "Net Non Operating Interest Income Expense": -28265000.0,
        "Total Other Finance Cost": 28265000.0,
        "Interest Expense Non Operating": 28265000.0,
        "Operating Income": 161033000.0,
        "Operating Expense": 141501000.0,
        "Selling General And Administration": 141501000.0,
        "Gross Profit": 302534000.0,
        "Cost Of Revenue": 4309136000.0,
        "Total Revenue": 4611670000.0,
        "Operating Revenue": 4611670000.0
    },
    "2022-12-31": {
        "Tax Effect Of Unusual Items": 0.0,
        "Tax Rate For Calcs": 0.209,
        "Normalized EBITDA": 188087000.0,
        "Net Income From Continuing Operation Net Minority Interest": 96193000.0,
        "Reconciled Depreciation": 24053000.0,
        "Reconciled Cost Of Revenue": 4725957000.0,
        "EBITDA": 188087000.0,
        "EBIT": 164034000.0,
        "Net Interest Income": -42476000.0,
        "Interest Expense": 42476000.0,
        "Normalized Income": 96193000.0,
        "Net Income From Continuing And Discontinued Operation": 96193000.0,
        "Total Expenses": 4902787000.0,
        "Total Operating Income As Reported": 164034000.0,
        "Diluted Average Shares": 120472000.0,
        "Basic Average Shares": 119212000.0,
        "Diluted EPS": 0.8,
        "Basic EPS": 0.81,
        "Diluted NI Availto Com Stockholders": 96193000.0,
        "Net Income Common Stockholders": 96193000.0,
        "Net Income": 96193000.0,
        "Net Income Including Noncontrolling Interests": 96193000.0,
        "Net Income Continuous Operations": 96193000.0,
        "Tax Provision": 25365000.0,
        "Pretax Income": 121558000.0,
        "Net Non Operating Interest Income Expense": -42476000.0,
        "Total Other Finance Cost": 42476000.0,
        "Interest Expense Non Operating": 42476000.0,
        "Operating Income": 164034000.0,
        "Operating Expense": 176830000.0,
        "Selling General And Administration": 176830000.0,
        "Gross Profit": 340864000.0,
        "Cost Of Revenue": 4725957000.0,
        "Total Revenue": 5066821000.0,
        "Operating Revenue": 5066821000.0
    },
    "2022-09-30": {
        "Tax Effect Of Unusual Items": 0.0,
        "Tax Rate For Calcs": 0.169,
        "Normalized EBITDA": 310584000.0,
        "Net Income From Continuing Operation Net Minority Interest": 225798000.0,
        "Reconciled Depreciation": 22975000.0,
        "Reconciled Cost Of Revenue": 5565727000.0,
        "EBITDA": 310584000.0,
        "EBIT": 287609000.0,
        "Net Interest Income": -15972000.0,
        "Interest Expense": NaN,
        "Normalized Income": 225798000.0,
        "Net Income From Continuing And Discontinued Operation": 225798000.0,
        "Total Expenses": 5727767000.0,
        "Total Operating Income As Reported": 287609000.0,
        "Diluted Average Shares": 127190000.0,
        "Basic Average Shares": 124980000.0,
        "Diluted EPS": 1.78,
        "Basic EPS": 1.81,
        "Diluted NI Availto Com Stockholders": 225798000.0,
        "Net Income Common Stockholders": 225798000.0,
        "Net Income": 225798000.0,
        "Net Income Including Noncontrolling Interests": 225798000.0,
        "Net Income Continuous Operations": 225798000.0,
        "Tax Provision": 45839000.0,
        "Pretax Income": 271637000.0,
        "Net Non Operating Interest Income Expense": -15972000.0,
        "Total Other Finance Cost": 15972000.0,
        "Interest Expense Non Operating": NaN,
        "Operating Income": 287609000.0,
        "Operating Expense": 162040000.0,
        "Selling General And Administration": 162040000.0,
        "Gross Profit": 449649000.0,
        "Cost Of Revenue": 5565727000.0,
        "Total Revenue": 6015376000.0,
        "Operating Revenue": 6015376000.0
    },
    "2022-06-30": {
        "Tax Effect Of Unusual Items": 0.0,
        "Tax Rate For Calcs": 0.213,
        "Normalized EBITDA": 492927000.0,
        "Net Income From Continuing Operation Net Minority Interest": 348185000.0,
        "Reconciled Depreciation": 23262000.0,
        "Reconciled Cost Of Revenue": 6211626000.0,
        "EBITDA": 492927000.0,
        "EBIT": 469665000.0,
        "Net Interest Income": -27395000.0,
        "Interest Expense": NaN,
        "Normalized Income": 348185000.0,
        "Net Income From Continuing And Discontinued Operation": 348185000.0,
        "Total Expenses": 6328810000.0,
        "Total Operating Income As Reported": 469665000.0,
        "Diluted Average Shares": 130338000.0,
        "Basic Average Shares": 128405000.0,
        "Diluted EPS": 2.67,
        "Basic EPS": 2.71,
        "Diluted NI Availto Com Stockholders": 348185000.0,
        "Net Income Common Stockholders": 348185000.0,
        "Net Income": 348185000.0,
        "Net Income Including Noncontrolling Interests": 348185000.0,
        "Net Income Continuous Operations": 348185000.0,
        "Tax Provision": 94085000.0,
        "Pretax Income": 442270000.0,
        "Net Non Operating Interest Income Expense": -27395000.0,
        "Total Other Finance Cost": 27395000.0,
        "Interest Expense Non Operating": NaN,
        "Operating Income": 469665000.0,
        "Operating Expense": 117184000.0,
        "Selling General And Administration": 117184000.0,
        "Gross Profit": 586849000.0,
        "Cost Of Revenue": 6211626000.0,
        "Total Revenue": 6798475000.0,
        "Operating Revenue": 6798475000.0
    },
    "2023-06-30": {
        "Tax Effect Of Unusual Items": 0.0,
        "Tax Rate For Calcs": 0.149,
        "Normalized EBITDA": 158598000.0,
        "Net Income From Continuing Operation Net Minority Interest": 97316000.0,
        "Reconciled Depreciation": 25975000.0,
        "Reconciled Cost Of Revenue": 4133637000.0,
        "EBITDA": 158598000.0,
        "EBIT": 132623000.0,
        "Net Interest Income": -18259000.0,
        "Interest Expense": 18259000.0,
        "Normalized Income": 97316000.0,
        "Net Income From Continuing And Discontinued Operation": 97316000.0,
        "Total Expenses": 4289233000.0,
        "Total Operating Income As Reported": 132623000.0,
        "Diluted Average Shares": 119807000.0,
        "Basic Average Shares": 118500000.0,
        "Diluted EPS": 0.81,
        "Basic EPS": 0.82,
        "Diluted NI Availto Com Stockholders": 97316000.0,
        "Net Income Common Stockholders": 97316000.0,
        "Net Income": 97316000.0,
        "Net Income Including Noncontrolling Interests": 97316000.0,
        "Net Income Continuous Operations": 97316000.0,
        "Tax Provision": 17048000.0,
        "Pretax Income": 114364000.0,
        "Net Non Operating Interest Income Expense": -18259000.0,
        "Total Other Finance Cost": 18259000.0,
        "Interest Expense Non Operating": 18259000.0,
        "Operating Income": 132623000.0,
        "Operating Expense": 155596000.0,
        "Selling General And Administration": 155596000.0,
        "Gross Profit": 288219000.0,
        "Cost Of Revenue": 4133637000.0,
        "Total Revenue": 4421856000.0,
        "Operating Revenue": 4421856000.0
    },
    "2022-03-31": {
        "Diluted EPS": 2.05,
        "Total Revenue": NaN,
        "Gross Profit": 906,
        "Operating Income": 345,
        "EBIT": 368,
        "Net Income": 270
    },
    "2021-12-31": {
        "Diluted EPS": 1.74,
        "Total Revenue": NaN,
        "Gross Profit": 856,
        "Operating Income": 287,
        "EBIT": 310,
        "Net Income": 230
    },
    "2021-09-30": {
        "Diluted EPS": 1.85,
        "Total Revenue": NaN,
        "Gross Profit": 844,
        "Operating Income": 311,
        "EBIT": 333,
        "Net Income": 247
    },
    "2021-06-30": {
        "Diluted EPS": 1.44,
        "Total Revenue": NaN,
        "Gross Profit": 749,
        "Operating Income": 261,
        "EBIT": 284,
        "Net Income": 194
    },
    "2021-03-31": {
        "Diluted EPS": 1.28,
        "Total Revenue": NaN,
        "Gross Profit": 702,
        "Operating Income": 223,
        "EBIT": 247,
        "Net Income": 173
    },
    "2020-12-31": {
        "Diluted EPS": 1.09,
        "Total Revenue": NaN,
        "Gross Profit": 641,
        "Operating Income": 207,
        "EBIT": 231,
        "Net Income": 148
    },
    "2020-09-30": {
        "Diluted EPS": 1.0,
        "Total Revenue": NaN,
        "Gross Profit": 589,
        "Operating Income": 168,
        "EBIT": 195,
        "Net Income": 137
    },
    "2020-06-30": {
        "Diluted EPS": 1.06,
        "Total Revenue": NaN,
        "Gross Profit": 614,
        "Operating Income": 189,
        "EBIT": 215,
        "Net Income": 144
    },
    "2020-03-31": {
        "Diluted EPS": 0.57,
        "Total Revenue": NaN,
        "Gross Profit": 568,
        "Operating Income": 109,
        "EBIT": 134,
        "Net Income": 78
    },
    "2019-12-31": {
        "Diluted EPS": 0.74,
        "Total Revenue": NaN,
        "Gross Profit": 579,
        "Operating Income": 137,
        "EBIT": 162,
        "Net Income": 99
    },
    "2019-09-30": {
        "Diluted EPS": 1.07,
        "Total Revenue": NaN,
        "Gross Profit": 633,
        "Operating Income": 201,
        "EBIT": 227,
        "Net Income": 147
    },
    "2019-06-30": {
        "Diluted EPS": 1.22,
        "Total Revenue": NaN,
        "Gross Profit": 695,
        "Operating Income": 228,
        "EBIT": 253,
        "Net Income": 169
    },
    "2019-03-31": {
        "Diluted EPS": 1.16,
        "Total Revenue": NaN,
        "Gross Profit": 679,
        "Operating Income": 225,
        "EBIT": 249,
        "Net Income": 162
    },
    "2018-12-31": {
        "Diluted EPS": 1.34,
        "Total Revenue": NaN,
        "Gross Profit": 714,
        "Operating Income": 256,
        "EBIT": 280,
        "Net Income": 187
    },
    "2018-09-30": {
        "Diluted EPS": 1.25,
        "Total Revenue": NaN,
        "Gross Profit": 694,
        "Operating Income": 246,
        "EBIT": 270,
        "Net Income": 176
    },
    "2018-06-30": {
        "Diluted EPS": 1.13,
        "Total Revenue": NaN,
        "Gross Profit": 671,
        "Operating Income": 219,
        "EBIT": 243,
        "Net Income": 159
    },
    "2018-03-31": {
        "Diluted EPS": 1.01,
        "Total Revenue": NaN,
        "Gross Profit": 626,
        "Operating Income": 192,
        "EBIT": 216,
        "Net Income": 142
    },
    "2017-12-31": {
        "Diluted EPS": 1.08,
        "Total Revenue": NaN,
        "Gross Profit": 632,
        "Operating Income": 211,
        "EBIT": 235,
        "Net Income": 153
    },
    "2017-09-30": {
        "Diluted EPS": 0.85,
        "Total Revenue": NaN,
        "Gross Profit": 594,
        "Operating Income": 194,
        "EBIT": 218,
        "Net Income": 119
    },
    "2017-06-30": {
        "Diluted EPS": 0.78,
        "Total Revenue": NaN,
        "Gross Profit": 574,
        "Operating Income": 182,
        "EBIT": 205,
        "Net Income": 111
    },
    "2017-03-31": {
        "Diluted EPS": 0.86,
        "Total Revenue": NaN,
        "Gross Profit": 569,
        "Operating Income": 188,
        "EBIT": 210,
        "Net Income": 122
    },
    "2016-12-31": {
        "Diluted EPS": 0.86,
        "Total Revenue": NaN,
        "Gross Profit": 562,
        "Operating Income": 194,
        "EBIT": 216,
        "Net Income": 122
    },
    "2016-09-30": {
        "Diluted EPS": 0.9,
        "Total Revenue": NaN,
        "Gross Profit": 558,
        "Operating Income": 211,
        "EBIT": 229,
        "Net Income": 129
    },
    "2016-06-30": {
        "Diluted EPS": 1.0,
        "Total Revenue": NaN,
        "Gross Profit": 594,
        "Operating Income": 234,
        "EBIT": 252,
        "Net Income": 143
    },
    "2016-03-31": {
        "Diluted EPS": 0.83,
        "Total Revenue": NaN,
        "Gross Profit": 563,
        "Operating Income": 199,
        "EBIT": 216,
        "Net Income": 119
    },
    "2015-12-31": {
        "Diluted EPS": 0.88,
        "Total Revenue": NaN,
        "Gross Profit": 571,
        "Operating Income": 215,
        "EBIT": 231,
        "Net Income": 127
    },
    "2015-09-30": {
        "Diluted EPS": 0.96,
        "Total Revenue": NaN,
        "Gross Profit": 589,
        "Operating Income": 233,
        "EBIT": 250,
        "Net Income": 139
    },
    "2015-06-30": {
        "Diluted EPS": 0.94,
        "Total Revenue": NaN,
        "Gross Profit": 584,
        "Operating Income": 229,
        "EBIT": 246,
        "Net Income": 137
    },
    "2015-03-31": {
        "Diluted EPS": 0.73,
        "Total Revenue": NaN,
        "Gross Profit": 525,
        "Operating Income": 182,
        "EBIT": 198,
        "Net Income": 106
    },
    "2014-12-31": {
        "Diluted EPS": 0.77,
        "Total Revenue": NaN,
        "Gross Profit": 502,
        "Operating Income": 188,
        "EBIT": 201,
        "Net Income": 113
    },
    "2014-09-30": {
        "Diluted EPS": 0.85,
        "Total Revenue": NaN,
        "Gross Profit": 528,
        "Operating Income": 203,
        "EBIT": 217,
        "Net Income": 125
    },
    "2014-06-30": {
        "Diluted EPS": 0.8,
        "Total Revenue": NaN,
        "Gross Profit": 521,
        "Operating Income": 200,
        "EBIT": 215,
        "Net Income": 119
    },
    "2014-03-31": {
        "Diluted EPS": 0.63,
        "Total Revenue": NaN,
        "Gross Profit": 457,
        "Operating Income": 157,
        "EBIT": 172,
        "Net Income": 93
    },
    "2013-12-31": {
        "Diluted EPS": 0.62,
        "Total Revenue": NaN,
        "Gross Profit": 444,
        "Operating Income": 155,
        "EBIT": 170,
        "Net Income": 93
    },
    "2013-09-30": {
        "Diluted EPS": 0.69,
        "Total Revenue": NaN,
        "Gross Profit": 463,
        "Operating Income": 176,
        "EBIT": 190,
        "Net Income": 108
    },
    "2013-06-30": {
        "Diluted EPS": 0.7,
        "Total Revenue": NaN,
        "Gross Profit": 473,
        "Operating Income": 182,
        "EBIT": 197,
        "Net Income": 112
    },
    "2013-03-31": {
        "Diluted EPS": 0.64,
        "Total Revenue": NaN,
        "Gross Profit": 456,
        "Operating Income": 169,
        "EBIT": 183,
        "Net Income": 103
    },
    "2012-12-31": {
        "Diluted EPS": 1.59,
        "Total Revenue": NaN,
        "Gross Profit": 445,
        "Operating Income": 134,
        "EBIT": 146,
        "Net Income": 256
    },
    "2012-09-30": {
        "Diluted EPS": 0.72,
        "Total Revenue": NaN,
        "Gross Profit": 433,
        "Operating Income": 187,
        "EBIT": 196,
        "Net Income": 116
    },
    "2012-06-30": {
        "Diluted EPS": 0.71,
        "Total Revenue": NaN,
        "Gross Profit": 426,
        "Operating Income": 185,
        "EBIT": 194,
        "Net Income": 115
    },
    "2012-03-31": {
        "Diluted EPS": 0.65,
        "Total Revenue": NaN,
        "Gross Profit": 415,
        "Operating Income": 170,
        "EBIT": 178,
        "Net Income": 107
    },
    "2011-12-31": {
        "Diluted EPS": 0.66,
        "Total Revenue": NaN,
        "Gross Profit": 401,
        "Operating Income": 172,
        "EBIT": 181,
        "Net Income": 109
    },
    "2011-09-30": {
        "Diluted EPS": 0.7,
        "Total Revenue": NaN,
        "Gross Profit": 423,
        "Operating Income": 184,
        "EBIT": 192,
        "Net Income": 114
    },
    "2011-06-30": {
        "Diluted EPS": 0.67,
        "Total Revenue": NaN,
        "Gross Profit": 418,
        "Operating Income": 180,
        "EBIT": 188,
        "Net Income": 111
    },
    "2011-03-31": {
        "Diluted EPS": 0.59,
        "Total Revenue": NaN,
        "Gross Profit": 390,
        "Operating Income": 157,
        "EBIT": 164,
        "Net Income": 97
    },
    "2010-12-31": {
        "Diluted EPS": 0.62,
        "Total Revenue": NaN,
        "Gross Profit": 388,
        "Operating Income": 164,
        "EBIT": 171,
        "Net Income": 103
    },
    "2010-09-30": {
        "Diluted EPS": 0.62,
        "Total Revenue": NaN,
        "Gross Profit": 383,
        "Operating Income": 166,
        "EBIT": 174,
        "Net Income": 103
    },
    "2010-06-30": {
        "Diluted EPS": 0.59,
        "Total Revenue": NaN,
        "Gross Profit": 365,
        "Operating Income": 156,
        "EBIT": 164,
        "Net Income": 97
    },
    "2010-03-31": {
        "Diluted EPS": 0.5,
        "Total Revenue": NaN,
        "Gross Profit": 333,
        "Operating Income": 136,
        "EBIT": 144,
        "Net Income": 84
    },
    "2009-12-31": {
        "Diluted EPS": 0.52,
        "Total Revenue": NaN,
        "Gross Profit": 339,
        "Operating Income": 143,
        "EBIT": 151,
        "Net Income": 88
    },
    "2009-09-30": {
        "Diluted EPS": 0.57,
        "Total Revenue": NaN,
        "Gross Profit": 353,
        "Operating Income": 155,
        "EBIT": 162,
        "Net Income": 95
    },
    "2009-06-30": {
        "Diluted EPS": 0.54,
        "Total Revenue": NaN,
        "Gross Profit": 352,
        "Operating Income": 150,
        "EBIT": 157,
        "Net Income": 92
    },
    "2009-03-31": {
        "Diluted EPS": 0.5,
        "Total Revenue": NaN,
        "Gross Profit": 339,
        "Operating Income": 137,
        "EBIT": 145,
        "Net Income": 85
    },
    "2023-09-30": {
        "Tax Effect Of Unusual Items": 0.0,
        "Tax Rate For Calcs": 0.117,
        "Normalized EBITDA": 139066000.0,
        "Net Income From Continuing Operation Net Minority Interest": 81949000.0,
        "Reconciled Depreciation": 25544000.0,
        "Reconciled Cost Of Revenue": 4049713000.0,
        "EBITDA": 139066000.0,
        "EBIT": 113522000.0,
        "Net Interest Income": -20748000.0,
        "Interest Expense": 20748000.0,
        "Normalized Income": 81949000.0,
        "Net Income From Continuing And Discontinued Operation": 81949000.0,
        "Total Expenses": 4227508000.0,
        "Total Operating Income As Reported": 113522000.0,
        "Diluted Average Shares": 119751000.0,
        "Basic Average Shares": 118464000.0,
        "Diluted EPS": 0.68,
        "Basic EPS": 0.69,
        "Diluted NI Availto Com Stockholders": 81949000.0,
        "Net Income Common Stockholders": 81949000.0,
        "Net Income": 81949000.0,
        "Net Income Including Noncontrolling Interests": 81949000.0,
        "Net Income Continuous Operations": 81949000.0,
        "Tax Provision": 10825000.0,
        "Pretax Income": 92774000.0,
        "Net Non Operating Interest Income Expense": -20748000.0,
        "Total Other Finance Cost": NaN,
        "Interest Expense Non Operating": 20748000.0,
        "Operating Income": 113522000.0,
        "Operating Expense": 177795000.0,
        "Selling General And Administration": 177795000.0,
        "Gross Profit": 291317000.0,
        "Cost Of Revenue": 4049713000.0,
        "Total Revenue": 4341030000.0,
        "Operating Revenue": 4341030000.0
    }
}