{
    "2023-03-31": {
        "Tax Effect Of Unusual Items": NaN,
        "Tax Rate For Calcs": NaN,
        "Normalized EBITDA": NaN,
        "Total Unusual Items": NaN,
        "Total Unusual Items Excluding Goodwill": NaN,
        "Net Income From Continuing Operation Net Minority Interest": NaN,
        "Reconciled Depreciation": NaN,
        "Reconciled Cost Of Revenue": NaN,
        "EBITDA": NaN,
        "EBIT": NaN,
        "Net Interest Income": NaN,
        "Interest Expense": NaN,
        "Interest Income": NaN,
        "Normalized Income": NaN,
        "Net Income From Continuing And Discontinued Operation": NaN,
        "Total Expenses": NaN,
        "Total Operating Income As Reported": NaN,
        "Diluted Average Shares": NaN,
        "Basic Average Shares": NaN,
        "Diluted EPS": NaN,
        "Basic EPS": NaN,
        "Diluted NI Availto Com Stockholders": NaN,
        "Average Dilution Earnings": NaN,
        "Net Income Common Stockholders": NaN,
        "Net Income": NaN,
        "Minority Interests": NaN,
        "Net Income Including Noncontrolling Interests": NaN,
        "Net Income Continuous Operations": NaN,
        "Tax Provision": NaN,
        "Pretax Income": NaN,
        "Other Income Expense": NaN,
        "Other Non Operating Income Expenses": NaN,
        "Special Income Charges": NaN,
        "Gain On Sale Of Ppe": NaN,
        "Gain On Sale Of Business": NaN,
        "Earnings From Equity Interest": NaN,
        "Gain On Sale Of Security": NaN,
        "Net Non Operating Interest Income Expense": NaN,
        "Total Other Finance Cost": 4000.0,
        "Interest Expense Non Operating": NaN,
        "Interest Income Non Operating": NaN,
        "Operating Income": NaN,
        "Operating Expense": NaN,
        "Other Operating Expenses": NaN,
        "Provision For Doubtful Accounts": NaN,
        "Research And Development": NaN,
        "Selling General And Administration": NaN,
        "Selling And Marketing Expense": NaN,
        "General And Administrative Expense": NaN,
        "Other Gand A": NaN,
        "Gross Profit": NaN,
        "Cost Of Revenue": NaN,
        "Total Revenue": NaN,
        "Operating Revenue": NaN
    },
    "2022-12-31": {
        "Tax Effect Of Unusual Items": NaN,
        "Tax Rate For Calcs": NaN,
        "Normalized EBITDA": NaN,
        "Total Unusual Items": NaN,
        "Total Unusual Items Excluding Goodwill": NaN,
        "Net Income From Continuing Operation Net Minority Interest": NaN,
        "Reconciled Depreciation": NaN,
        "Reconciled Cost Of Revenue": NaN,
        "EBITDA": NaN,
        "EBIT": NaN,
        "Net Interest Income": NaN,
        "Interest Expense": NaN,
        "Interest Income": NaN,
        "Normalized Income": NaN,
        "Net Income From Continuing And Discontinued Operation": NaN,
        "Total Expenses": NaN,
        "Total Operating Income As Reported": NaN,
        "Diluted Average Shares": NaN,
        "Basic Average Shares": NaN,
        "Diluted EPS": NaN,
        "Basic EPS": NaN,
        "Diluted NI Availto Com Stockholders": NaN,
        "Average Dilution Earnings": NaN,
        "Net Income Common Stockholders": NaN,
        "Net Income": NaN,
        "Minority Interests": NaN,
        "Net Income Including Noncontrolling Interests": NaN,
        "Net Income Continuous Operations": NaN,
        "Tax Provision": NaN,
        "Pretax Income": NaN,
        "Other Income Expense": NaN,
        "Other Non Operating Income Expenses": NaN,
        "Special Income Charges": NaN,
        "Gain On Sale Of Ppe": NaN,
        "Gain On Sale Of Business": -14000000.0,
        "Earnings From Equity Interest": NaN,
        "Gain On Sale Of Security": NaN,
        "Net Non Operating Interest Income Expense": NaN,
        "Total Other Finance Cost": NaN,
        "Interest Expense Non Operating": NaN,
        "Interest Income Non Operating": NaN,
        "Operating Income": NaN,
        "Operating Expense": NaN,
        "Other Operating Expenses": NaN,
        "Provision For Doubtful Accounts": NaN,
        "Research And Development": NaN,
        "Selling General And Administration": NaN,
        "Selling And Marketing Expense": NaN,
        "General And Administrative Expense": NaN,
        "Other Gand A": NaN,
        "Gross Profit": NaN,
        "Cost Of Revenue": NaN,
        "Total Revenue": NaN,
        "Operating Revenue": NaN
    },
    "2022-09-30": {
        "Tax Effect Of Unusual Items": NaN,
        "Tax Rate For Calcs": NaN,
        "Normalized EBITDA": NaN,
        "Total Unusual Items": NaN,
        "Total Unusual Items Excluding Goodwill": NaN,
        "Net Income From Continuing Operation Net Minority Interest": NaN,
        "Reconciled Depreciation": NaN,
        "Reconciled Cost Of Revenue": NaN,
        "EBITDA": NaN,
        "EBIT": NaN,
        "Net Interest Income": NaN,
        "Interest Expense": NaN,
        "Interest Income": NaN,
        "Normalized Income": NaN,
        "Net Income From Continuing And Discontinued Operation": NaN,
        "Total Expenses": NaN,
        "Total Operating Income As Reported": NaN,
        "Diluted Average Shares": NaN,
        "Basic Average Shares": NaN,
        "Diluted EPS": NaN,
        "Basic EPS": NaN,
        "Diluted NI Availto Com Stockholders": NaN,
        "Average Dilution Earnings": NaN,
        "Net Income Common Stockholders": NaN,
        "Net Income": NaN,
        "Minority Interests": NaN,
        "Net Income Including Noncontrolling Interests": NaN,
        "Net Income Continuous Operations": NaN,
        "Tax Provision": NaN,
        "Pretax Income": NaN,
        "Other Income Expense": NaN,
        "Other Non Operating Income Expenses": NaN,
        "Special Income Charges": NaN,
        "Gain On Sale Of Ppe": NaN,
        "Gain On Sale Of Business": 0.0,
        "Earnings From Equity Interest": NaN,
        "Gain On Sale Of Security": NaN,
        "Net Non Operating Interest Income Expense": NaN,
        "Total Other Finance Cost": 4000.0,
        "Interest Expense Non Operating": NaN,
        "Interest Income Non Operating": NaN,
        "Operating Income": NaN,
        "Operating Expense": NaN,
        "Other Operating Expenses": NaN,
        "Provision For Doubtful Accounts": NaN,
        "Research And Development": NaN,
        "Selling General And Administration": NaN,
        "Selling And Marketing Expense": NaN,
        "General And Administrative Expense": NaN,
        "Other Gand A": NaN,
        "Gross Profit": NaN,
        "Cost Of Revenue": NaN,
        "Total Revenue": NaN,
        "Operating Revenue": NaN
    },
    "2022-06-30": {
        "Tax Effect Of Unusual Items": 40323659.408723,
        "Tax Rate For Calcs": 0.197347,
        "Normalized EBITDA": 22306809000.0,
        "Total Unusual Items": 204329000.0,
        "Total Unusual Items Excluding Goodwill": 204329000.0,
        "Net Income From Continuing Operation Net Minority Interest": 9656841000.0,
        "Reconciled Depreciation": 9943300000.0,
        "Reconciled Cost Of Revenue": 32345819000.0,
        "EBITDA": 22511138000.0,
        "EBIT": 12567838000.0,
        "Net Interest Income": -1057000.0,
        "Interest Expense": 64940000.0,
        "Interest Income": 63883000.0,
        "Normalized Income": 9492835659.408724,
        "Net Income From Continuing And Discontinued Operation": 9656841000.0,
        "Total Expenses": 40256233000.0,
        "Total Operating Income As Reported": 12026012000.0,
        "Diluted Average Shares": 775915200.0,
        "Basic Average Shares": 775744700.0,
        "Diluted EPS": 12.4,
        "Basic EPS": 12.4,
        "Diluted NI Availto Com Stockholders": 9655941000.0,
        "Average Dilution Earnings": -900000.0,
        "Net Income Common Stockholders": 9656841000.0,
        "Net Income": 9656841000.0,
        "Minority Interests": -378651000.0,
        "Net Income Including Noncontrolling Interests": 10035492000.0,
        "Net Income Continuous Operations": 10035492000.0,
        "Tax Provision": 2467406000.0,
        "Pretax Income": 12502898000.0,
        "Other Income Expense": 474858000.0,
        "Other Non Operating Income Expenses": 64845000.0,
        "Special Income Charges": -3085000.0,
        "Gain On Sale Of Ppe": -3085000.0,
        "Gain On Sale Of Business": NaN,
        "Earnings From Equity Interest": 205684000.0,
        "Gain On Sale Of Security": 207414000.0,
        "Net Non Operating Interest Income Expense": -1057000.0,
        "Interest Expense Non Operating": 64940000.0,
        "Interest Income Non Operating": 63883000.0,
        "Operating Income": 12029097000.0,
        "Operating Expense": 7910414000.0,
        "Other Operating Expenses": -150380000.0,
        "Provision For Doubtful Accounts": -27801000.0,
        "Research And Development": 954127000.0,
        "Selling General And Administration": 7134468000.0,
        "Selling And Marketing Expense": 5591603000.0,
        "General And Administrative Expense": 1542865000.0,
        "Other Gand A": 1542865000.0,
        "Gross Profit": 19939511000.0,
        "Cost Of Revenue": 32345819000.0,
        "Total Revenue": 52285330000.0,
        "Operating Revenue": 52000296000.0
    },
    "2022-03-31": {
        "Diluted EPS": 0.42,
        "Total Revenue": NaN,
        "Gross Profit": 700,
        "Operating Income": 416,
        "EBIT": 762,
        "Net Income": 323
    },
    "2021-12-31": {
        "Diluted EPS": 0.4,
        "Total Revenue": NaN,
        "Gross Profit": 729,
        "Operating Income": 410,
        "EBIT": 766,
        "Net Income": 314
    },
    "2021-09-30": {
        "Diluted EPS": 0.43,
        "Total Revenue": NaN,
        "Gross Profit": 676,
        "Operating Income": 411,
        "EBIT": 758,
        "Net Income": 336
    },
    "2021-06-30": {
        "Diluted EPS": 0.41,
        "Total Revenue": NaN,
        "Gross Profit": 664,
        "Operating Income": 404,
        "EBIT": 748,
        "Net Income": 320
    },
    "2021-03-31": {
        "Diluted EPS": 0.4,
        "Total Revenue": NaN,
        "Gross Profit": 648,
        "Operating Income": 395,
        "EBIT": 733,
        "Net Income": 313
    },
    "2020-12-31": {
        "Diluted EPS": 0.44,
        "Total Revenue": NaN,
        "Gross Profit": 718,
        "Operating Income": 437,
        "EBIT": 813,
        "Net Income": 343
    },
    "2020-09-30": {
        "Diluted EPS": 0.37,
        "Total Revenue": NaN,
        "Gross Profit": 602,
        "Operating Income": 366,
        "EBIT": 696,
        "Net Income": 284
    },
    "2020-06-30": {
        "Diluted EPS": 0.37,
        "Total Revenue": NaN,
        "Gross Profit": 603,
        "Operating Income": 355,
        "EBIT": 651,
        "Net Income": 287
    },
    "2020-03-31": {
        "Diluted EPS": 0.36,
        "Total Revenue": NaN,
        "Gross Profit": 590,
        "Operating Income": 350,
        "EBIT": 642,
        "Net Income": 275
    },
    "2019-12-31": {
        "Diluted EPS": 0.32,
        "Total Revenue": NaN,
        "Gross Profit": 666,
        "Operating Income": 368,
        "EBIT": 698,
        "Net Income": 247
    },
    "2019-09-30": {
        "Diluted EPS": 0.33,
        "Total Revenue": NaN,
        "Gross Profit": 572,
        "Operating Income": 321,
        "EBIT": 602,
        "Net Income": 260
    },
    "2019-06-30": {
        "Diluted EPS": 0.42,
        "Total Revenue": NaN,
        "Gross Profit": 574,
        "Operating Income": 332,
        "EBIT": 613,
        "Net Income": 323
    },
    "2019-03-31": {
        "Diluted EPS": 0.35,
        "Total Revenue": NaN,
        "Gross Profit": 580,
        "Operating Income": 338,
        "EBIT": 623,
        "Net Income": 272
    },
    "2018-12-31": {
        "Diluted EPS": 0.43,
        "Total Revenue": NaN,
        "Gross Profit": 542,
        "Operating Income": 307,
        "EBIT": 569,
        "Net Income": 334
    },
    "2018-09-30": {
        "Diluted EPS": 0.34,
        "Total Revenue": NaN,
        "Gross Profit": 596,
        "Operating Income": 340,
        "EBIT": 583,
        "Net Income": 263
    },
    "2018-06-30": {
        "Diluted EPS": 0.43,
        "Total Revenue": NaN,
        "Gross Profit": 688,
        "Operating Income": 405,
        "EBIT": 668,
        "Net Income": 331
    },
    "2018-03-31": {
        "Diluted EPS": 0.38,
        "Total Revenue": NaN,
        "Gross Profit": 656,
        "Operating Income": 374,
        "EBIT": 647,
        "Net Income": 298
    },
    "2017-12-31": {
        "Diluted EPS": 0.41,
        "Total Revenue": NaN,
        "Gross Profit": 712,
        "Operating Income": 386,
        "EBIT": 671,
        "Net Income": 324
    },
    "2017-09-30": {
        "Diluted EPS": 0.43,
        "Total Revenue": NaN,
        "Gross Profit": 687,
        "Operating Income": 411,
        "EBIT": 669,
        "Net Income": 336
    },
    "2017-06-30": {
        "Diluted EPS": 0.45,
        "Total Revenue": NaN,
        "Gross Profit": 682,
        "Operating Income": 408,
        "EBIT": 681,
        "Net Income": 346
    },
    "2017-03-31": {
        "Diluted EPS": 0.4,
        "Total Revenue": NaN,
        "Gross Profit": 641,
        "Operating Income": 371,
        "EBIT": 632,
        "Net Income": 309
    },
    "2016-12-31": {
        "Diluted EPS": 0.33,
        "Total Revenue": NaN,
        "Gross Profit": 604,
        "Operating Income": 306,
        "EBIT": 539,
        "Net Income": 252
    },
    "2016-09-30": {
        "Diluted EPS": 0.39,
        "Total Revenue": NaN,
        "Gross Profit": 632,
        "Operating Income": 363,
        "EBIT": 630,
        "Net Income": 303
    },
    "2016-06-30": {
        "Diluted EPS": 0.44,
        "Total Revenue": NaN,
        "Gross Profit": 647,
        "Operating Income": 398,
        "EBIT": 654,
        "Net Income": 342
    },
    "2016-03-31": {
        "Diluted EPS": 0.46,
        "Total Revenue": NaN,
        "Gross Profit": 662,
        "Operating Income": 418,
        "EBIT": 664,
        "Net Income": 354
    },
    "2015-12-31": {
        "Diluted EPS": 0.35,
        "Total Revenue": 915,
        "Gross Profit": 422,
        "Operating Income": 245,
        "EBIT": 489,
        "Net Income": 277
    },
    "2015-09-30": {
        "Diluted EPS": 0.48,
        "Total Revenue": NaN,
        "Gross Profit": 697,
        "Operating Income": 439,
        "EBIT": 678,
        "Net Income": 369
    },
    "2015-06-30": {
        "Diluted EPS": 0.47,
        "Total Revenue": NaN,
        "Gross Profit": 684,
        "Operating Income": 423,
        "EBIT": 727,
        "Net Income": 361
    },
    "2015-03-31": {
        "Diluted EPS": 0.44,
        "Total Revenue": NaN,
        "Gross Profit": 682,
        "Operating Income": 428,
        "EBIT": 675,
        "Net Income": 341
    },
    "2014-12-31": {
        "Diluted EPS": 0.36,
        "Total Revenue": NaN,
        "Gross Profit": 724,
        "Operating Income": 497,
        "EBIT": 727,
        "Net Income": 270
    },
    "2014-09-30": {
        "Diluted EPS": 0.41,
        "Total Revenue": NaN,
        "Gross Profit": 632,
        "Operating Income": 349,
        "EBIT": 637,
        "Net Income": 320
    },
    "2014-06-30": {
        "Diluted EPS": 0.46,
        "Total Revenue": NaN,
        "Gross Profit": 696,
        "Operating Income": 417,
        "EBIT": 702,
        "Net Income": 353
    },
    "2014-03-31": {
        "Diluted EPS": 0.43,
        "Total Revenue": NaN,
        "Gross Profit": 668,
        "Operating Income": 399,
        "EBIT": 675,
        "Net Income": 338
    },
    "2013-12-31": {
        "Diluted EPS": 0.4,
        "Total Revenue": NaN,
        "Gross Profit": 613,
        "Operating Income": 309,
        "EBIT": 592,
        "Net Income": 308
    },
    "2013-09-30": {
        "Diluted EPS": 0.42,
        "Total Revenue": NaN,
        "Gross Profit": 728,
        "Operating Income": 449,
        "EBIT": 719,
        "Net Income": 328
    },
    "2013-06-30": {
        "Diluted EPS": 0.46,
        "Total Revenue": NaN,
        "Gross Profit": 680,
        "Operating Income": 415,
        "EBIT": 678,
        "Net Income": 355
    },
    "2013-03-31": {
        "Diluted EPS": 0.4,
        "Total Revenue": NaN,
        "Gross Profit": 639,
        "Operating Income": 369,
        "EBIT": 640,
        "Net Income": 309
    },
    "2012-12-31": {
        "Diluted EPS": 0.4,
        "Total Revenue": NaN,
        "Gross Profit": NaN,
        "Operating Income": NaN,
        "EBIT": NaN,
        "Net Income": 308
    },
    "2012-09-30": {
        "Diluted EPS": 0.45,
        "Total Revenue": NaN,
        "Gross Profit": NaN,
        "Operating Income": NaN,
        "EBIT": NaN,
        "Net Income": 349
    },
    "2012-06-30": {
        "Diluted EPS": 0.49,
        "Total Revenue": NaN,
        "Gross Profit": NaN,
        "Operating Income": NaN,
        "EBIT": NaN,
        "Net Income": 376
    },
    "2012-03-31": {
        "Diluted EPS": 0.42,
        "Total Revenue": NaN,
        "Gross Profit": 659,
        "Operating Income": 406,
        "EBIT": 680,
        "Net Income": 325
    },
    "2011-12-31": {
        "Diluted EPS": 0.44,
        "Total Revenue": NaN,
        "Gross Profit": NaN,
        "Operating Income": NaN,
        "EBIT": NaN,
        "Net Income": 339
    },
    "2011-09-30": {
        "Diluted EPS": 0.51,
        "Total Revenue": NaN,
        "Gross Profit": NaN,
        "Operating Income": NaN,
        "EBIT": NaN,
        "Net Income": 397
    },
    "2011-06-30": {
        "Diluted EPS": 0.59,
        "Total Revenue": NaN,
        "Gross Profit": NaN,
        "Operating Income": NaN,
        "EBIT": NaN,
        "Net Income": 458
    },
    "2011-03-31": {
        "Diluted EPS": 0.52,
        "Total Revenue": NaN,
        "Gross Profit": 754,
        "Operating Income": 506,
        "EBIT": 781,
        "Net Income": 410
    },
    "2010-12-31": {
        "Diluted EPS": 0.38,
        "Total Revenue": NaN,
        "Gross Profit": NaN,
        "Operating Income": NaN,
        "EBIT": NaN,
        "Net Income": 363
    },
    "2010-09-30": {
        "Diluted EPS": 0.5,
        "Total Revenue": NaN,
        "Gross Profit": 751,
        "Operating Income": 517,
        "EBIT": 517,
        "Net Income": 391
    },
    "2010-06-30": {
        "Diluted EPS": 0.51,
        "Total Revenue": NaN,
        "Gross Profit": NaN,
        "Operating Income": NaN,
        "EBIT": NaN,
        "Net Income": 411
    },
    "2010-03-31": {
        "Diluted EPS": 0.5,
        "Total Revenue": NaN,
        "Gross Profit": 842,
        "Operating Income": 612,
        "EBIT": 881,
        "Net Income": 386
    },
    "2009-12-31": {
        "Diluted EPS": 0.54,
        "Total Revenue": NaN,
        "Gross Profit": NaN,
        "Operating Income": NaN,
        "EBIT": NaN,
        "Net Income": 336
    },
    "2009-09-30": {
        "Diluted EPS": 0.04,
        "Total Revenue": NaN,
        "Gross Profit": NaN,
        "Operating Income": NaN,
        "EBIT": NaN,
        "Net Income": 335
    },
    "2009-06-30": {
        "Diluted EPS": 0.45,
        "Total Revenue": NaN,
        "Gross Profit": NaN,
        "Operating Income": NaN,
        "EBIT": NaN,
        "Net Income": 350
    },
    "2009-03-31": {
        "Diluted EPS": 0.41,
        "Total Revenue": NaN,
        "Gross Profit": 643,
        "Operating Income": 420,
        "EBIT": 686,
        "Net Income": 318
    },
    "2023-06-30": {
        "Tax Effect Of Unusual Items": 22657070.171869,
        "Tax Rate For Calcs": 0.193763,
        "Normalized EBITDA": 22549612000.0,
        "Total Unusual Items": 116932000.0,
        "Total Unusual Items Excluding Goodwill": 116932000.0,
        "Net Income From Continuing Operation Net Minority Interest": 9921274000.0,
        "Reconciled Depreciation": 9929223000.0,
        "Reconciled Cost Of Revenue": 33076273000.0,
        "EBITDA": 22666544000.0,
        "EBIT": 12737321000.0,
        "Net Interest Income": 123171000.0,
        "Interest Expense": 77661000.0,
        "Interest Income": 200832000.0,
        "Normalized Income": 9826999070.17187,
        "Net Income From Continuing And Discontinued Operation": 9921274000.0,
        "Total Expenses": 40963428000.0,
        "Total Operating Income As Reported": 12260638000.0,
        "Diluted Average Shares": 775913900.0,
        "Basic Average Shares": 775744700.0,
        "Diluted EPS": 12.8,
        "Basic EPS": 12.8,
        "Diluted NI Availto Com Stockholders": 9920625000.0,
        "Average Dilution Earnings": -649000.0,
        "Net Income Common Stockholders": 9921274000.0,
        "Net Income": 9921274000.0,
        "Minority Interests": -285415000.0,
        "Net Income Including Noncontrolling Interests": 10206689000.0,
        "Net Income Continuous Operations": 10206689000.0,
        "Tax Provision": 2452971000.0,
        "Pretax Income": 12659660000.0,
        "Other Income Expense": 277522000.0,
        "Other Non Operating Income Expenses": 40085000.0,
        "Special Income Charges": 1671000.0,
        "Gain On Sale Of Ppe": 1671000.0,
        "Gain On Sale Of Business": NaN,
        "Earnings From Equity Interest": 120505000.0,
        "Gain On Sale Of Security": 115261000.0,
        "Net Non Operating Interest Income Expense": 123171000.0,
        "Total Other Finance Cost": 4000.0,
        "Interest Expense Non Operating": 77661000.0,
        "Interest Income Non Operating": 200832000.0,
        "Operating Income": 12258967000.0,
        "Operating Expense": 7887155000.0,
        "Other Operating Expenses": -241256000.0,
        "Provision For Doubtful Accounts": -29559000.0,
        "Research And Development": 923220000.0,
        "Selling General And Administration": 7234750000.0,
        "Selling And Marketing Expense": 5603963000.0,
        "General And Administrative Expense": 1630787000.0,
        "Other Gand A": 1630787000.0,
        "Gross Profit": 20146122000.0,
        "Cost Of Revenue": 33076273000.0,
        "Total Revenue": 53222395000.0,
        "Operating Revenue": 52897772000.0
    },
    "2023-09-30": {
        "Tax Effect Of Unusual Items": -10885600.304825,
        "Tax Rate For Calcs": 0.194029,
        "Normalized EBITDA": 21687131000.0,
        "Total Unusual Items": -56103000.0,
        "Total Unusual Items Excluding Goodwill": -56103000.0,
        "Net Income From Continuing Operation Net Minority Interest": 9094604000.0,
        "Reconciled Depreciation": 9913310000.0,
        "Reconciled Cost Of Revenue": 33842100000.0,
        "EBITDA": 21631028000.0,
        "EBIT": 11717718000.0,
        "Net Interest Income": 56289000.0,
        "Interest Expense": 80237000.0,
        "Interest Income": 136526000.0,
        "Normalized Income": 9139821399.695175,
        "Net Income From Continuing And Discontinued Operation": 9094604000.0,
        "Total Expenses": 41980884000.0,
        "Total Operating Income As Reported": 11464449000.0,
        "Diluted Average Shares": 775904300.0,
        "Basic Average Shares": 775744700.0,
        "Diluted EPS": 11.7,
        "Basic EPS": 11.7,
        "Diluted NI Availto Com Stockholders": 9094148000.0,
        "Average Dilution Earnings": -456000.0,
        "Net Income Common Stockholders": 9094604000.0,
        "Net Income": 9094604000.0,
        "Minority Interests": -284870000.0,
        "Net Income Including Noncontrolling Interests": 9379474000.0,
        "Net Income Continuous Operations": 9379474000.0,
        "Tax Provision": 2258007000.0,
        "Pretax Income": 11637481000.0,
        "Other Income Expense": 116578000.0,
        "Other Non Operating Income Expenses": 56821000.0,
        "Special Income Charges": -165000.0,
        "Gain On Sale Of Ppe": -165000.0,
        "Gain On Sale Of Business": NaN,
        "Earnings From Equity Interest": 115860000.0,
        "Gain On Sale Of Security": -55938000.0,
        "Net Non Operating Interest Income Expense": 56289000.0,
        "Total Other Finance Cost": 5000.0,
        "Interest Expense Non Operating": 80237000.0,
        "Interest Income Non Operating": 136526000.0,
        "Operating Income": 11464614000.0,
        "Operating Expense": 8138784000.0,
        "Other Operating Expenses": -212448000.0,
        "Provision For Doubtful Accounts": 14338000.0,
        "Research And Development": 953000000.0,
        "Selling General And Administration": 7383894000.0,
        "Selling And Marketing Expense": 5874113000.0,
        "General And Administrative Expense": 1509781000.0,
        "Other Gand A": 1509781000.0,
        "Gross Profit": 19603398000.0,
        "Cost Of Revenue": 33842100000.0,
        "Total Revenue": 53445498000.0,
        "Operating Revenue": 53117356000.0
    },
    "2023-12-31": {
        "Tax Effect Of Unusual Items": -112476015.872752,
        "Tax Rate For Calcs": 0.17693,
        "Normalized EBITDA": 21103283000.0,
        "Total Unusual Items": -635708000.0,
        "Total Unusual Items Excluding Goodwill": -635708000.0,
        "Net Income From Continuing Operation Net Minority Interest": 8298867000.0,
        "Reconciled Depreciation": 9931019000.0,
        "Reconciled Cost Of Revenue": 41218811000.0,
        "EBITDA": 20467575000.0,
        "EBIT": 10536556000.0,
        "Net Interest Income": 77241000.0,
        "Interest Expense": 85690000.0,
        "Interest Income": 162931000.0,
        "Normalized Income": 8822098984.127249,
        "Net Income From Continuing And Discontinued Operation": 8298867000.0,
        "Total Expenses": 50288818000.0,
        "Total Operating Income As Reported": 10454149000.0,
        "Diluted Average Shares": 779245283.0,
        "Basic Average Shares": 779245283.0,
        "Diluted EPS": 10.6,
        "Basic EPS": 10.6,
        "Diluted NI Availto Com Stockholders": 8296409000.0,
        "Average Dilution Earnings": -2458000.0,
        "Net Income Common Stockholders": 8298867000.0,
        "Net Income": 8298867000.0,
        "Minority Interests": -302924000.0,
        "Net Income Including Noncontrolling Interests": 8601791000.0,
        "Net Income Continuous Operations": 8601791000.0,
        "Tax Provision": 1849075000.0,
        "Pretax Income": 10450866000.0,
        "Other Income Expense": -716986000.0,
        "Other Non Operating Income Expenses": 5195000.0,
        "Special Income Charges": -630462000.0,
        "Gain On Sale Of Ppe": -1462000.0,
        "Gain On Sale Of Business": NaN,
        "Earnings From Equity Interest": -86473000.0,
        "Gain On Sale Of Security": -5246000.0,
        "Net Non Operating Interest Income Expense": 77241000.0,
        "Total Other Finance Cost": NaN,
        "Interest Expense Non Operating": 85690000.0,
        "Interest Income Non Operating": 162931000.0,
        "Operating Income": 12794611000.0,
        "Operating Expense": 9070007000.0,
        "Other Operating Expenses": -487069000.0,
        "Provision For Doubtful Accounts": 66853000.0,
        "Research And Development": 1037742000.0,
        "Selling General And Administration": 8452481000.0,
        "Selling And Marketing Expense": 6449174000.0,
        "General And Administrative Expense": 2003307000.0,
        "Other Gand A": 2003307000.0,
        "Gross Profit": 21864618000.0,
        "Cost Of Revenue": 41218811000.0,
        "Total Revenue": 61379429000.0,
        "Operating Revenue": 61049597000.0
    },
    "2024-03-31": {
        "Tax Effect Of Unusual Items": -12866078.706745,
        "Tax Rate For Calcs": 0.198833,
        "Normalized EBITDA": 22044496000.0,
        "Total Unusual Items": -64708000.0,
        "Total Unusual Items Excluding Goodwill": -64708000.0,
        "Net Income From Continuing Operation Net Minority Interest": 9391419000.0,
        "Reconciled Depreciation": 9908761000.0,
        "Reconciled Cost Of Revenue": 34454292000.0,
        "EBITDA": 21979788000.0,
        "EBIT": 12071027000.0,
        "Net Interest Income": 72513000.0,
        "Interest Expense": 83287000.0,
        "Interest Income": 155800000.0,
        "Normalized Income": 9443260921.293255,
        "Net Income From Continuing And Discontinued Operation": 9391419000.0,
        "Total Expenses": 42747419000.0,
        "Total Operating Income As Reported": 11924220000.0,
        "Diluted Average Shares": 776861600.0,
        "Basic Average Shares": 775744700.0,
        "Diluted EPS": 12.1,
        "Basic EPS": 12.1,
        "Diluted NI Availto Com Stockholders": 9390873000.0,
        "Average Dilution Earnings": -546000.0,
        "Net Income Common Stockholders": 9391419000.0,
        "Net Income": 9391419000.0,
        "Minority Interests": -212764000.0,
        "Net Income Including Noncontrolling Interests": 9604183000.0,
        "Net Income Continuous Operations": 9604183000.0,
        "Tax Provision": 2383557000.0,
        "Pretax Income": 11987740000.0,
        "Other Income Expense": -6473000.0,
        "Other Non Operating Income Expenses": 43733000.0,
        "Special Income Charges": 2520000.0,
        "Gain On Sale Of Ppe": 2520000.0,
        "Gain On Sale Of Business": NaN,
        "Earnings From Equity Interest": 14502000.0,
        "Gain On Sale Of Security": -67228000.0,
        "Net Non Operating Interest Income Expense": 72513000.0,
        "Total Other Finance Cost": NaN,
        "Interest Expense Non Operating": 83287000.0,
        "Interest Income Non Operating": 155800000.0,
        "Operating Income": 11921700000.0,
        "Operating Expense": 8293127000.0,
        "Other Operating Expenses": -274352000.0,
        "Provision For Doubtful Accounts": 55786000.0,
        "Research And Development": 943067000.0,
        "Selling General And Administration": 7568626000.0,
        "Selling And Marketing Expense": 5931519000.0,
        "General And Administrative Expense": 1637107000.0,
        "Other Gand A": 1637107000.0,
        "Gross Profit": 20214827000.0,
        "Cost Of Revenue": 34454292000.0,
        "Total Revenue": 54669119000.0,
        "Operating Revenue": 54329761000.0
    },
    "2024-06-30": {
        "Tax Effect Of Unusual Items": 36751557.887618,
        "Tax Rate For Calcs": 0.181062,
        "Normalized EBITDA": 22113321000.0,
        "Total Unusual Items": 202978000.0,
        "Total Unusual Items Excluding Goodwill": 202978000.0,
        "Net Income From Continuing Operation Net Minority Interest": 9819867000.0,
        "Reconciled Depreciation": 9886401000.0,
        "Reconciled Cost Of Revenue": 33286141000.0,
        "EBITDA": 22316299000.0,
        "EBIT": 12429898000.0,
        "Net Interest Income": 155792000.0,
        "Interest Expense": 83173000.0,
        "Interest Income": 238965000.0,
        "Normalized Income": 9653640557.887617,
        "Net Income From Continuing And Discontinued Operation": 9819867000.0,
        "Total Expenses": 41892143000.0,
        "Total Operating Income As Reported": 11927494000.0,
        "Diluted Average Shares": 776140800.0,
        "Basic Average Shares": 775744700.0,
        "Diluted EPS": 12.7,
        "Basic EPS": 12.7,
        "Diluted NI Availto Com Stockholders": 9819222000.0,
        "Average Dilution Earnings": -645000.0,
        "Net Income Common Stockholders": 9819867000.0,
        "Net Income": 9819867000.0,
        "Minority Interests": -291338000.0,
        "Net Income Including Noncontrolling Interests": 10111205000.0,
        "Net Income Continuous Operations": 10111205000.0,
        "Tax Provision": 2235520000.0,
        "Pretax Income": 12346725000.0,
        "Other Income Expense": 260230000.0,
        "Other Non Operating Income Expenses": 48559000.0,
        "Special Income Charges": -3209000.0,
        "Gain On Sale Of Ppe": -3209000.0,
        "Gain On Sale Of Business": NaN,
        "Earnings From Equity Interest": 8693000.0,
        "Gain On Sale Of Security": 206187000.0,
        "Net Non Operating Interest Income Expense": 155792000.0,
        "Total Other Finance Cost": NaN,
        "Interest Expense Non Operating": 83173000.0,
        "Interest Income Non Operating": 238965000.0,
        "Operating Income": 11930703000.0,
        "Operating Expense": 8606002000.0,
        "Other Operating Expenses": -292887000.0,
        "Provision For Doubtful Accounts": 24155000.0,
        "Research And Development": 1004688000.0,
        "Selling General And Administration": 7870046000.0,
        "Selling And Marketing Expense": 6189996000.0,
        "General And Administrative Expense": 1680050000.0,
        "Other Gand A": 1680050000.0,
        "Gross Profit": 20536705000.0,
        "Cost Of Revenue": 33286141000.0,
        "Total Revenue": 53822846000.0,
        "Operating Revenue": 53489054000.0
    }
}