{
    "2023-06-30": {
        "Tax Effect Of Unusual Items": NaN,
        "Tax Rate For Calcs": NaN,
        "Normalized EBITDA": NaN,
        "Total Unusual Items": NaN,
        "Total Unusual Items Excluding Goodwill": NaN,
        "Net Income From Continuing Operation Net Minority Interest": NaN,
        "Reconciled Depreciation": NaN,
        "Reconciled Cost Of Revenue": NaN,
        "EBITDA": NaN,
        "EBIT": NaN,
        "Net Interest Income": NaN,
        "Interest Expense": NaN,
        "Normalized Income": NaN,
        "Net Income From Continuing And Discontinued Operation": NaN,
        "Total Expenses": NaN,
        "Total Operating Income As Reported": NaN,
        "Diluted Average Shares": NaN,
        "Basic Average Shares": NaN,
        "Diluted EPS": NaN,
        "Basic EPS": NaN,
        "Diluted NI Availto Com Stockholders": NaN,
        "Net Income Common Stockholders": NaN,
        "Net Income": NaN,
        "Minority Interests": NaN,
        "Net Income Including Noncontrolling Interests": NaN,
        "Net Income Continuous Operations": NaN,
        "Tax Provision": NaN,
        "Pretax Income": NaN,
        "Other Income Expense": NaN,
        "Other Non Operating Income Expenses": NaN,
        "Special Income Charges": NaN,
        "Gain On Sale Of Ppe": NaN,
        "Other Special Charges": NaN,
        "Earnings From Equity Interest": NaN,
        "Gain On Sale Of Security": NaN,
        "Net Non Operating Interest Income Expense": NaN,
        "Interest Expense Non Operating": NaN,
        "Operating Income": NaN,
        "Operating Expense": NaN,
        "Depreciation Amortization Depletion Income Statement": NaN,
        "Depreciation And Amortization In Income Statement": NaN,
        "Selling General And Administration": 895000000.0,
        "Selling And Marketing Expense": 895000000.0,
        "General And Administrative Expense": -1000000.0,
        "Salaries And Wages": -1000000.0,
        "Gross Profit": NaN,
        "Cost Of Revenue": NaN,
        "Total Revenue": NaN,
        "Operating Revenue": NaN
    },
    "2023-03-31": {
        "Tax Effect Of Unusual Items": NaN,
        "Tax Rate For Calcs": NaN,
        "Normalized EBITDA": NaN,
        "Total Unusual Items": NaN,
        "Total Unusual Items Excluding Goodwill": NaN,
        "Net Income From Continuing Operation Net Minority Interest": NaN,
        "Reconciled Depreciation": NaN,
        "Reconciled Cost Of Revenue": NaN,
        "EBITDA": NaN,
        "EBIT": NaN,
        "Net Interest Income": NaN,
        "Interest Expense": NaN,
        "Normalized Income": NaN,
        "Net Income From Continuing And Discontinued Operation": NaN,
        "Total Expenses": NaN,
        "Total Operating Income As Reported": NaN,
        "Diluted Average Shares": NaN,
        "Basic Average Shares": NaN,
        "Diluted EPS": NaN,
        "Basic EPS": NaN,
        "Diluted NI Availto Com Stockholders": NaN,
        "Net Income Common Stockholders": NaN,
        "Net Income": NaN,
        "Minority Interests": NaN,
        "Net Income Including Noncontrolling Interests": NaN,
        "Net Income Continuous Operations": NaN,
        "Tax Provision": NaN,
        "Pretax Income": NaN,
        "Other Income Expense": NaN,
        "Other Non Operating Income Expenses": NaN,
        "Special Income Charges": NaN,
        "Gain On Sale Of Ppe": NaN,
        "Other Special Charges": NaN,
        "Earnings From Equity Interest": NaN,
        "Gain On Sale Of Security": NaN,
        "Net Non Operating Interest Income Expense": NaN,
        "Interest Expense Non Operating": NaN,
        "Operating Income": NaN,
        "Operating Expense": NaN,
        "Depreciation Amortization Depletion Income Statement": NaN,
        "Depreciation And Amortization In Income Statement": NaN,
        "Selling General And Administration": 946000000.0,
        "Selling And Marketing Expense": 946000000.0,
        "General And Administrative Expense": -2000000.0,
        "Salaries And Wages": -2000000.0,
        "Gross Profit": NaN,
        "Cost Of Revenue": NaN,
        "Total Revenue": NaN,
        "Operating Revenue": NaN
    },
    "2022-12-31": {
        "Tax Effect Of Unusual Items": NaN,
        "Tax Rate For Calcs": NaN,
        "Normalized EBITDA": NaN,
        "Total Unusual Items": NaN,
        "Total Unusual Items Excluding Goodwill": NaN,
        "Net Income From Continuing Operation Net Minority Interest": NaN,
        "Reconciled Depreciation": NaN,
        "Reconciled Cost Of Revenue": NaN,
        "EBITDA": NaN,
        "EBIT": NaN,
        "Net Interest Income": NaN,
        "Interest Expense": NaN,
        "Normalized Income": NaN,
        "Net Income From Continuing And Discontinued Operation": NaN,
        "Total Expenses": NaN,
        "Total Operating Income As Reported": NaN,
        "Diluted Average Shares": NaN,
        "Basic Average Shares": NaN,
        "Diluted EPS": NaN,
        "Basic EPS": NaN,
        "Diluted NI Availto Com Stockholders": NaN,
        "Average Dilution Earnings": 0.0,
        "Net Income Common Stockholders": NaN,
        "Net Income": NaN,
        "Minority Interests": NaN,
        "Net Income Including Noncontrolling Interests": NaN,
        "Net Income Continuous Operations": NaN,
        "Tax Provision": NaN,
        "Pretax Income": NaN,
        "Other Income Expense": NaN,
        "Other Non Operating Income Expenses": NaN,
        "Special Income Charges": NaN,
        "Gain On Sale Of Ppe": NaN,
        "Other Special Charges": NaN,
        "Earnings From Equity Interest": NaN,
        "Gain On Sale Of Security": NaN,
        "Net Non Operating Interest Income Expense": NaN,
        "Interest Expense Non Operating": NaN,
        "Operating Income": NaN,
        "Operating Expense": NaN,
        "Depreciation Amortization Depletion Income Statement": NaN,
        "Depreciation And Amortization In Income Statement": NaN,
        "Selling General And Administration": NaN,
        "Selling And Marketing Expense": 846000000.0,
        "General And Administrative Expense": -13000000.0,
        "Salaries And Wages": -13000000.0,
        "Gross Profit": NaN,
        "Cost Of Revenue": NaN,
        "Total Revenue": NaN,
        "Operating Revenue": NaN
    },
    "2022-09-30": {
        "Tax Effect Of Unusual Items": NaN,
        "Tax Rate For Calcs": NaN,
        "Normalized EBITDA": NaN,
        "Total Unusual Items": NaN,
        "Total Unusual Items Excluding Goodwill": NaN,
        "Net Income From Continuing Operation Net Minority Interest": NaN,
        "Reconciled Depreciation": NaN,
        "Reconciled Cost Of Revenue": NaN,
        "EBITDA": NaN,
        "EBIT": NaN,
        "Net Interest Income": NaN,
        "Interest Expense": NaN,
        "Normalized Income": NaN,
        "Net Income From Continuing And Discontinued Operation": NaN,
        "Total Expenses": NaN,
        "Total Operating Income As Reported": NaN,
        "Diluted Average Shares": NaN,
        "Basic Average Shares": NaN,
        "Diluted EPS": NaN,
        "Basic EPS": NaN,
        "Diluted NI Availto Com Stockholders": NaN,
        "Average Dilution Earnings": 0.0,
        "Net Income Common Stockholders": NaN,
        "Net Income": NaN,
        "Minority Interests": NaN,
        "Net Income Including Noncontrolling Interests": NaN,
        "Net Income Continuous Operations": NaN,
        "Tax Provision": NaN,
        "Pretax Income": NaN,
        "Other Income Expense": NaN,
        "Other Non Operating Income Expenses": NaN,
        "Special Income Charges": NaN,
        "Gain On Sale Of Ppe": NaN,
        "Other Special Charges": NaN,
        "Earnings From Equity Interest": NaN,
        "Gain On Sale Of Security": NaN,
        "Net Non Operating Interest Income Expense": NaN,
        "Interest Expense Non Operating": NaN,
        "Operating Income": NaN,
        "Operating Expense": NaN,
        "Depreciation Amortization Depletion Income Statement": NaN,
        "Depreciation And Amortization In Income Statement": NaN,
        "Selling General And Administration": NaN,
        "Selling And Marketing Expense": 861000000.0,
        "General And Administrative Expense": NaN,
        "Salaries And Wages": NaN,
        "Gross Profit": NaN,
        "Cost Of Revenue": NaN,
        "Total Revenue": NaN,
        "Operating Revenue": NaN
    },
    "2022-06-30": {
        "Tax Effect Of Unusual Items": 13354574.419663,
        "Tax Rate For Calcs": 0.222576,
        "Normalized EBITDA": 5486000000.0,
        "Total Unusual Items": 60000000.0,
        "Total Unusual Items Excluding Goodwill": 60000000.0,
        "Net Income From Continuing Operation Net Minority Interest": 1471000000.0,
        "Reconciled Depreciation": 2240000000.0,
        "Reconciled Cost Of Revenue": 7387000000.0,
        "EBITDA": 5546000000.0,
        "EBIT": 3306000000.0,
        "Net Interest Income": -1109000000.0,
        "Interest Expense": 1109000000.0,
        "Normalized Income": 1424354574.419663,
        "Net Income From Continuing And Discontinued Operation": 1471000000.0,
        "Total Expenses": 10433000000.0,
        "Total Operating Income As Reported": 3227000000.0,
        "Diluted Average Shares": 167090925.0,
        "Basic Average Shares": 164049619.0,
        "Diluted EPS": 8.8,
        "Basic EPS": 8.96,
        "Diluted NI Availto Com Stockholders": 1471000000.0,
        "Average Dilution Earnings": 0.0,
        "Net Income Common Stockholders": 1471000000.0,
        "Net Income": 1471000000.0,
        "Minority Interests": -237000000.0,
        "Net Income Including Noncontrolling Interests": 1708000000.0,
        "Net Income Continuous Operations": 1708000000.0,
        "Tax Provision": 489000000.0,
        "Pretax Income": 2197000000.0,
        "Other Income Expense": 141000000.0,
        "Other Non Operating Income Expenses": 17000000.0,
        "Special Income Charges": 59000000.0,
        "Gain On Sale Of Ppe": -1000000.0,
        "Other Special Charges": -60000000.0,
        "Earnings From Equity Interest": 64000000.0,
        "Gain On Sale Of Security": 1000000.0,
        "Net Non Operating Interest Income Expense": -1109000000.0,
        "Interest Expense Non Operating": 1109000000.0,
        "Operating Income": 3165000000.0,
        "Operating Expense": 3046000000.0,
        "Other Operating Expenses": NaN,
        "Depreciation Amortization Depletion Income Statement": 2240000000.0,
        "Depreciation And Amortization In Income Statement": 2240000000.0,
        "Selling General And Administration": 806000000.0,
        "Selling And Marketing Expense": 806000000.0,
        "Gross Profit": 6211000000.0,
        "Cost Of Revenue": 7387000000.0,
        "Total Revenue": 13598000000.0,
        "Operating Revenue": 13379000000.0
    },
    "2022-03-31": {
        "Diluted EPS": 6.9,
        "Total Revenue": NaN,
        "Gross Profit": NaN,
        "Operating Income": NaN,
        "EBIT": NaN,
        "Net Income": NaN
    },
    "2021-12-31": {
        "Diluted EPS": 8.57,
        "Total Revenue": NaN,
        "Gross Profit": NaN,
        "Operating Income": NaN,
        "EBIT": NaN,
        "Net Income": NaN
    },
    "2021-09-30": {
        "Diluted EPS": 6.5,
        "Total Revenue": NaN,
        "Gross Profit": NaN,
        "Operating Income": NaN,
        "EBIT": NaN,
        "Net Income": NaN
    },
    "2021-06-30": {
        "Diluted EPS": 5.29,
        "Total Revenue": NaN,
        "Gross Profit": NaN,
        "Operating Income": NaN,
        "EBIT": NaN,
        "Net Income": NaN
    },
    "2021-03-31": {
        "Diluted EPS": 4.11,
        "Total Revenue": NaN,
        "Gross Profit": NaN,
        "Operating Income": NaN,
        "EBIT": NaN,
        "Net Income": 807
    },
    "2020-12-31": {
        "Diluted EPS": 6.01,
        "Total Revenue": NaN,
        "Gross Profit": NaN,
        "Operating Income": NaN,
        "EBIT": NaN,
        "Net Income": NaN
    },
    "2020-09-30": {
        "Diluted EPS": 3.9,
        "Total Revenue": NaN,
        "Gross Profit": NaN,
        "Operating Income": NaN,
        "EBIT": NaN,
        "Net Income": 814
    },
    "2020-06-30": {
        "Diluted EPS": 3.63,
        "Total Revenue": NaN,
        "Gross Profit": NaN,
        "Operating Income": NaN,
        "EBIT": NaN,
        "Net Income": 766
    },
    "2020-03-31": {
        "Diluted EPS": 1.86,
        "Total Revenue": NaN,
        "Gross Profit": NaN,
        "Operating Income": NaN,
        "EBIT": NaN,
        "Net Income": 396
    },
    "2019-12-31": {
        "Diluted EPS": 3.21,
        "Total Revenue": NaN,
        "Gross Profit": NaN,
        "Operating Income": NaN,
        "EBIT": NaN,
        "Net Income": 714
    },
    "2019-09-30": {
        "Diluted EPS": 1.74,
        "Total Revenue": NaN,
        "Gross Profit": NaN,
        "Operating Income": NaN,
        "EBIT": NaN,
        "Net Income": 387
    },
    "2019-06-30": {
        "Diluted EPS": 1.39,
        "Total Revenue": NaN,
        "Gross Profit": NaN,
        "Operating Income": NaN,
        "EBIT": NaN,
        "Net Income": 314
    },
    "2019-03-31": {
        "Diluted EPS": 1.11,
        "Total Revenue": NaN,
        "Gross Profit": NaN,
        "Operating Income": NaN,
        "EBIT": NaN,
        "Net Income": 253
    },
    "2018-12-31": {
        "Diluted EPS": 1.26,
        "Total Revenue": NaN,
        "Gross Profit": NaN,
        "Operating Income": NaN,
        "EBIT": NaN,
        "Net Income": 296
    },
    "2018-09-30": {
        "Diluted EPS": 2.11,
        "Total Revenue": NaN,
        "Gross Profit": NaN,
        "Operating Income": NaN,
        "EBIT": NaN,
        "Net Income": 493
    },
    "2018-06-30": {
        "Diluted EPS": 1.15,
        "Total Revenue": NaN,
        "Gross Profit": NaN,
        "Operating Income": NaN,
        "EBIT": NaN,
        "Net Income": 273
    },
    "2018-03-31": {
        "Diluted EPS": 0.7,
        "Total Revenue": NaN,
        "Gross Profit": NaN,
        "Operating Income": NaN,
        "EBIT": NaN,
        "Net Income": 168
    },
    "2017-12-31": {
        "Diluted EPS": 32.81,
        "Total Revenue": NaN,
        "Gross Profit": NaN,
        "Operating Income": NaN,
        "EBIT": NaN,
        "Net Income": NaN
    },
    "2017-09-30": {
        "Diluted EPS": 0.19,
        "Total Revenue": NaN,
        "Gross Profit": NaN,
        "Operating Income": 909,
        "EBIT": NaN,
        "Net Income": 48
    },
    "2017-06-30": {
        "Diluted EPS": 0.52,
        "Total Revenue": NaN,
        "Gross Profit": NaN,
        "Operating Income": NaN,
        "EBIT": NaN,
        "Net Income": 139
    },
    "2017-03-31": {
        "Diluted EPS": 0.57,
        "Total Revenue": NaN,
        "Gross Profit": NaN,
        "Operating Income": 941,
        "EBIT": NaN,
        "Net Income": 155
    },
    "2016-12-31": {
        "Diluted EPS": 1.94,
        "Total Revenue": NaN,
        "Gross Profit": NaN,
        "Operating Income": NaN,
        "EBIT": NaN,
        "Net Income": 454
    },
    "2016-09-30": {
        "Diluted EPS": 0.69,
        "Total Revenue": NaN,
        "Gross Profit": NaN,
        "Operating Income": 911,
        "EBIT": NaN,
        "Net Income": 189
    },
    "2016-06-30": {
        "Diluted EPS": 15.17,
        "Total Revenue": NaN,
        "Gross Profit": NaN,
        "Operating Income": 170,
        "EBIT": NaN,
        "Net Income": NaN
    },
    "2016-03-31": {
        "Diluted EPS": -1.86,
        "Total Revenue": NaN,
        "Gross Profit": 859,
        "Operating Income": 302,
        "EBIT": 841,
        "Net Income": -188
    },
    "2015-12-31": {
        "Diluted EPS": -1.19,
        "Total Revenue": NaN,
        "Gross Profit": 888,
        "Operating Income": 323,
        "EBIT": 868,
        "Net Income": -122
    },
    "2015-09-30": {
        "Diluted EPS": 0.53,
        "Total Revenue": NaN,
        "Gross Profit": 830,
        "Operating Income": 273,
        "EBIT": 811,
        "Net Income": 54
    },
    "2015-06-30": {
        "Diluted EPS": -1.21,
        "Total Revenue": NaN,
        "Gross Profit": 829,
        "Operating Income": 269,
        "EBIT": 797,
        "Net Income": -122
    },
    "2015-03-31": {
        "Diluted EPS": -0.81,
        "Total Revenue": NaN,
        "Gross Profit": 781,
        "Operating Income": 249,
        "EBIT": 763,
        "Net Income": -81
    },
    "2014-12-31": {
        "Diluted EPS": -0.49,
        "Total Revenue": NaN,
        "Gross Profit": 831,
        "Operating Income": 277,
        "EBIT": 811,
        "Net Income": -48
    },
    "2014-09-30": {
        "Diluted EPS": -0.54,
        "Total Revenue": NaN,
        "Gross Profit": 769,
        "Operating Income": 218,
        "EBIT": 753,
        "Net Income": -53
    },
    "2014-06-30": {
        "Diluted EPS": -0.47,
        "Total Revenue": NaN,
        "Gross Profit": 780,
        "Operating Income": 236,
        "EBIT": 764,
        "Net Income": -45
    },
    "2014-03-31": {
        "Diluted EPS": -0.39,
        "Total Revenue": NaN,
        "Gross Profit": 755,
        "Operating Income": 240,
        "EBIT": 745,
        "Net Income": -37
    },
    "2013-12-31": {
        "Diluted EPS": 0.45,
        "Total Revenue": NaN,
        "Gross Profit": 753,
        "Operating Income": 241,
        "EBIT": 741,
        "Net Income": 39
    },
    "2013-09-30": {
        "Diluted EPS": -0.75,
        "Total Revenue": NaN,
        "Gross Profit": 721,
        "Operating Income": 209,
        "EBIT": 702,
        "Net Income": -70
    },
    "2013-06-30": {
        "Diluted EPS": -1.06,
        "Total Revenue": NaN,
        "Gross Profit": 677,
        "Operating Income": 236,
        "EBIT": 672,
        "Net Income": -96
    },
    "2013-03-31": {
        "Diluted EPS": -0.47,
        "Total Revenue": NaN,
        "Gross Profit": 659,
        "Operating Income": 223,
        "EBIT": 648,
        "Net Income": -42
    },
    "2012-12-31": {
        "Diluted EPS": -0.43,
        "Total Revenue": NaN,
        "Gross Profit": 685,
        "Operating Income": 205,
        "EBIT": 671,
        "Net Income": -40
    },
    "2012-09-30": {
        "Diluted EPS": -0.96,
        "Total Revenue": NaN,
        "Gross Profit": 638,
        "Operating Income": 211,
        "EBIT": 635,
        "Net Income": -87
    },
    "2012-06-30": {
        "Diluted EPS": -0.93,
        "Total Revenue": NaN,
        "Gross Profit": 680,
        "Operating Income": 269,
        "EBIT": 684,
        "Net Income": -83
    },
    "2012-03-31": {
        "Diluted EPS": -1.05,
        "Total Revenue": NaN,
        "Gross Profit": 641,
        "Operating Income": 230,
        "EBIT": 638,
        "Net Income": -94
    },
    "2011-12-31": {
        "Diluted EPS": -0.7,
        "Total Revenue": NaN,
        "Gross Profit": NaN,
        "Operating Income": 265,
        "EBIT": 676,
        "Net Income": -67
    },
    "2011-09-30": {
        "Diluted EPS": -0.87,
        "Total Revenue": NaN,
        "Gross Profit": NaN,
        "Operating Income": 237,
        "EBIT": 642,
        "Net Income": -85
    },
    "2011-06-30": {
        "Diluted EPS": -1.08,
        "Total Revenue": NaN,
        "Gross Profit": NaN,
        "Operating Income": 270,
        "EBIT": 663,
        "Net Income": -107
    },
    "2011-03-31": {
        "Diluted EPS": -1.07,
        "Total Revenue": NaN,
        "Gross Profit": NaN,
        "Operating Income": 269,
        "EBIT": 652,
        "Net Income": -110
    },
    "2010-12-31": {
        "Diluted EPS": -0.83,
        "Total Revenue": NaN,
        "Gross Profit": NaN,
        "Operating Income": 279,
        "EBIT": 669,
        "Net Income": -85
    },
    "2010-09-30": {
        "Diluted EPS": -0.93,
        "Total Revenue": NaN,
        "Gross Profit": 981,
        "Operating Income": 240,
        "EBIT": 625,
        "Net Income": -95
    },
    "2010-06-30": {
        "Diluted EPS": -0.8,
        "Total Revenue": NaN,
        "Gross Profit": 998,
        "Operating Income": 254,
        "EBIT": 634,
        "Net Income": -81
    },
    "2010-03-31": {
        "Diluted EPS": 0.23,
        "Total Revenue": NaN,
        "Gross Profit": 979,
        "Operating Income": 251,
        "EBIT": 620,
        "Net Income": 24
    },
    "2009-12-31": {
        "Diluted EPS": 17.92,
        "Total Revenue": NaN,
        "Gross Profit": 975,
        "Operating Income": 977,
        "EBIT": NaN,
        "Net Income": NaN
    },
    "2009-09-30": {
        "Diluted EPS": -3.02,
        "Total Revenue": NaN,
        "Gross Profit": 954,
        "Operating Income": NaN,
        "EBIT": NaN,
        "Net Income": NaN
    },
    "2009-06-30": {
        "Diluted EPS": -0.33,
        "Total Revenue": NaN,
        "Gross Profit": 975,
        "Operating Income": 301,
        "EBIT": 630,
        "Net Income": -112
    },
    "2009-03-31": {
        "Diluted EPS": -0.6,
        "Total Revenue": NaN,
        "Gross Profit": 949,
        "Operating Income": 334,
        "EBIT": 655,
        "Net Income": -205
    },
    "2023-09-30": {
        "Tax Effect Of Unusual Items": NaN,
        "Tax Rate For Calcs": NaN,
        "Normalized EBITDA": NaN,
        "Total Unusual Items": NaN,
        "Total Unusual Items Excluding Goodwill": NaN,
        "Net Income From Continuing Operation Net Minority Interest": NaN,
        "Reconciled Depreciation": NaN,
        "Reconciled Cost Of Revenue": NaN,
        "EBITDA": NaN,
        "EBIT": NaN,
        "Net Interest Income": NaN,
        "Interest Expense": NaN,
        "Normalized Income": NaN,
        "Net Income From Continuing And Discontinued Operation": NaN,
        "Total Expenses": NaN,
        "Total Operating Income As Reported": NaN,
        "Diluted Average Shares": 152019159.0,
        "Basic Average Shares": 149004322.0,
        "Diluted EPS": 8.25,
        "Basic EPS": 8.42,
        "Diluted NI Availto Com Stockholders": NaN,
        "Net Income Common Stockholders": NaN,
        "Net Income": NaN,
        "Minority Interests": NaN,
        "Net Income Including Noncontrolling Interests": NaN,
        "Net Income Continuous Operations": NaN,
        "Tax Provision": NaN,
        "Pretax Income": NaN,
        "Other Income Expense": NaN,
        "Other Non Operating Income Expenses": NaN,
        "Special Income Charges": NaN,
        "Gain On Sale Of Ppe": NaN,
        "Other Special Charges": NaN,
        "Earnings From Equity Interest": NaN,
        "Gain On Sale Of Security": NaN,
        "Net Non Operating Interest Income Expense": NaN,
        "Interest Expense Non Operating": NaN,
        "Operating Income": NaN,
        "Operating Expense": NaN,
        "Depreciation Amortization Depletion Income Statement": NaN,
        "Depreciation And Amortization In Income Statement": NaN,
        "Selling General And Administration": -2000000.0,
        "Selling And Marketing Expense": NaN,
        "General And Administrative Expense": -2000000.0,
        "Salaries And Wages": -2000000.0,
        "Gross Profit": NaN,
        "Cost Of Revenue": NaN,
        "Total Revenue": NaN,
        "Operating Revenue": NaN
    },
    "2023-12-31": {
        "Tax Effect Of Unusual Items": 8939449.541284,
        "Tax Rate For Calcs": 0.248318,
        "Normalized EBITDA": 5106000000.0,
        "Total Unusual Items": 36000000.0,
        "Total Unusual Items Excluding Goodwill": 36000000.0,
        "Net Income From Continuing Operation Net Minority Interest": 1058000000.0,
        "Reconciled Depreciation": 2188000000.0,
        "Reconciled Cost Of Revenue": 4637000000.0,
        "EBITDA": 5142000000.0,
        "EBIT": 2954000000.0,
        "Net Interest Income": -1319000000.0,
        "Interest Expense": 1319000000.0,
        "Normalized Income": 1030939449.541284,
        "Net Income From Continuing And Discontinued Operation": 1058000000.0,
        "Total Expenses": 10478000000.0,
        "Total Operating Income As Reported": 3267000000.0,
        "Diluted Average Shares": 149651479.0,
        "Basic Average Shares": 146356269.0,
        "Diluted EPS": 7.07,
        "Basic EPS": 7.23,
        "Diluted NI Availto Com Stockholders": 1058000000.0,
        "Net Income Common Stockholders": 1058000000.0,
        "Net Income": 1058000000.0,
        "Minority Interests": -171000000.0,
        "Net Income Including Noncontrolling Interests": 1229000000.0,
        "Net Income Continuous Operations": 1229000000.0,
        "Tax Provision": 406000000.0,
        "Pretax Income": 1635000000.0,
        "Other Income Expense": -279000000.0,
        "Other Non Operating Income Expenses": -221000000.0,
        "Special Income Charges": 31000000.0,
        "Gain On Sale Of Ppe": 255000000.0,
        "Other Special Charges": 224000000.0,
        "Earnings From Equity Interest": -94000000.0,
        "Gain On Sale Of Security": 5000000.0,
        "Net Non Operating Interest Income Expense": -1319000000.0,
        "Interest Expense Non Operating": 1319000000.0,
        "Operating Income": 3233000000.0,
        "Operating Expense": 5841000000.0,
        "Depreciation Amortization Depletion Income Statement": 2188000000.0,
        "Depreciation And Amortization In Income Statement": 2188000000.0,
        "Selling General And Administration": 3874000000.0,
        "Selling And Marketing Expense": NaN,
        "General And Administrative Expense": 221000000.0,
        "Salaries And Wages": 221000000.0,
        "Gross Profit": 9074000000.0,
        "Cost Of Revenue": 4637000000.0,
        "Total Revenue": 13711000000.0,
        "Operating Revenue": 12940000000.0
    },
    "2024-03-31": {
        "Tax Effect Of Unusual Items": 8785631.517961,
        "Tax Rate For Calcs": 0.258401,
        "Normalized EBITDA": 5198000000.0,
        "Total Unusual Items": 34000000.0,
        "Total Unusual Items Excluding Goodwill": 34000000.0,
        "Net Income From Continuing Operation Net Minority Interest": 1106000000.0,
        "Reconciled Depreciation": 2190000000.0,
        "Reconciled Cost Of Revenue": 7476000000.0,
        "EBITDA": 5232000000.0,
        "EBIT": 3042000000.0,
        "Net Interest Income": -1316000000.0,
        "Interest Expense": 1316000000.0,
        "Normalized Income": 1080785631.517961,
        "Net Income From Continuing And Discontinued Operation": 1106000000.0,
        "Total Expenses": 10586000000.0,
        "Total Operating Income As Reported": 3131000000.0,
        "Diluted Average Shares": 146643199.0,
        "Basic Average Shares": 144510317.0,
        "Diluted EPS": 7.55,
        "Basic EPS": 7.66,
        "Diluted NI Availto Com Stockholders": 1106000000.0,
        "Net Income Common Stockholders": 1106000000.0,
        "Net Income": 1106000000.0,
        "Minority Interests": -174000000.0,
        "Net Income Including Noncontrolling Interests": 1280000000.0,
        "Net Income Continuous Operations": 1280000000.0,
        "Tax Provision": 446000000.0,
        "Pretax Income": 1726000000.0,
        "Other Income Expense": -51000000.0,
        "Other Non Operating Income Expenses": 1000000.0,
        "Special Income Charges": 38000000.0,
        "Gain On Sale Of Ppe": 51000000.0,
        "Other Special Charges": 13000000.0,
        "Earnings From Equity Interest": -86000000.0,
        "Gain On Sale Of Security": -4000000.0,
        "Net Non Operating Interest Income Expense": -1316000000.0,
        "Interest Expense Non Operating": 1316000000.0,
        "Operating Income": 3093000000.0,
        "Operating Expense": 3110000000.0,
        "Depreciation Amortization Depletion Income Statement": 2190000000.0,
        "Depreciation And Amortization In Income Statement": 2190000000.0,
        "Selling General And Administration": 920000000.0,
        "Selling And Marketing Expense": 920000000.0,
        "General And Administrative Expense": NaN,
        "Salaries And Wages": NaN,
        "Gross Profit": 6203000000.0,
        "Cost Of Revenue": 7476000000.0,
        "Total Revenue": 13679000000.0,
        "Operating Revenue": 12980000000.0
    },
    "2024-06-30": {
        "Tax Effect Of Unusual Items": -19388108.108108,
        "Tax Rate For Calcs": 0.230811,
        "Normalized EBITDA": 5432000000.0,
        "Total Unusual Items": -84000000.0,
        "Total Unusual Items Excluding Goodwill": -84000000.0,
        "Net Income From Continuing Operation Net Minority Interest": 1231000000.0,
        "Reconciled Depreciation": 2170000000.0,
        "Reconciled Cost Of Revenue": 8173000000.0,
        "EBITDA": 5348000000.0,
        "EBIT": 3178000000.0,
        "Net Interest Income": -1328000000.0,
        "Interest Expense": 1328000000.0,
        "Normalized Income": 1295611891.891892,
        "Net Income From Continuing And Discontinued Operation": 1231000000.0,
        "Total Expenses": 10343000000.0,
        "Total Operating Income As Reported": 3263000000.0,
        "Diluted Average Shares": 144914860.0,
        "Basic Average Shares": 143329828.0,
        "Diluted EPS": 8.49,
        "Basic EPS": 8.58,
        "Diluted NI Availto Com Stockholders": 1231000000.0,
        "Net Income Common Stockholders": 1231000000.0,
        "Net Income": 1231000000.0,
        "Minority Interests": -192000000.0,
        "Net Income Including Noncontrolling Interests": 1423000000.0,
        "Net Income Continuous Operations": 1423000000.0,
        "Tax Provision": 427000000.0,
        "Pretax Income": 1850000000.0,
        "Other Income Expense": -164000000.0,
        "Other Non Operating Income Expenses": 1000000.0,
        "Special Income Charges": -70000000.0,
        "Gain On Sale Of Ppe": -3000000.0,
        "Other Special Charges": 67000000.0,
        "Earnings From Equity Interest": -81000000.0,
        "Gain On Sale Of Security": -14000000.0,
        "Net Non Operating Interest Income Expense": -1328000000.0,
        "Interest Expense Non Operating": 1328000000.0,
        "Operating Income": 3342000000.0,
        "Operating Expense": 2170000000.0,
        "Depreciation Amortization Depletion Income Statement": 2170000000.0,
        "Depreciation And Amortization In Income Statement": 2170000000.0,
        "Selling General And Administration": NaN,
        "Selling And Marketing Expense": NaN,
        "General And Administrative Expense": NaN,
        "Salaries And Wages": NaN,
        "Gross Profit": 5512000000.0,
        "Cost Of Revenue": 8173000000.0,
        "Total Revenue": 13685000000.0,
        "Operating Revenue": 12979000000.0
    },
    "2024-09-30": {
        "Tax Effect Of Unusual Items": -21595744.680851,
        "Tax Rate For Calcs": 0.215957,
        "Normalized EBITDA": 5436000000.0,
        "Total Unusual Items": -100000000.0,
        "Total Unusual Items Excluding Goodwill": -100000000.0,
        "Net Income From Continuing Operation Net Minority Interest": 1280000000.0,
        "Reconciled Depreciation": 2145000000.0,
        "Reconciled Cost Of Revenue": 8294000000.0,
        "EBITDA": 5336000000.0,
        "EBIT": 3191000000.0,
        "Net Interest Income": -1311000000.0,
        "Interest Expense": 1311000000.0,
        "Normalized Income": 1358404255.319149,
        "Net Income From Continuing And Discontinued Operation": 1280000000.0,
        "Total Expenses": 10439000000.0,
        "Total Operating Income As Reported": 3335000000.0,
        "Diluted Average Shares": 145059470.0,
        "Basic Average Shares": 142308740.0,
        "Diluted EPS": 8.82,
        "Basic EPS": 8.99,
        "Diluted NI Availto Com Stockholders": 1280000000.0,
        "Net Income Common Stockholders": 1280000000.0,
        "Net Income": 1280000000.0,
        "Minority Interests": -194000000.0,
        "Net Income Including Noncontrolling Interests": 1474000000.0,
        "Net Income Continuous Operations": 1474000000.0,
        "Tax Provision": 406000000.0,
        "Pretax Income": 1880000000.0,
        "Other Income Expense": -165000000.0,
        "Other Non Operating Income Expenses": 2000000.0,
        "Special Income Charges": -21000000.0,
        "Gain On Sale Of Ppe": -15000000.0,
        "Other Special Charges": 6000000.0,
        "Earnings From Equity Interest": -67000000.0,
        "Gain On Sale Of Security": -79000000.0,
        "Net Non Operating Interest Income Expense": -1311000000.0,
        "Interest Expense Non Operating": 1311000000.0,
        "Operating Income": 3356000000.0,
        "Operating Expense": 2145000000.0,
        "Depreciation Amortization Depletion Income Statement": 2145000000.0,
        "Depreciation And Amortization In Income Statement": 2145000000.0,
        "Selling General And Administration": NaN,
        "Selling And Marketing Expense": NaN,
        "General And Administrative Expense": NaN,
        "Salaries And Wages": NaN,
        "Gross Profit": 5501000000.0,
        "Cost Of Revenue": 8294000000.0,
        "Total Revenue": 13795000000.0,
        "Operating Revenue": 13039000000.0
    },
    "2024-12-31": {
        "Tax Effect Of Unusual Items": -1808406.647116,
        "Tax Rate For Calcs": 0.180841,
        "Normalized EBITDA": 5498000000.0,
        "Total Unusual Items": -10000000.0,
        "Total Unusual Items Excluding Goodwill": -10000000.0,
        "Net Income From Continuing Operation Net Minority Interest": 1466000000.0,
        "Reconciled Depreciation": 2168000000.0,
        "Reconciled Cost Of Revenue": -555000000.0,
        "EBITDA": 5488000000.0,
        "EBIT": 3320000000.0,
        "Net Interest Income": -1274000000.0,
        "Interest Expense": 1274000000.0,
        "Normalized Income": 1474191593.352884,
        "Net Income From Continuing And Discontinued Operation": 1466000000.0,
        "Total Expenses": 10472000000.0,
        "Total Operating Income As Reported": 3389000000.0,
        "Diluted Average Shares": NaN,
        "Basic Average Shares": NaN,
        "Diluted EPS": NaN,
        "Basic EPS": NaN,
        "Diluted NI Availto Com Stockholders": 1466000000.0,
        "Net Income Common Stockholders": 1466000000.0,
        "Net Income": 1466000000.0,
        "Minority Interests": -210000000.0,
        "Net Income Including Noncontrolling Interests": 1676000000.0,
        "Net Income Continuous Operations": 1676000000.0,
        "Tax Provision": 370000000.0,
        "Pretax Income": 2046000000.0,
        "Other Income Expense": -134000000.0,
        "Other Non Operating Income Expenses": -27000000.0,
        "Special Income Charges": -73000000.0,
        "Gain On Sale Of Ppe": -21000000.0,
        "Other Special Charges": 52000000.0,
        "Earnings From Equity Interest": -97000000.0,
        "Gain On Sale Of Security": 63000000.0,
        "Net Non Operating Interest Income Expense": -1274000000.0,
        "Interest Expense Non Operating": 1274000000.0,
        "Operating Income": 3454000000.0,
        "Operating Expense": 11027000000.0,
        "Depreciation Amortization Depletion Income Statement": 2168000000.0,
        "Depreciation And Amortization In Income Statement": 2168000000.0,
        "Selling General And Administration": NaN,
        "Selling And Marketing Expense": NaN,
        "General And Administrative Expense": NaN,
        "Salaries And Wages": NaN,
        "Gross Profit": 14481000000.0,
        "Cost Of Revenue": -555000000.0,
        "Total Revenue": 13926000000.0,
        "Operating Revenue": 13042000000.0
    }
}