{
    "2023-04-30": {
        "Tax Effect Of Unusual Items": NaN,
        "Tax Rate For Calcs": NaN,
        "Normalized EBITDA": NaN,
        "Total Unusual Items": NaN,
        "Total Unusual Items Excluding Goodwill": NaN,
        "Net Income From Continuing Operation Net Minority Interest": NaN,
        "Reconciled Depreciation": NaN,
        "Reconciled Cost Of Revenue": NaN,
        "EBITDA": NaN,
        "EBIT": NaN,
        "Net Interest Income": NaN,
        "Interest Expense": NaN,
        "Interest Income": NaN,
        "Normalized Income": NaN,
        "Net Income From Continuing And Discontinued Operation": NaN,
        "Total Expenses": NaN,
        "Total Operating Income As Reported": NaN,
        "Diluted Average Shares": 430471000.0,
        "Basic Average Shares": 426852000.0,
        "Diluted EPS": 0.05,
        "Basic EPS": 0.05,
        "Diluted NI Availto Com Stockholders": NaN,
        "Net Income Common Stockholders": NaN,
        "Net Income": NaN,
        "Net Income Including Noncontrolling Interests": NaN,
        "Net Income Continuous Operations": NaN,
        "Tax Provision": NaN,
        "Pretax Income": NaN,
        "Other Income Expense": NaN,
        "Other Non Operating Income Expenses": NaN,
        "Gain On Sale Of Security": NaN,
        "Net Non Operating Interest Income Expense": NaN,
        "Interest Expense Non Operating": NaN,
        "Interest Income Non Operating": NaN,
        "Operating Income": NaN,
        "Operating Expense": NaN,
        "Selling General And Administration": NaN,
        "Selling And Marketing Expense": NaN,
        "General And Administrative Expense": NaN,
        "Other Gand A": NaN,
        "Gross Profit": NaN,
        "Cost Of Revenue": NaN,
        "Total Revenue": NaN,
        "Operating Revenue": NaN
    },
    "2023-01-31": {
        "Tax Effect Of Unusual Items": NaN,
        "Tax Rate For Calcs": NaN,
        "Normalized EBITDA": NaN,
        "Total Unusual Items": NaN,
        "Total Unusual Items Excluding Goodwill": NaN,
        "Net Income From Continuing Operation Net Minority Interest": NaN,
        "Reconciled Depreciation": NaN,
        "Reconciled Cost Of Revenue": NaN,
        "EBITDA": NaN,
        "EBIT": NaN,
        "Net Interest Income": NaN,
        "Interest Expense": NaN,
        "Interest Income": NaN,
        "Normalized Income": NaN,
        "Net Income From Continuing And Discontinued Operation": NaN,
        "Total Expenses": NaN,
        "Total Operating Income As Reported": NaN,
        "Diluted Average Shares": NaN,
        "Basic Average Shares": NaN,
        "Diluted EPS": NaN,
        "Basic EPS": NaN,
        "Diluted NI Availto Com Stockholders": NaN,
        "Net Income Common Stockholders": NaN,
        "Net Income": NaN,
        "Net Income Including Noncontrolling Interests": NaN,
        "Net Income Continuous Operations": NaN,
        "Tax Provision": NaN,
        "Pretax Income": NaN,
        "Other Income Expense": NaN,
        "Other Non Operating Income Expenses": NaN,
        "Gain On Sale Of Security": NaN,
        "Net Non Operating Interest Income Expense": NaN,
        "Total Other Finance Cost": -6200000.0,
        "Interest Expense Non Operating": NaN,
        "Interest Income Non Operating": NaN,
        "Operating Income": NaN,
        "Operating Expense": NaN,
        "Selling General And Administration": NaN,
        "Selling And Marketing Expense": NaN,
        "General And Administrative Expense": NaN,
        "Other Gand A": NaN,
        "Gross Profit": NaN,
        "Cost Of Revenue": NaN,
        "Total Revenue": NaN,
        "Operating Revenue": NaN
    },
    "2022-10-31": {
        "Tax Effect Of Unusual Items": NaN,
        "Tax Rate For Calcs": NaN,
        "Normalized EBITDA": NaN,
        "Total Unusual Items": NaN,
        "Total Unusual Items Excluding Goodwill": NaN,
        "Net Income From Continuing Operation Net Minority Interest": NaN,
        "Reconciled Depreciation": NaN,
        "Reconciled Cost Of Revenue": NaN,
        "EBITDA": NaN,
        "EBIT": NaN,
        "Net Interest Income": NaN,
        "Interest Expense": NaN,
        "Interest Income": NaN,
        "Normalized Income": NaN,
        "Net Income From Continuing And Discontinued Operation": NaN,
        "Total Expenses": NaN,
        "Total Operating Income As Reported": NaN,
        "Diluted Average Shares": 428125000.0,
        "Basic Average Shares": 422898000.0,
        "Diluted EPS": 0.01,
        "Basic EPS": 0.01,
        "Diluted NI Availto Com Stockholders": NaN,
        "Net Income Common Stockholders": NaN,
        "Net Income": NaN,
        "Net Income Including Noncontrolling Interests": NaN,
        "Net Income Continuous Operations": NaN,
        "Tax Provision": NaN,
        "Pretax Income": NaN,
        "Other Income Expense": NaN,
        "Other Non Operating Income Expenses": NaN,
        "Gain On Sale Of Security": NaN,
        "Net Non Operating Interest Income Expense": NaN,
        "Total Other Finance Cost": -2745000.0,
        "Interest Expense Non Operating": NaN,
        "Interest Income Non Operating": NaN,
        "Operating Income": NaN,
        "Operating Expense": NaN,
        "Selling General And Administration": NaN,
        "Selling And Marketing Expense": NaN,
        "General And Administrative Expense": NaN,
        "Other Gand A": NaN,
        "Gross Profit": NaN,
        "Cost Of Revenue": NaN,
        "Total Revenue": NaN,
        "Operating Revenue": NaN
    },
    "2022-07-31": {
        "Tax Effect Of Unusual Items": 0.0,
        "Tax Rate For Calcs": 0.0,
        "Normalized EBITDA": 41993000.0,
        "Total Unusual Items": NaN,
        "Total Unusual Items Excluding Goodwill": NaN,
        "Net Income From Continuing Operation Net Minority Interest": 22345000.0,
        "Reconciled Depreciation": 20338000.0,
        "Reconciled Cost Of Revenue": 1748214000.0,
        "EBITDA": 41993000.0,
        "EBIT": 21655000.0,
        "Net Interest Income": 690000.0,
        "Interest Expense": NaN,
        "Interest Income": NaN,
        "Normalized Income": 22345000.0,
        "Net Income From Continuing And Discontinued Operation": 22345000.0,
        "Total Expenses": 2409356000.0,
        "Total Operating Income As Reported": 21655000.0,
        "Diluted Average Shares": 426833000.0,
        "Basic Average Shares": 421690000.0,
        "Diluted EPS": 0.05,
        "Basic EPS": 0.05,
        "Diluted NI Availto Com Stockholders": 22345000.0,
        "Net Income Common Stockholders": 22345000.0,
        "Net Income": 22345000.0,
        "Net Income Including Noncontrolling Interests": 22345000.0,
        "Net Income Continuous Operations": 22345000.0,
        "Tax Provision": 0.0,
        "Pretax Income": 22345000.0,
        "Other Income Expense": NaN,
        "Gain On Sale Of Security": NaN,
        "Net Non Operating Interest Income Expense": 690000.0,
        "Total Other Finance Cost": -690000.0,
        "Interest Expense Non Operating": NaN,
        "Interest Income Non Operating": NaN,
        "Operating Income": 21655000.0,
        "Operating Expense": 661142000.0,
        "Selling General And Administration": 661142000.0,
        "Selling And Marketing Expense": 144159000.0,
        "General And Administrative Expense": 516983000.0,
        "Other Gand A": 516983000.0,
        "Gross Profit": 682797000.0,
        "Cost Of Revenue": 1748214000.0,
        "Total Revenue": 2431011000.0,
        "Operating Revenue": 2003636000.0
    },
    "2022-04-30": {
        "Diluted EPS": 0.04,
        "Total Revenue": NaN,
        "Gross Profit": 668,
        "Operating Income": 19,
        "EBIT": 36,
        "Net Income": 18
    },
    "2022-01-31": {
        "Diluted EPS": -0.15,
        "Total Revenue": NaN,
        "Gross Profit": 606,
        "Operating Income": -63,
        "EBIT": -46,
        "Net Income": -64
    },
    "2021-10-31": {
        "Diluted EPS": -0.08,
        "Total Revenue": NaN,
        "Gross Profit": 585,
        "Operating Income": -32,
        "EBIT": -18,
        "Net Income": -32
    },
    "2021-07-31": {
        "Diluted EPS": -0.04,
        "Total Revenue": NaN,
        "Gross Profit": 593,
        "Operating Income": -16,
        "EBIT": -3,
        "Net Income": -17
    },
    "2021-04-30": {
        "Diluted EPS": 0.09,
        "Total Revenue": NaN,
        "Gross Profit": 590,
        "Operating Income": 39,
        "EBIT": 51,
        "Net Income": 39
    },
    "2021-01-31": {
        "Diluted EPS": 0.05,
        "Total Revenue": NaN,
        "Gross Profit": 554,
        "Operating Income": 22,
        "EBIT": 33,
        "Net Income": 21
    },
    "2020-10-31": {
        "Diluted EPS": -0.08,
        "Total Revenue": NaN,
        "Gross Profit": 455,
        "Operating Income": -32,
        "EBIT": -23,
        "Net Income": -33
    },
    "2020-07-31": {
        "Diluted EPS": -0.08,
        "Total Revenue": NaN,
        "Gross Profit": 433,
        "Operating Income": -32,
        "EBIT": -24,
        "Net Income": -33
    },
    "2020-04-30": {
        "Diluted EPS": -0.12,
        "Total Revenue": NaN,
        "Gross Profit": 379,
        "Operating Income": -47,
        "EBIT": -40,
        "Net Income": -48
    },
    "2020-01-31": {
        "Diluted EPS": -0.14,
        "Total Revenue": NaN,
        "Gross Profit": 326,
        "Operating Income": -61,
        "EBIT": -53,
        "Net Income": -61
    },
    "2019-10-31": {
        "Diluted EPS": -0.2,
        "Total Revenue": NaN,
        "Gross Profit": 292,
        "Operating Income": -79,
        "EBIT": -71,
        "Net Income": -79
    },
    "2019-07-31": {
        "Diluted EPS": -0.21,
        "Total Revenue": NaN,
        "Gross Profit": 272,
        "Operating Income": -83,
        "EBIT": -75,
        "Net Income": -83
    },
    "2019-04-30": {
        "Diluted EPS": -0.08,
        "Total Revenue": NaN,
        "Gross Profit": 254,
        "Operating Income": -30,
        "EBIT": -23,
        "Net Income": -30
    },
    "2019-01-31": {
        "Diluted EPS": -0.17,
        "Total Revenue": NaN,
        "Gross Profit": 227,
        "Operating Income": -66,
        "EBIT": -57,
        "Net Income": -66
    },
    "2018-10-31": {
        "Diluted EPS": -0.2,
        "Total Revenue": 876,
        "Gross Profit": 172,
        "Operating Income": -78,
        "EBIT": -70,
        "Net Income": -79
    },
    "2018-07-31": {
        "Diluted EPS": -0.16,
        "Total Revenue": 806,
        "Gross Profit": 166,
        "Operating Income": -63,
        "EBIT": -55,
        "Net Income": -63
    },
    "2018-04-30": {
        "Diluted EPS": -0.15,
        "Total Revenue": 763,
        "Gross Profit": 150,
        "Operating Income": -60,
        "EBIT": -53,
        "Net Income": -60
    },
    "2018-01-31": {
        "Diluted EPS": 0.0,
        "Total Revenue": NaN,
        "Gross Profit": NaN,
        "Operating Income": NaN,
        "EBIT": NaN,
        "Net Income": NaN
    },
    "2023-07-31": {
        "Tax Effect Of Unusual Items": NaN,
        "Tax Rate For Calcs": NaN,
        "Normalized EBITDA": NaN,
        "Total Unusual Items": NaN,
        "Total Unusual Items Excluding Goodwill": NaN,
        "Net Income From Continuing Operation Net Minority Interest": NaN,
        "Reconciled Depreciation": NaN,
        "Reconciled Cost Of Revenue": NaN,
        "EBITDA": NaN,
        "EBIT": NaN,
        "Net Interest Income": NaN,
        "Interest Expense": NaN,
        "Interest Income": NaN,
        "Normalized Income": NaN,
        "Net Income From Continuing And Discontinued Operation": NaN,
        "Total Expenses": NaN,
        "Total Operating Income As Reported": NaN,
        "Diluted Average Shares": 431576000.0,
        "Basic Average Shares": 428618000.0,
        "Diluted EPS": 0.05,
        "Basic EPS": 0.05,
        "Diluted NI Availto Com Stockholders": NaN,
        "Net Income Common Stockholders": NaN,
        "Net Income": NaN,
        "Net Income Including Noncontrolling Interests": NaN,
        "Net Income Continuous Operations": NaN,
        "Tax Provision": NaN,
        "Pretax Income": NaN,
        "Other Income Expense": NaN,
        "Other Non Operating Income Expenses": NaN,
        "Gain On Sale Of Security": NaN,
        "Net Non Operating Interest Income Expense": NaN,
        "Interest Expense Non Operating": NaN,
        "Interest Income Non Operating": NaN,
        "Operating Income": NaN,
        "Operating Expense": NaN,
        "Selling General And Administration": NaN,
        "Selling And Marketing Expense": NaN,
        "General And Administrative Expense": NaN,
        "Other Gand A": NaN,
        "Gross Profit": NaN,
        "Cost Of Revenue": NaN,
        "Total Revenue": NaN,
        "Operating Revenue": NaN
    },
    "2023-10-31": {
        "Tax Effect Of Unusual Items": -7165620.0,
        "Tax Rate For Calcs": 0.21,
        "Normalized EBITDA": 26871000.0,
        "Total Unusual Items": -34122000.0,
        "Total Unusual Items Excluding Goodwill": -34122000.0,
        "Net Income From Continuing Operation Net Minority Interest": -35372000.0,
        "Reconciled Depreciation": 25540000.0,
        "Reconciled Cost Of Revenue": 1964019000.0,
        "EBITDA": -7251000.0,
        "EBIT": -32791000.0,
        "Net Interest Income": 10173000.0,
        "Interest Expense": 877000.0,
        "Interest Income": 11050000.0,
        "Normalized Income": -8415620.0,
        "Net Income From Continuing And Discontinued Operation": -35372000.0,
        "Total Expenses": 2755594000.0,
        "Total Operating Income As Reported": -9719000.0,
        "Diluted Average Shares": 430758000.0,
        "Basic Average Shares": 430758000.0,
        "Diluted EPS": -0.08,
        "Basic EPS": -0.08,
        "Diluted NI Availto Com Stockholders": -35372000.0,
        "Net Income Common Stockholders": -35372000.0,
        "Net Income": -35372000.0,
        "Net Income Including Noncontrolling Interests": -35372000.0,
        "Net Income Continuous Operations": -35372000.0,
        "Tax Provision": 1704000.0,
        "Pretax Income": -33668000.0,
        "Other Income Expense": -34122000.0,
        "Other Non Operating Income Expenses": NaN,
        "Gain On Sale Of Security": -34122000.0,
        "Net Non Operating Interest Income Expense": 10173000.0,
        "Interest Expense Non Operating": 877000.0,
        "Interest Income Non Operating": 11050000.0,
        "Operating Income": -9719000.0,
        "Operating Expense": 791575000.0,
        "Selling General And Administration": 791575000.0,
        "Selling And Marketing Expense": 179200000.0,
        "General And Administrative Expense": 612375000.0,
        "Other Gand A": 612375000.0,
        "Gross Profit": 781856000.0,
        "Cost Of Revenue": 1964019000.0,
        "Total Revenue": 2745875000.0,
        "Operating Revenue": 2269716000.0
    },
    "2024-01-31": {
        "Tax Effect Of Unusual Items": 3234254.228574,
        "Tax Rate For Calcs": 0.119248,
        "Normalized EBITDA": 40225000.0,
        "Total Unusual Items": 27122000.0,
        "Total Unusual Items Excluding Goodwill": 27122000.0,
        "Net Income From Continuing Operation Net Minority Interest": 34263000.0,
        "Reconciled Depreciation": 27498000.0,
        "Reconciled Cost Of Revenue": 2044136000.0,
        "EBITDA": 67347000.0,
        "EBIT": 39849000.0,
        "Net Interest Income": 31384000.0,
        "Interest Expense": 947000.0,
        "Interest Income": 32331000.0,
        "Normalized Income": 10375254.228574,
        "Net Income From Continuing And Discontinued Operation": 34263000.0,
        "Total Expenses": 2866269000.0,
        "Total Operating Income As Reported": -19604000.0,
        "Diluted Average Shares": NaN,
        "Basic Average Shares": NaN,
        "Diluted EPS": NaN,
        "Basic EPS": NaN,
        "Diluted NI Availto Com Stockholders": 34263000.0,
        "Net Income Common Stockholders": 34263000.0,
        "Net Income": 34263000.0,
        "Net Income Including Noncontrolling Interests": 34263000.0,
        "Net Income Continuous Operations": 34263000.0,
        "Tax Provision": 4639000.0,
        "Pretax Income": 38902000.0,
        "Other Income Expense": 27122000.0,
        "Other Non Operating Income Expenses": NaN,
        "Gain On Sale Of Security": 27122000.0,
        "Net Non Operating Interest Income Expense": 31384000.0,
        "Interest Expense Non Operating": 947000.0,
        "Interest Income Non Operating": 32331000.0,
        "Operating Income": -19604000.0,
        "Operating Expense": 822133000.0,
        "Selling General And Administration": 822133000.0,
        "Selling And Marketing Expense": 194036000.0,
        "General And Administrative Expense": 628097000.0,
        "Other Gand A": 628097000.0,
        "Gross Profit": 802529000.0,
        "Cost Of Revenue": 2044136000.0,
        "Total Revenue": 2846665000.0,
        "Operating Revenue": 2336816000.0
    },
    "2024-04-30": {
        "Tax Effect Of Unusual Items": -183130.262822,
        "Tax Rate For Calcs": 0.146504,
        "Normalized EBITDA": 108965000.0,
        "Total Unusual Items": -1250000.0,
        "Total Unusual Items Excluding Goodwill": -1250000.0,
        "Net Income From Continuing Operation Net Minority Interest": 66897000.0,
        "Reconciled Depreciation": 28000000.0,
        "Reconciled Cost Of Revenue": 2023733000.0,
        "EBITDA": 107715000.0,
        "EBIT": 79715000.0,
        "Net Interest Income": 14523000.0,
        "Interest Expense": 1335000.0,
        "Interest Income": 15858000.0,
        "Normalized Income": 67963869.737178,
        "Net Income From Continuing And Discontinued Operation": 66897000.0,
        "Total Expenses": 2813109000.0,
        "Total Operating Income As Reported": 64616000.0,
        "Diluted Average Shares": 436424000.0,
        "Basic Average Shares": 434873000.0,
        "Diluted EPS": 0.15,
        "Basic EPS": 0.15,
        "Diluted NI Availto Com Stockholders": 66897000.0,
        "Net Income Common Stockholders": 66897000.0,
        "Net Income": 66897000.0,
        "Net Income Including Noncontrolling Interests": 66897000.0,
        "Net Income Continuous Operations": 66897000.0,
        "Tax Provision": 11483000.0,
        "Pretax Income": 78380000.0,
        "Other Income Expense": -759000.0,
        "Other Non Operating Income Expenses": 491000.0,
        "Gain On Sale Of Security": -1250000.0,
        "Net Non Operating Interest Income Expense": 14523000.0,
        "Interest Expense Non Operating": 1335000.0,
        "Interest Income Non Operating": 15858000.0,
        "Operating Income": 64616000.0,
        "Operating Expense": 789376000.0,
        "Selling General And Administration": 789376000.0,
        "Selling And Marketing Expense": 186815000.0,
        "General And Administrative Expense": 602561000.0,
        "Other Gand A": 602561000.0,
        "Gross Profit": 853992000.0,
        "Cost Of Revenue": 2023733000.0,
        "Total Revenue": 2877725000.0,
        "Operating Revenue": 2351637000.0
    },
    "2024-07-31": {
        "Tax Effect Of Unusual Items": 217770.0,
        "Tax Rate For Calcs": 0.21,
        "Normalized EBITDA": 75439000.0,
        "Total Unusual Items": 1037000.0,
        "Total Unusual Items Excluding Goodwill": 1037000.0,
        "Net Income From Continuing Operation Net Minority Interest": 299117000.0,
        "Reconciled Depreciation": 28455000.0,
        "Reconciled Cost Of Revenue": 2014753000.0,
        "EBITDA": 76476000.0,
        "EBIT": 48021000.0,
        "Net Interest Income": 12921000.0,
        "Interest Expense": 1508000.0,
        "Interest Income": 14429000.0,
        "Normalized Income": 298297770.0,
        "Net Income From Continuing And Discontinued Operation": 299117000.0,
        "Total Expenses": 2826538000.0,
        "Total Operating Income As Reported": 32051000.0,
        "Diluted Average Shares": 437882000.0,
        "Basic Average Shares": 429377000.0,
        "Diluted EPS": 0.68,
        "Basic EPS": 0.7,
        "Diluted NI Availto Com Stockholders": 299117000.0,
        "Net Income Common Stockholders": 299117000.0,
        "Net Income": 299117000.0,
        "Net Income Including Noncontrolling Interests": 299117000.0,
        "Net Income Continuous Operations": 299117000.0,
        "Tax Provision": -252604000.0,
        "Pretax Income": 46513000.0,
        "Other Income Expense": 1541000.0,
        "Other Non Operating Income Expenses": 504000.0,
        "Gain On Sale Of Security": 1037000.0,
        "Net Non Operating Interest Income Expense": 12921000.0,
        "Interest Expense Non Operating": 1508000.0,
        "Interest Income Non Operating": 14429000.0,
        "Operating Income": 32051000.0,
        "Operating Expense": 811785000.0,
        "Selling General And Administration": 811785000.0,
        "Selling And Marketing Expense": 190518000.0,
        "General And Administrative Expense": 621267000.0,
        "Other Gand A": 621267000.0,
        "Gross Profit": 843836000.0,
        "Cost Of Revenue": 2014753000.0,
        "Total Revenue": 2858589000.0,
        "Operating Revenue": 2316733000.0
    },
    "2024-10-31": {
        "Tax Effect Of Unusual Items": -116130.0,
        "Tax Rate For Calcs": 0.21,
        "Normalized EBITDA": 60384000.0,
        "Total Unusual Items": -553000.0,
        "Total Unusual Items Excluding Goodwill": -553000.0,
        "Net Income From Continuing Operation Net Minority Interest": 3932000.0,
        "Reconciled Depreciation": 28981000.0,
        "Reconciled Cost Of Revenue": 2033762000.0,
        "EBITDA": 59831000.0,
        "EBIT": 30850000.0,
        "Net Interest Income": 3901000.0,
        "Interest Expense": 1353000.0,
        "Interest Income": 5254000.0,
        "Normalized Income": 4368870.0,
        "Net Income From Continuing And Discontinued Operation": 3932000.0,
        "Total Expenses": 2852003000.0,
        "Total Operating Income As Reported": 25632000.0,
        "Diluted Average Shares": 426572000.0,
        "Basic Average Shares": 414361000.0,
        "Diluted EPS": 0.01,
        "Basic EPS": 0.01,
        "Diluted NI Availto Com Stockholders": 3932000.0,
        "Net Income Common Stockholders": 3932000.0,
        "Net Income": 3932000.0,
        "Net Income Including Noncontrolling Interests": 3932000.0,
        "Net Income Continuous Operations": 3932000.0,
        "Tax Provision": 25565000.0,
        "Pretax Income": 29497000.0,
        "Other Income Expense": -36000.0,
        "Other Non Operating Income Expenses": 517000.0,
        "Gain On Sale Of Security": -553000.0,
        "Net Non Operating Interest Income Expense": 3901000.0,
        "Interest Expense Non Operating": 1353000.0,
        "Interest Income Non Operating": 5254000.0,
        "Operating Income": 25632000.0,
        "Operating Expense": 818241000.0,
        "Selling General And Administration": 818241000.0,
        "Selling And Marketing Expense": 191770000.0,
        "General And Administrative Expense": 626471000.0,
        "Other Gand A": 626471000.0,
        "Gross Profit": 843873000.0,
        "Cost Of Revenue": 2033762000.0,
        "Total Revenue": 2877635000.0,
        "Operating Revenue": 2339699000.0
    }
}