{
    "2023-03-31": {
        "Tax Effect Of Unusual Items": NaN,
        "Tax Rate For Calcs": NaN,
        "Normalized EBITDA": NaN,
        "Total Unusual Items": NaN,
        "Total Unusual Items Excluding Goodwill": NaN,
        "Net Income From Continuing Operation Net Minority Interest": NaN,
        "Reconciled Depreciation": NaN,
        "Reconciled Cost Of Revenue": NaN,
        "EBITDA": NaN,
        "EBIT": NaN,
        "Net Interest Income": NaN,
        "Interest Expense": NaN,
        "Interest Income": NaN,
        "Normalized Income": NaN,
        "Net Income From Continuing And Discontinued Operation": NaN,
        "Total Expenses": NaN,
        "Total Operating Income As Reported": NaN,
        "Diluted Average Shares": 248654082.0,
        "Basic Average Shares": 248654082.0,
        "Diluted EPS": -0.02,
        "Basic EPS": -0.02,
        "Diluted NI Availto Com Stockholders": NaN,
        "Net Income Common Stockholders": NaN,
        "Net Income": NaN,
        "Net Income Including Noncontrolling Interests": NaN,
        "Net Income Continuous Operations": NaN,
        "Tax Provision": NaN,
        "Pretax Income": NaN,
        "Other Income Expense": NaN,
        "Other Non Operating Income Expenses": NaN,
        "Special Income Charges": -1805000.0,
        "Write Off": 1805000.0,
        "Earnings From Equity Interest": -750000.0,
        "Gain On Sale Of Security": NaN,
        "Net Non Operating Interest Income Expense": NaN,
        "Interest Expense Non Operating": NaN,
        "Interest Income Non Operating": NaN,
        "Operating Income": NaN,
        "Operating Expense": NaN,
        "Other Operating Expenses": NaN,
        "Depreciation Amortization Depletion Income Statement": NaN,
        "Depreciation And Amortization In Income Statement": NaN,
        "Depreciation Income Statement": 11655000.0,
        "Selling General And Administration": NaN,
        "General And Administrative Expense": NaN,
        "Other Gand A": NaN,
        "Gross Profit": NaN,
        "Cost Of Revenue": NaN,
        "Total Revenue": NaN,
        "Operating Revenue": NaN
    },
    "2022-12-31": {
        "Tax Effect Of Unusual Items": NaN,
        "Tax Rate For Calcs": NaN,
        "Normalized EBITDA": NaN,
        "Total Unusual Items": NaN,
        "Total Unusual Items Excluding Goodwill": NaN,
        "Net Income From Continuing Operation Net Minority Interest": NaN,
        "Reconciled Depreciation": NaN,
        "Reconciled Cost Of Revenue": NaN,
        "EBITDA": NaN,
        "EBIT": NaN,
        "Net Interest Income": NaN,
        "Interest Expense": NaN,
        "Interest Income": NaN,
        "Normalized Income": NaN,
        "Net Income From Continuing And Discontinued Operation": NaN,
        "Total Expenses": NaN,
        "Total Operating Income As Reported": NaN,
        "Diluted Average Shares": NaN,
        "Basic Average Shares": NaN,
        "Diluted EPS": NaN,
        "Basic EPS": NaN,
        "Diluted NI Availto Com Stockholders": NaN,
        "Net Income Common Stockholders": NaN,
        "Net Income": NaN,
        "Net Income Including Noncontrolling Interests": NaN,
        "Net Income Continuous Operations": NaN,
        "Tax Provision": NaN,
        "Pretax Income": NaN,
        "Other Income Expense": NaN,
        "Other Non Operating Income Expenses": NaN,
        "Special Income Charges": -608000.0,
        "Write Off": 608000.0,
        "Earnings From Equity Interest": -16395000.0,
        "Gain On Sale Of Security": NaN,
        "Net Non Operating Interest Income Expense": NaN,
        "Interest Expense Non Operating": NaN,
        "Interest Income Non Operating": NaN,
        "Operating Income": NaN,
        "Operating Expense": NaN,
        "Other Operating Expenses": NaN,
        "Depreciation Amortization Depletion Income Statement": NaN,
        "Depreciation And Amortization In Income Statement": NaN,
        "Depreciation Income Statement": 4352000.0,
        "Selling General And Administration": NaN,
        "General And Administrative Expense": NaN,
        "Other Gand A": NaN,
        "Gross Profit": NaN,
        "Cost Of Revenue": NaN,
        "Total Revenue": NaN,
        "Operating Revenue": NaN
    },
    "2022-09-30": {
        "Tax Effect Of Unusual Items": NaN,
        "Tax Rate For Calcs": NaN,
        "Normalized EBITDA": NaN,
        "Total Unusual Items": NaN,
        "Total Unusual Items Excluding Goodwill": NaN,
        "Net Income From Continuing Operation Net Minority Interest": NaN,
        "Reconciled Depreciation": NaN,
        "Reconciled Cost Of Revenue": NaN,
        "EBITDA": NaN,
        "EBIT": NaN,
        "Net Interest Income": NaN,
        "Interest Expense": NaN,
        "Interest Income": NaN,
        "Normalized Income": NaN,
        "Net Income From Continuing And Discontinued Operation": NaN,
        "Total Expenses": NaN,
        "Total Operating Income As Reported": NaN,
        "Diluted Average Shares": 248342200.0,
        "Basic Average Shares": 247508745.0,
        "Diluted EPS": 0.24,
        "Basic EPS": 0.24,
        "Diluted NI Availto Com Stockholders": NaN,
        "Net Income Common Stockholders": NaN,
        "Net Income": NaN,
        "Net Income Including Noncontrolling Interests": NaN,
        "Net Income Continuous Operations": NaN,
        "Tax Provision": NaN,
        "Pretax Income": NaN,
        "Other Income Expense": NaN,
        "Other Non Operating Income Expenses": NaN,
        "Special Income Charges": NaN,
        "Write Off": NaN,
        "Earnings From Equity Interest": -8345000.0,
        "Gain On Sale Of Security": NaN,
        "Net Non Operating Interest Income Expense": NaN,
        "Interest Expense Non Operating": NaN,
        "Interest Income Non Operating": NaN,
        "Operating Income": NaN,
        "Operating Expense": NaN,
        "Other Operating Expenses": NaN,
        "Depreciation Amortization Depletion Income Statement": NaN,
        "Depreciation And Amortization In Income Statement": NaN,
        "Depreciation Income Statement": 11000.0,
        "Selling General And Administration": NaN,
        "General And Administrative Expense": NaN,
        "Other Gand A": NaN,
        "Gross Profit": NaN,
        "Cost Of Revenue": NaN,
        "Total Revenue": NaN,
        "Operating Revenue": NaN
    },
    "2022-06-30": {
        "Tax Effect Of Unusual Items": 0.0,
        "Tax Rate For Calcs": 0.0,
        "Normalized EBITDA": -28532000.0,
        "Total Unusual Items": -472000.0,
        "Total Unusual Items Excluding Goodwill": -472000.0,
        "Net Income From Continuing Operation Net Minority Interest": -29219000.0,
        "Reconciled Depreciation": 215000.0,
        "Reconciled Cost Of Revenue": NaN,
        "EBITDA": -29004000.0,
        "EBIT": -29219000.0,
        "Net Interest Income": 44000.0,
        "Interest Expense": 0.0,
        "Interest Income": 44000.0,
        "Normalized Income": -28747000.0,
        "Net Income From Continuing And Discontinued Operation": -29219000.0,
        "Total Expenses": 16712000.0,
        "Total Operating Income As Reported": -29326000.0,
        "Diluted Average Shares": 247730410.0,
        "Basic Average Shares": 247730410.0,
        "Diluted EPS": -0.12,
        "Basic EPS": -0.12,
        "Diluted NI Availto Com Stockholders": -29219000.0,
        "Net Income Common Stockholders": -29219000.0,
        "Net Income": -29219000.0,
        "Net Income Including Noncontrolling Interests": -29219000.0,
        "Net Income Continuous Operations": -29219000.0,
        "Tax Provision": NaN,
        "Pretax Income": -29219000.0,
        "Other Income Expense": -12551000.0,
        "Other Non Operating Income Expenses": NaN,
        "Special Income Charges": -535000.0,
        "Write Off": 535000.0,
        "Earnings From Equity Interest": -12079000.0,
        "Gain On Sale Of Security": 63000.0,
        "Net Non Operating Interest Income Expense": 44000.0,
        "Interest Expense Non Operating": 0.0,
        "Interest Income Non Operating": 44000.0,
        "Operating Income": -16712000.0,
        "Operating Expense": 16712000.0,
        "Other Operating Expenses": NaN,
        "Depreciation Amortization Depletion Income Statement": 8000.0,
        "Depreciation And Amortization In Income Statement": 8000.0,
        "Depreciation Income Statement": 8000.0,
        "Selling General And Administration": 16704000.0,
        "General And Administrative Expense": 16704000.0,
        "Other Gand A": 16704000.0,
        "Gross Profit": NaN,
        "Cost Of Revenue": NaN,
        "Total Revenue": 0.0,
        "Operating Revenue": 0.0
    },
    "2022-03-31": {
        "Diluted EPS": -0.07,
        "Total Revenue": NaN,
        "Gross Profit": NaN,
        "Operating Income": -18,
        "EBIT": -17,
        "Net Income": -17
    },
    "2021-12-31": {
        "Diluted EPS": -0.32,
        "Total Revenue": NaN,
        "Gross Profit": NaN,
        "Operating Income": -69,
        "EBIT": -69,
        "Net Income": -69
    },
    "2021-09-30": {
        "Diluted EPS": -0.01,
        "Total Revenue": NaN,
        "Gross Profit": NaN,
        "Operating Income": -2,
        "EBIT": -2,
        "Net Income": -2
    },
    "2021-06-30": {
        "Diluted EPS": -0.0,
        "Total Revenue": NaN,
        "Gross Profit": NaN,
        "Operating Income": -1,
        "EBIT": -1,
        "Net Income": -1
    },
    "2021-03-31": {
        "Diluted EPS": -0.0,
        "Total Revenue": NaN,
        "Gross Profit": NaN,
        "Operating Income": 0,
        "EBIT": 0,
        "Net Income": 0
    },
    "2020-12-31": {
        "Diluted EPS": 0.0,
        "Total Revenue": NaN,
        "Gross Profit": NaN,
        "Operating Income": NaN,
        "EBIT": NaN,
        "Net Income": NaN
    },
    "2020-09-30": {
        "Diluted EPS": 0.0,
        "Total Revenue": NaN,
        "Gross Profit": NaN,
        "Operating Income": 0,
        "EBIT": 0,
        "Net Income": 0
    },
    "2020-06-30": {
        "Diluted EPS": 0.0,
        "Total Revenue": NaN,
        "Gross Profit": NaN,
        "Operating Income": 0,
        "EBIT": 0,
        "Net Income": 0
    },
    "2023-06-30": {
        "Tax Effect Of Unusual Items": 852600.0,
        "Tax Rate For Calcs": 0.21,
        "Normalized EBITDA": -1516000.0,
        "Total Unusual Items": 4060000.0,
        "Total Unusual Items Excluding Goodwill": 4060000.0,
        "Net Income From Continuing Operation Net Minority Interest": -13198000.0,
        "Reconciled Depreciation": 14642000.0,
        "Reconciled Cost Of Revenue": 28306000.0,
        "EBITDA": 2544000.0,
        "EBIT": -12098000.0,
        "Net Interest Income": -460000.0,
        "Interest Expense": 485000.0,
        "Interest Income": 25000.0,
        "Normalized Income": -16405400.0,
        "Net Income From Continuing And Discontinued Operation": -13198000.0,
        "Total Expenses": 45964000.0,
        "Total Operating Income As Reported": -12089000.0,
        "Diluted Average Shares": 249127664.0,
        "Basic Average Shares": 249127664.0,
        "Diluted EPS": -0.052977,
        "Basic EPS": -0.05,
        "Diluted NI Availto Com Stockholders": -13198000.0,
        "Net Income Common Stockholders": -13198000.0,
        "Net Income": -13198000.0,
        "Net Income Including Noncontrolling Interests": -13198000.0,
        "Net Income Continuous Operations": -13198000.0,
        "Tax Provision": 615000.0,
        "Pretax Income": -12583000.0,
        "Other Income Expense": 2617000.0,
        "Other Non Operating Income Expenses": -12000.0,
        "Special Income Charges": -2828000.0,
        "Write Off": 2828000.0,
        "Earnings From Equity Interest": -1431000.0,
        "Gain On Sale Of Security": 4060000.0,
        "Net Non Operating Interest Income Expense": -460000.0,
        "Interest Expense Non Operating": 485000.0,
        "Interest Income Non Operating": 25000.0,
        "Operating Income": -14740000.0,
        "Operating Expense": 17428000.0,
        "Other Operating Expenses": -5651000.0,
        "Depreciation Amortization Depletion Income Statement": 14412000.0,
        "Depreciation And Amortization In Income Statement": 14412000.0,
        "Depreciation Income Statement": 14412000.0,
        "Selling General And Administration": 8667000.0,
        "General And Administrative Expense": 8667000.0,
        "Other Gand A": 8667000.0,
        "Gross Profit": 2688000.0,
        "Cost Of Revenue": 28536000.0,
        "Total Revenue": 31224000.0,
        "Operating Revenue": 31224000.0
    },
    "2023-09-30": {
        "Tax Effect Of Unusual Items": 105444.0,
        "Tax Rate For Calcs": 0.058,
        "Normalized EBITDA": -3546000.0,
        "Total Unusual Items": 1818000.0,
        "Total Unusual Items Excluding Goodwill": 1818000.0,
        "Net Income From Continuing Operation Net Minority Interest": -17711000.0,
        "Reconciled Depreciation": 16453000.0,
        "Reconciled Cost Of Revenue": 12772000.0,
        "EBITDA": -1728000.0,
        "EBIT": -18181000.0,
        "Net Interest Income": -616000.0,
        "Interest Expense": 627000.0,
        "Interest Income": 11000.0,
        "Normalized Income": -19423556.0,
        "Net Income From Continuing And Discontinued Operation": -17711000.0,
        "Total Expenses": 50308000.0,
        "Total Operating Income As Reported": -18196000.0,
        "Diluted Average Shares": 251789350.0,
        "Basic Average Shares": 251789350.0,
        "Diluted EPS": -0.07,
        "Basic EPS": -0.07,
        "Diluted NI Availto Com Stockholders": -17711000.0,
        "Net Income Common Stockholders": -17711000.0,
        "Net Income": -17711000.0,
        "Net Income Including Noncontrolling Interests": -17711000.0,
        "Net Income Continuous Operations": -17711000.0,
        "Tax Provision": -1097000.0,
        "Pretax Income": -18808000.0,
        "Other Income Expense": 1812000.0,
        "Other Non Operating Income Expenses": -6000.0,
        "Special Income Charges": -3443000.0,
        "Write Off": 3443000.0,
        "Earnings From Equity Interest": NaN,
        "Gain On Sale Of Security": 5261000.0,
        "Net Non Operating Interest Income Expense": -616000.0,
        "Interest Expense Non Operating": 627000.0,
        "Interest Income Non Operating": 11000.0,
        "Operating Income": -20004000.0,
        "Operating Expense": 37300000.0,
        "Other Operating Expenses": -2815000.0,
        "Depreciation Amortization Depletion Income Statement": 16217000.0,
        "Depreciation And Amortization In Income Statement": 16217000.0,
        "Depreciation Income Statement": 16217000.0,
        "Selling General And Administration": 23898000.0,
        "General And Administrative Expense": 23898000.0,
        "Other Gand A": 23898000.0,
        "Gross Profit": 17296000.0,
        "Cost Of Revenue": 13008000.0,
        "Total Revenue": 30304000.0,
        "Operating Revenue": 30304000.0
    },
    "2023-12-31": {
        "Tax Effect Of Unusual Items": 6781167.926388,
        "Tax Rate For Calcs": 0.261518,
        "Normalized EBITDA": 6714000.0,
        "Total Unusual Items": 25930000.0,
        "Total Unusual Items Excluding Goodwill": 25930000.0,
        "Net Income From Continuing Operation Net Minority Interest": 11236000.0,
        "Reconciled Depreciation": 16943000.0,
        "Reconciled Cost Of Revenue": 13158000.0,
        "EBITDA": 32644000.0,
        "EBIT": 15701000.0,
        "Net Interest Income": -434000.0,
        "Interest Expense": 486000.0,
        "Interest Income": 52000.0,
        "Normalized Income": -7912832.073612,
        "Net Income From Continuing And Discontinued Operation": 11236000.0,
        "Total Expenses": 51171000.0,
        "Total Operating Income As Reported": 15842000.0,
        "Diluted Average Shares": NaN,
        "Basic Average Shares": NaN,
        "Diluted EPS": NaN,
        "Basic EPS": NaN,
        "Diluted NI Availto Com Stockholders": 11236000.0,
        "Net Income Common Stockholders": 11236000.0,
        "Net Income": 11236000.0,
        "Net Income Including Noncontrolling Interests": 11236000.0,
        "Net Income Continuous Operations": 11236000.0,
        "Tax Provision": 3979000.0,
        "Pretax Income": 15215000.0,
        "Other Income Expense": 23401000.0,
        "Other Non Operating Income Expenses": 1000.0,
        "Special Income Charges": 8076000.0,
        "Write Off": -8076000.0,
        "Earnings From Equity Interest": NaN,
        "Gain On Sale Of Security": 17854000.0,
        "Net Non Operating Interest Income Expense": -434000.0,
        "Interest Expense Non Operating": 486000.0,
        "Interest Income Non Operating": 52000.0,
        "Operating Income": -7752000.0,
        "Operating Expense": 37879000.0,
        "Other Operating Expenses": -1472000.0,
        "Depreciation Amortization Depletion Income Statement": 16809000.0,
        "Depreciation And Amortization In Income Statement": 16809000.0,
        "Depreciation Income Statement": NaN,
        "Selling General And Administration": 22542000.0,
        "General And Administrative Expense": 22542000.0,
        "Other Gand A": 22542000.0,
        "Gross Profit": 30127000.0,
        "Cost Of Revenue": 13292000.0,
        "Total Revenue": 43419000.0,
        "Operating Revenue": 43419000.0
    },
    "2024-03-31": {
        "Tax Effect Of Unusual Items": 5876130.0,
        "Tax Rate For Calcs": 0.122,
        "Normalized EBITDA": 15197000.0,
        "Total Unusual Items": 48165000.0,
        "Total Unusual Items Excluding Goodwill": 48165000.0,
        "Net Income From Continuing Operation Net Minority Interest": 39900000.0,
        "Reconciled Depreciation": 17498000.0,
        "Reconciled Cost Of Revenue": 27602000.0,
        "EBITDA": 63362000.0,
        "EBIT": 45864000.0,
        "Net Interest Income": 386000.0,
        "Interest Expense": 400000.0,
        "Interest Income": 786000.0,
        "Normalized Income": -2388870.0,
        "Net Income From Continuing And Discontinued Operation": 39900000.0,
        "Total Expenses": 50004000.0,
        "Total Operating Income As Reported": 46786000.0,
        "Diluted Average Shares": 304397979.0,
        "Basic Average Shares": 296641499.0,
        "Diluted EPS": 0.13,
        "Basic EPS": 0.13,
        "Diluted NI Availto Com Stockholders": 39900000.0,
        "Net Income Common Stockholders": 39900000.0,
        "Net Income": 39900000.0,
        "Net Income Including Noncontrolling Interests": 39900000.0,
        "Net Income Continuous Operations": 39900000.0,
        "Tax Provision": 5564000.0,
        "Pretax Income": 45464000.0,
        "Other Income Expense": 46945000.0,
        "Other Non Operating Income Expenses": -1958000.0,
        "Special Income Charges": NaN,
        "Write Off": NaN,
        "Earnings From Equity Interest": 738000.0,
        "Gain On Sale Of Security": 48165000.0,
        "Net Non Operating Interest Income Expense": 386000.0,
        "Interest Expense Non Operating": 400000.0,
        "Interest Income Non Operating": 786000.0,
        "Operating Income": -1867000.0,
        "Operating Expense": 22148000.0,
        "Other Operating Expenses": -1173000.0,
        "Depreciation Amortization Depletion Income Statement": 17244000.0,
        "Depreciation And Amortization In Income Statement": 17244000.0,
        "Depreciation Income Statement": NaN,
        "Selling General And Administration": 6077000.0,
        "General And Administrative Expense": 6077000.0,
        "Other Gand A": 6077000.0,
        "Gross Profit": 20281000.0,
        "Cost Of Revenue": 27856000.0,
        "Total Revenue": 48137000.0,
        "Operating Revenue": 48137000.0
    },
    "2024-06-30": {
        "Tax Effect Of Unusual Items": 1190910.0,
        "Tax Rate For Calcs": 0.21,
        "Normalized EBITDA": 500000.0,
        "Total Unusual Items": 5671000.0,
        "Total Unusual Items Excluding Goodwill": 5671000.0,
        "Net Income From Continuing Operation Net Minority Interest": -15291000.0,
        "Reconciled Depreciation": 20562000.0,
        "Reconciled Cost Of Revenue": 30255000.0,
        "EBITDA": 6171000.0,
        "EBIT": -14391000.0,
        "Net Interest Income": 681000.0,
        "Interest Expense": 372000.0,
        "Interest Income": 1053000.0,
        "Normalized Income": -19771090.0,
        "Net Income From Continuing And Discontinued Operation": -15291000.0,
        "Total Expenses": 58073000.0,
        "Total Operating Income As Reported": -16171000.0,
        "Diluted Average Shares": 314353742.0,
        "Basic Average Shares": 314353742.0,
        "Diluted EPS": -0.05,
        "Basic EPS": -0.05,
        "Diluted NI Availto Com Stockholders": -15291000.0,
        "Net Income Common Stockholders": -15291000.0,
        "Net Income": -15291000.0,
        "Net Income Including Noncontrolling Interests": -15291000.0,
        "Net Income Continuous Operations": -15291000.0,
        "Tax Provision": 528000.0,
        "Pretax Income": -14763000.0,
        "Other Income Expense": 5821000.0,
        "Other Non Operating Income Expenses": 727000.0,
        "Special Income Charges": NaN,
        "Write Off": NaN,
        "Earnings From Equity Interest": -577000.0,
        "Gain On Sale Of Security": 5671000.0,
        "Net Non Operating Interest Income Expense": 681000.0,
        "Interest Expense Non Operating": 372000.0,
        "Interest Income Non Operating": 1053000.0,
        "Operating Income": -21265000.0,
        "Operating Expense": 27507000.0,
        "Other Operating Expenses": -1109000.0,
        "Depreciation Amortization Depletion Income Statement": 20251000.0,
        "Depreciation And Amortization In Income Statement": 20251000.0,
        "Depreciation Income Statement": NaN,
        "Selling General And Administration": 8365000.0,
        "General And Administrative Expense": 8365000.0,
        "Other Gand A": 8365000.0,
        "Gross Profit": 6242000.0,
        "Cost Of Revenue": 30566000.0,
        "Total Revenue": 36808000.0,
        "Operating Revenue": 36808000.0
    }
}