{
    "2023-03-31": {
        "Tax Effect Of Unusual Items": NaN,
        "Tax Rate For Calcs": NaN,
        "Normalized EBITDA": NaN,
        "Total Unusual Items": NaN,
        "Total Unusual Items Excluding Goodwill": NaN,
        "Net Income From Continuing Operation Net Minority Interest": NaN,
        "Reconciled Depreciation": NaN,
        "Reconciled Cost Of Revenue": NaN,
        "EBITDA": NaN,
        "EBIT": NaN,
        "Net Interest Income": NaN,
        "Interest Expense": NaN,
        "Interest Income": 43000.0,
        "Normalized Income": NaN,
        "Net Income From Continuing And Discontinued Operation": NaN,
        "Total Expenses": NaN,
        "Total Operating Income As Reported": NaN,
        "Diluted Average Shares": NaN,
        "Basic Average Shares": NaN,
        "Diluted EPS": NaN,
        "Basic EPS": NaN,
        "Diluted NI Availto Com Stockholders": NaN,
        "Net Income Common Stockholders": NaN,
        "Net Income": NaN,
        "Net Income Including Noncontrolling Interests": NaN,
        "Net Income Continuous Operations": NaN,
        "Tax Provision": NaN,
        "Pretax Income": NaN,
        "Other Income Expense": NaN,
        "Special Income Charges": NaN,
        "Write Off": NaN,
        "Gain On Sale Of Security": NaN,
        "Net Non Operating Interest Income Expense": NaN,
        "Total Other Finance Cost": NaN,
        "Interest Expense Non Operating": NaN,
        "Interest Income Non Operating": 43000.0,
        "Operating Income": NaN,
        "Operating Expense": NaN,
        "Other Operating Expenses": NaN,
        "Selling General And Administration": NaN,
        "Selling And Marketing Expense": NaN,
        "General And Administrative Expense": NaN,
        "Other Gand A": NaN,
        "Gross Profit": NaN,
        "Cost Of Revenue": NaN,
        "Total Revenue": NaN,
        "Operating Revenue": NaN
    },
    "2022-12-31": {
        "Tax Effect Of Unusual Items": NaN,
        "Tax Rate For Calcs": NaN,
        "Normalized EBITDA": NaN,
        "Total Unusual Items": NaN,
        "Total Unusual Items Excluding Goodwill": NaN,
        "Net Income From Continuing Operation Net Minority Interest": NaN,
        "Reconciled Depreciation": NaN,
        "Reconciled Cost Of Revenue": NaN,
        "EBITDA": NaN,
        "EBIT": NaN,
        "Net Interest Income": NaN,
        "Interest Expense": NaN,
        "Interest Income": 584000.0,
        "Normalized Income": NaN,
        "Net Income From Continuing And Discontinued Operation": NaN,
        "Total Expenses": NaN,
        "Total Operating Income As Reported": NaN,
        "Diluted Average Shares": NaN,
        "Basic Average Shares": NaN,
        "Diluted EPS": NaN,
        "Basic EPS": NaN,
        "Diluted NI Availto Com Stockholders": NaN,
        "Net Income Common Stockholders": NaN,
        "Net Income": NaN,
        "Net Income Including Noncontrolling Interests": NaN,
        "Net Income Continuous Operations": NaN,
        "Tax Provision": NaN,
        "Pretax Income": NaN,
        "Other Income Expense": NaN,
        "Special Income Charges": NaN,
        "Write Off": NaN,
        "Gain On Sale Of Security": NaN,
        "Net Non Operating Interest Income Expense": NaN,
        "Total Other Finance Cost": NaN,
        "Interest Expense Non Operating": NaN,
        "Interest Income Non Operating": 584000.0,
        "Operating Income": NaN,
        "Operating Expense": NaN,
        "Other Operating Expenses": NaN,
        "Research And Development": 0.0,
        "Selling General And Administration": NaN,
        "Selling And Marketing Expense": NaN,
        "General And Administrative Expense": NaN,
        "Other Gand A": NaN,
        "Gross Profit": NaN,
        "Cost Of Revenue": NaN,
        "Total Revenue": NaN,
        "Operating Revenue": NaN
    },
    "2022-09-30": {
        "Tax Effect Of Unusual Items": NaN,
        "Tax Rate For Calcs": NaN,
        "Normalized EBITDA": NaN,
        "Total Unusual Items": NaN,
        "Total Unusual Items Excluding Goodwill": NaN,
        "Net Income From Continuing Operation Net Minority Interest": NaN,
        "Reconciled Depreciation": NaN,
        "Reconciled Cost Of Revenue": NaN,
        "EBITDA": NaN,
        "EBIT": NaN,
        "Net Interest Income": NaN,
        "Interest Expense": NaN,
        "Interest Income": 1144000.0,
        "Normalized Income": NaN,
        "Net Income From Continuing And Discontinued Operation": NaN,
        "Total Expenses": NaN,
        "Total Operating Income As Reported": NaN,
        "Diluted Average Shares": NaN,
        "Basic Average Shares": NaN,
        "Diluted EPS": NaN,
        "Basic EPS": NaN,
        "Diluted NI Availto Com Stockholders": NaN,
        "Net Income Common Stockholders": NaN,
        "Net Income": NaN,
        "Net Income Including Noncontrolling Interests": NaN,
        "Net Income Continuous Operations": NaN,
        "Tax Provision": NaN,
        "Pretax Income": NaN,
        "Other Income Expense": NaN,
        "Special Income Charges": NaN,
        "Write Off": NaN,
        "Gain On Sale Of Security": NaN,
        "Net Non Operating Interest Income Expense": NaN,
        "Total Other Finance Cost": NaN,
        "Interest Expense Non Operating": NaN,
        "Interest Income Non Operating": 1144000.0,
        "Operating Income": NaN,
        "Operating Expense": NaN,
        "Other Operating Expenses": NaN,
        "Research And Development": 0.0,
        "Selling General And Administration": NaN,
        "Selling And Marketing Expense": NaN,
        "General And Administrative Expense": NaN,
        "Other Gand A": NaN,
        "Gross Profit": NaN,
        "Cost Of Revenue": NaN,
        "Total Revenue": NaN,
        "Operating Revenue": NaN
    },
    "2022-06-30": {
        "Tax Effect Of Unusual Items": 4925803.030987,
        "Tax Rate For Calcs": 0.376389,
        "Normalized EBITDA": 136726000.0,
        "Total Unusual Items": 13087000.0,
        "Total Unusual Items Excluding Goodwill": 13087000.0,
        "Net Income From Continuing Operation Net Minority Interest": 55222000.0,
        "Reconciled Depreciation": 24206000.0,
        "Reconciled Cost Of Revenue": 670494000.0,
        "EBITDA": 149813000.0,
        "EBIT": 125607000.0,
        "Net Interest Income": -48042000.0,
        "Interest Expense": 37055000.0,
        "Interest Income": 821000.0,
        "Normalized Income": 47060803.030987,
        "Net Income From Continuing And Discontinued Operation": 55222000.0,
        "Total Expenses": 893380000.0,
        "Total Operating Income As Reported": 122797000.0,
        "Diluted Average Shares": 133040816.0,
        "Basic Average Shares": 133040816.0,
        "Diluted EPS": 0.2,
        "Basic EPS": 0.2,
        "Diluted NI Availto Com Stockholders": 55222000.0,
        "Net Income Common Stockholders": 55222000.0,
        "Net Income": 55222000.0,
        "Net Income Including Noncontrolling Interests": 55222000.0,
        "Net Income Continuous Operations": 55222000.0,
        "Tax Provision": 33330000.0,
        "Pretax Income": 88552000.0,
        "Other Income Expense": 13087000.0,
        "Special Income Charges": -710000.0,
        "Write Off": 710000.0,
        "Gain On Sale Of Security": 13797000.0,
        "Net Non Operating Interest Income Expense": -48042000.0,
        "Total Other Finance Cost": 11808000.0,
        "Interest Expense Non Operating": 37055000.0,
        "Interest Income Non Operating": 821000.0,
        "Operating Income": 123507000.0,
        "Operating Expense": 222886000.0,
        "Other Operating Expenses": 4484000.0,
        "Research And Development": 0.0,
        "Selling General And Administration": 218402000.0,
        "Selling And Marketing Expense": 75091000.0,
        "General And Administrative Expense": 143311000.0,
        "Other Gand A": 143311000.0,
        "Gross Profit": 346393000.0,
        "Cost Of Revenue": 670494000.0,
        "Total Revenue": 1016887000.0,
        "Operating Revenue": 1013473000.0
    },
    "2022-03-31": {
        "Diluted EPS": 0.04,
        "Total Revenue": 94,
        "Gross Profit": 31,
        "Operating Income": 12,
        "EBIT": 15,
        "Net Income": 6
    },
    "2021-12-31": {
        "Diluted EPS": 0.0,
        "Total Revenue": NaN,
        "Gross Profit": NaN,
        "Operating Income": NaN,
        "EBIT": NaN,
        "Net Income": NaN
    },
    "2021-09-30": {
        "Diluted EPS": -0.24,
        "Total Revenue": 72,
        "Gross Profit": 72,
        "Operating Income": 72,
        "EBIT": 72,
        "Net Income": 0
    },
    "2021-06-30": {
        "Diluted EPS": 0.0,
        "Total Revenue": NaN,
        "Gross Profit": NaN,
        "Operating Income": NaN,
        "Net Income": NaN
    },
    "2020-12-31": {
        "Diluted EPS": 0.0,
        "Total Revenue": NaN,
        "Gross Profit": NaN,
        "Operating Income": NaN,
        "EBIT": NaN,
        "Net Income": NaN
    },
    "2023-06-30": {
        "Tax Effect Of Unusual Items": NaN,
        "Tax Rate For Calcs": NaN,
        "Normalized EBITDA": NaN,
        "Total Unusual Items": NaN,
        "Total Unusual Items Excluding Goodwill": NaN,
        "Net Income From Continuing Operation Net Minority Interest": NaN,
        "Reconciled Depreciation": NaN,
        "Reconciled Cost Of Revenue": NaN,
        "EBITDA": NaN,
        "EBIT": NaN,
        "Net Interest Income": NaN,
        "Interest Expense": NaN,
        "Interest Income": 266000.0,
        "Normalized Income": NaN,
        "Net Income From Continuing And Discontinued Operation": NaN,
        "Total Expenses": NaN,
        "Rent Expense Supplemental": NaN,
        "Total Operating Income As Reported": NaN,
        "Diluted Average Shares": NaN,
        "Basic Average Shares": NaN,
        "Diluted EPS": NaN,
        "Basic EPS": NaN,
        "Diluted NI Availto Com Stockholders": NaN,
        "Net Income Common Stockholders": NaN,
        "Net Income": NaN,
        "Net Income Including Noncontrolling Interests": NaN,
        "Net Income Continuous Operations": NaN,
        "Tax Provision": NaN,
        "Pretax Income": NaN,
        "Other Income Expense": NaN,
        "Special Income Charges": NaN,
        "Write Off": NaN,
        "Gain On Sale Of Security": NaN,
        "Net Non Operating Interest Income Expense": NaN,
        "Total Other Finance Cost": NaN,
        "Interest Expense Non Operating": NaN,
        "Interest Income Non Operating": 266000.0,
        "Operating Income": NaN,
        "Operating Expense": NaN,
        "Other Operating Expenses": NaN,
        "Selling General And Administration": NaN,
        "Selling And Marketing Expense": NaN,
        "General And Administrative Expense": NaN,
        "Other Gand A": NaN,
        "Gross Profit": NaN,
        "Cost Of Revenue": NaN,
        "Total Revenue": NaN,
        "Operating Revenue": NaN
    },
    "2023-09-30": {
        "Tax Effect Of Unusual Items": 422620.0,
        "Tax Rate For Calcs": 0.34,
        "Normalized EBITDA": 92065000.0,
        "Total Unusual Items": 1243000.0,
        "Total Unusual Items Excluding Goodwill": 1243000.0,
        "Net Income From Continuing Operation Net Minority Interest": 27047000.0,
        "Reconciled Depreciation": 22871000.0,
        "Reconciled Cost Of Revenue": 356779000.0,
        "EBITDA": 93308000.0,
        "EBIT": 70437000.0,
        "Net Interest Income": -22372000.0,
        "Interest Expense": 21111000.0,
        "Interest Income": 384000.0,
        "Normalized Income": 26226620.0,
        "Net Income From Continuing And Discontinued Operation": 27047000.0,
        "Total Expenses": 458628000.0,
        "Rent Expense Supplemental": 1236000.0,
        "Total Operating Income As Reported": 69619000.0,
        "Diluted Average Shares": 141327614.0,
        "Basic Average Shares": 137086672.0,
        "Diluted EPS": 0.19,
        "Basic EPS": 0.2,
        "Diluted NI Availto Com Stockholders": 27047000.0,
        "Net Income Common Stockholders": 27047000.0,
        "Net Income": 27047000.0,
        "Net Income Including Noncontrolling Interests": 27047000.0,
        "Net Income Continuous Operations": 27047000.0,
        "Tax Provision": 22279000.0,
        "Pretax Income": 49326000.0,
        "Other Income Expense": 1243000.0,
        "Special Income Charges": -836000.0,
        "Write Off": 836000.0,
        "Gain On Sale Of Security": 2079000.0,
        "Net Non Operating Interest Income Expense": -22372000.0,
        "Total Other Finance Cost": 1645000.0,
        "Interest Expense Non Operating": 21111000.0,
        "Interest Income Non Operating": 384000.0,
        "Operating Income": 70455000.0,
        "Operating Expense": 101849000.0,
        "Other Operating Expenses": -3363000.0,
        "Selling General And Administration": 105212000.0,
        "Selling And Marketing Expense": 40405000.0,
        "General And Administrative Expense": 64807000.0,
        "Other Gand A": 64807000.0,
        "Gross Profit": 172304000.0,
        "Cost Of Revenue": 356779000.0,
        "Total Revenue": 529083000.0,
        "Operating Revenue": 528316000.0
    },
    "2023-12-31": {
        "Tax Effect Of Unusual Items": 410720.0,
        "Tax Rate For Calcs": 0.34,
        "Normalized EBITDA": 76924000.0,
        "Total Unusual Items": 1208000.0,
        "Total Unusual Items Excluding Goodwill": 1208000.0,
        "Net Income From Continuing Operation Net Minority Interest": -3810000.0,
        "Reconciled Depreciation": 22233000.0,
        "Reconciled Cost Of Revenue": 348906000.0,
        "EBITDA": 78132000.0,
        "EBIT": 55899000.0,
        "Net Interest Income": -17629000.0,
        "Interest Expense": 19173000.0,
        "Interest Income": NaN,
        "Normalized Income": -4607280.0,
        "Net Income From Continuing And Discontinued Operation": -3810000.0,
        "Total Expenses": 473931000.0,
        "Rent Expense Supplemental": NaN,
        "Total Operating Income As Reported": 54164000.0,
        "Diluted Average Shares": 139097276.0,
        "Basic Average Shares": 136368202.0,
        "Diluted EPS": 0.16,
        "Basic EPS": 0.17,
        "Diluted NI Availto Com Stockholders": -3810000.0,
        "Net Income Common Stockholders": -3810000.0,
        "Net Income": -3810000.0,
        "Net Income Including Noncontrolling Interests": -3810000.0,
        "Net Income Continuous Operations": -3810000.0,
        "Tax Provision": 40536000.0,
        "Pretax Income": 36726000.0,
        "Other Income Expense": 5727000.0,
        "Special Income Charges": 1017000.0,
        "Write Off": -1017000.0,
        "Gain On Sale Of Security": 191000.0,
        "Net Non Operating Interest Income Expense": -17629000.0,
        "Total Other Finance Cost": -219000.0,
        "Interest Expense Non Operating": 19173000.0,
        "Interest Income Non Operating": NaN,
        "Operating Income": 48628000.0,
        "Operating Expense": 125025000.0,
        "Other Operating Expenses": 1094000.0,
        "Selling General And Administration": 123931000.0,
        "Selling And Marketing Expense": 41400000.0,
        "General And Administrative Expense": 82531000.0,
        "Other Gand A": 82531000.0,
        "Gross Profit": 173653000.0,
        "Cost Of Revenue": 348906000.0,
        "Total Revenue": 522559000.0,
        "Operating Revenue": 517481000.0
    },
    "2024-03-31": {
        "Tax Effect Of Unusual Items": 22780.0,
        "Tax Rate For Calcs": 0.34,
        "Normalized EBITDA": 78678000.0,
        "Total Unusual Items": 67000.0,
        "Total Unusual Items Excluding Goodwill": 67000.0,
        "Net Income From Continuing Operation Net Minority Interest": 22409000.0,
        "Reconciled Depreciation": 21876000.0,
        "Reconciled Cost Of Revenue": 355948000.0,
        "EBITDA": 78745000.0,
        "EBIT": 56869000.0,
        "Net Interest Income": -14207000.0,
        "Interest Expense": 17650000.0,
        "Interest Income": 654000.0,
        "Normalized Income": 22364780.0,
        "Net Income From Continuing And Discontinued Operation": 22409000.0,
        "Total Expenses": 470150000.0,
        "Rent Expense Supplemental": NaN,
        "Total Operating Income As Reported": 51572000.0,
        "Diluted Average Shares": 140078180.0,
        "Basic Average Shares": 137385836.0,
        "Diluted EPS": 0.16,
        "Basic EPS": 0.16,
        "Diluted NI Availto Com Stockholders": 22409000.0,
        "Net Income Common Stockholders": 22409000.0,
        "Net Income": 22409000.0,
        "Net Income Including Noncontrolling Interests": 22409000.0,
        "Net Income Continuous Operations": 22409000.0,
        "Tax Provision": 16810000.0,
        "Pretax Income": 39219000.0,
        "Other Income Expense": 67000.0,
        "Special Income Charges": -1787000.0,
        "Write Off": 1787000.0,
        "Gain On Sale Of Security": 1854000.0,
        "Net Non Operating Interest Income Expense": -14207000.0,
        "Total Other Finance Cost": -2789000.0,
        "Interest Expense Non Operating": 17650000.0,
        "Interest Income Non Operating": 654000.0,
        "Operating Income": 53359000.0,
        "Operating Expense": 114202000.0,
        "Other Operating Expenses": -160000.0,
        "Selling General And Administration": 114362000.0,
        "Selling And Marketing Expense": 46250000.0,
        "General And Administrative Expense": 68112000.0,
        "Other Gand A": 68112000.0,
        "Gross Profit": 167561000.0,
        "Cost Of Revenue": 355948000.0,
        "Total Revenue": 523509000.0,
        "Operating Revenue": 521061000.0
    },
    "2024-06-30": {
        "Tax Effect Of Unusual Items": 1650480.0,
        "Tax Rate For Calcs": 0.26,
        "Normalized EBITDA": 101039000.0,
        "Total Unusual Items": 6348000.0,
        "Total Unusual Items Excluding Goodwill": 6348000.0,
        "Net Income From Continuing Operation Net Minority Interest": 48508000.0,
        "Reconciled Depreciation": 23386000.0,
        "Reconciled Cost Of Revenue": 369674000.0,
        "EBITDA": 107387000.0,
        "EBIT": 84001000.0,
        "Net Interest Income": -18758000.0,
        "Interest Expense": 18608000.0,
        "Interest Income": 1140000.0,
        "Normalized Income": 43810480.0,
        "Net Income From Continuing And Discontinued Operation": 48508000.0,
        "Total Expenses": 487849000.0,
        "Rent Expense Supplemental": NaN,
        "Total Operating Income As Reported": 77006000.0,
        "Diluted Average Shares": 140636144.0,
        "Basic Average Shares": 136841476.0,
        "Diluted EPS": 0.34,
        "Basic EPS": 0.35,
        "Diluted NI Availto Com Stockholders": 48508000.0,
        "Net Income Common Stockholders": 48508000.0,
        "Net Income": 48508000.0,
        "Net Income Including Noncontrolling Interests": 48508000.0,
        "Net Income Continuous Operations": 48508000.0,
        "Tax Provision": 16885000.0,
        "Pretax Income": 65393000.0,
        "Other Income Expense": 6348000.0,
        "Special Income Charges": -797000.0,
        "Write Off": 797000.0,
        "Gain On Sale Of Security": 7145000.0,
        "Net Non Operating Interest Income Expense": -18758000.0,
        "Total Other Finance Cost": 1290000.0,
        "Interest Expense Non Operating": 18608000.0,
        "Interest Income Non Operating": 1140000.0,
        "Operating Income": 77803000.0,
        "Operating Expense": 118175000.0,
        "Other Operating Expenses": -434000.0,
        "Selling General And Administration": 118609000.0,
        "Selling And Marketing Expense": 49490000.0,
        "General And Administrative Expense": 69119000.0,
        "Other Gand A": 69119000.0,
        "Gross Profit": 195978000.0,
        "Cost Of Revenue": 369674000.0,
        "Total Revenue": 565652000.0,
        "Operating Revenue": 562123000.0
    },
    "2024-09-30": {
        "Tax Effect Of Unusual Items": -2142000.0,
        "Tax Rate For Calcs": 0.34,
        "Normalized EBITDA": 107424000.0,
        "Total Unusual Items": -6300000.0,
        "Total Unusual Items Excluding Goodwill": -6300000.0,
        "Net Income From Continuing Operation Net Minority Interest": 28573000.0,
        "Reconciled Depreciation": 23857000.0,
        "Reconciled Cost Of Revenue": 406481000.0,
        "EBITDA": 101124000.0,
        "EBIT": 77267000.0,
        "Net Interest Income": -19503000.0,
        "Interest Expense": 19541000.0,
        "Interest Income": 1595000.0,
        "Normalized Income": 32731000.0,
        "Net Income From Continuing And Discontinued Operation": 28573000.0,
        "Total Expenses": 538631000.0,
        "Rent Expense Supplemental": 1375000.0,
        "Total Operating Income As Reported": 78281000.0,
        "Diluted Average Shares": 138927266.0,
        "Basic Average Shares": 135978319.0,
        "Diluted EPS": 0.21,
        "Basic EPS": 0.21,
        "Diluted NI Availto Com Stockholders": 28573000.0,
        "Net Income Common Stockholders": 28573000.0,
        "Net Income": 28573000.0,
        "Net Income Including Noncontrolling Interests": 28573000.0,
        "Net Income Continuous Operations": 28573000.0,
        "Tax Provision": 29153000.0,
        "Pretax Income": 57726000.0,
        "Other Income Expense": -6300000.0,
        "Special Income Charges": -5248000.0,
        "Write Off": 5248000.0,
        "Gain On Sale Of Security": -1052000.0,
        "Net Non Operating Interest Income Expense": -19503000.0,
        "Total Other Finance Cost": 1557000.0,
        "Interest Expense Non Operating": 19541000.0,
        "Interest Income Non Operating": 1595000.0,
        "Operating Income": 83529000.0,
        "Operating Expense": 132150000.0,
        "Other Operating Expenses": -512000.0,
        "Selling General And Administration": 132662000.0,
        "Selling And Marketing Expense": 54179000.0,
        "General And Administrative Expense": 78483000.0,
        "Other Gand A": 78483000.0,
        "Gross Profit": 215679000.0,
        "Cost Of Revenue": 406481000.0,
        "Total Revenue": 622160000.0,
        "Operating Revenue": 617363000.0
    }
}