{
    "2023-03-31": {
        "Tax Effect Of Unusual Items": NaN,
        "Tax Rate For Calcs": NaN,
        "Normalized EBITDA": NaN,
        "Total Unusual Items": NaN,
        "Total Unusual Items Excluding Goodwill": NaN,
        "Net Income From Continuing Operation Net Minority Interest": NaN,
        "Reconciled Depreciation": NaN,
        "Reconciled Cost Of Revenue": NaN,
        "EBITDA": NaN,
        "EBIT": NaN,
        "Net Interest Income": NaN,
        "Interest Expense": NaN,
        "Normalized Income": NaN,
        "Net Income From Continuing And Discontinued Operation": NaN,
        "Total Expenses": NaN,
        "Total Operating Income As Reported": NaN,
        "Diluted Average Shares": 9791665.0,
        "Basic Average Shares": 9791665.0,
        "Diluted EPS": -3.56,
        "Basic EPS": -3.56,
        "Diluted NI Availto Com Stockholders": NaN,
        "Net Income Common Stockholders": NaN,
        "Net Income": NaN,
        "Net Income Including Noncontrolling Interests": NaN,
        "Net Income Discontinuous Operations": NaN,
        "Net Income Continuous Operations": NaN,
        "Tax Provision": NaN,
        "Pretax Income": NaN,
        "Other Income Expense": NaN,
        "Other Non Operating Income Expenses": NaN,
        "Special Income Charges": NaN,
        "Impairment Of Capital Assets": NaN,
        "Net Non Operating Interest Income Expense": NaN,
        "Interest Expense Non Operating": NaN,
        "Operating Income": NaN,
        "Operating Expense": NaN,
        "Selling General And Administration": NaN,
        "Selling And Marketing Expense": NaN,
        "General And Administrative Expense": NaN,
        "Other Gand A": NaN,
        "Salaries And Wages": NaN,
        "Gross Profit": NaN,
        "Cost Of Revenue": NaN,
        "Total Revenue": NaN,
        "Operating Revenue": NaN
    },
    "2022-12-31": {
        "Tax Effect Of Unusual Items": 0.0,
        "Tax Rate For Calcs": 0.0,
        "Normalized EBITDA": -8518330.0,
        "Total Unusual Items": 0.0,
        "Total Unusual Items Excluding Goodwill": 0.0,
        "Net Income From Continuing Operation Net Minority Interest": -9901442.0,
        "Reconciled Depreciation": 996731.0,
        "Reconciled Cost Of Revenue": 13751641.0,
        "EBITDA": -8518330.0,
        "EBIT": -9515061.0,
        "Net Interest Income": -386930.0,
        "Interest Expense": 386930.0,
        "Normalized Income": -9901442.0,
        "Net Income From Continuing And Discontinued Operation": -9901442.0,
        "Total Expenses": 24163176.0,
        "Total Operating Income As Reported": -9423946.0,
        "Diluted Average Shares": NaN,
        "Basic Average Shares": NaN,
        "Diluted EPS": NaN,
        "Basic EPS": NaN,
        "Diluted NI Availto Com Stockholders": -9901442.0,
        "Net Income Common Stockholders": -9901442.0,
        "Net Income": -9901442.0,
        "Net Income Including Noncontrolling Interests": -9901442.0,
        "Net Income Continuous Operations": -9901442.0,
        "Tax Provision": NaN,
        "Pretax Income": -9901991.0,
        "Other Income Expense": -91115.0,
        "Other Non Operating Income Expenses": -91115.0,
        "Special Income Charges": 0.0,
        "Impairment Of Capital Assets": NaN,
        "Net Non Operating Interest Income Expense": -386930.0,
        "Interest Expense Non Operating": 386930.0,
        "Operating Income": -9423946.0,
        "Operating Expense": 10411535.0,
        "Selling General And Administration": 10411535.0,
        "Selling And Marketing Expense": 162878.0,
        "General And Administrative Expense": 10248657.0,
        "Other Gand A": 7124749.0,
        "Salaries And Wages": 3123908.0,
        "Gross Profit": 987589.0,
        "Cost Of Revenue": 13751641.0,
        "Total Revenue": 14739230.0,
        "Operating Revenue": 14739230.0
    },
    "2022-09-30": {
        "Tax Effect Of Unusual Items": NaN,
        "Tax Rate For Calcs": NaN,
        "Normalized EBITDA": NaN,
        "Total Unusual Items": NaN,
        "Total Unusual Items Excluding Goodwill": NaN,
        "Net Income From Continuing Operation Net Minority Interest": NaN,
        "Reconciled Depreciation": NaN,
        "Reconciled Cost Of Revenue": NaN,
        "EBITDA": NaN,
        "EBIT": NaN,
        "Net Interest Income": NaN,
        "Interest Expense": NaN,
        "Normalized Income": NaN,
        "Net Income From Continuing And Discontinued Operation": NaN,
        "Total Expenses": NaN,
        "Total Operating Income As Reported": NaN,
        "Diluted Average Shares": 9486385.0,
        "Basic Average Shares": 9486385.0,
        "Diluted EPS": -0.9,
        "Basic EPS": -0.9,
        "Diluted NI Availto Com Stockholders": NaN,
        "Net Income Common Stockholders": NaN,
        "Net Income": NaN,
        "Net Income Including Noncontrolling Interests": NaN,
        "Net Income Continuous Operations": NaN,
        "Tax Provision": NaN,
        "Pretax Income": NaN,
        "Other Income Expense": NaN,
        "Other Non Operating Income Expenses": NaN,
        "Special Income Charges": NaN,
        "Impairment Of Capital Assets": NaN,
        "Net Non Operating Interest Income Expense": NaN,
        "Interest Expense Non Operating": NaN,
        "Operating Income": NaN,
        "Operating Expense": NaN,
        "Selling General And Administration": NaN,
        "Selling And Marketing Expense": NaN,
        "General And Administrative Expense": NaN,
        "Other Gand A": NaN,
        "Salaries And Wages": NaN,
        "Gross Profit": NaN,
        "Cost Of Revenue": NaN,
        "Total Revenue": NaN,
        "Operating Revenue": NaN
    },
    "2022-06-30": {
        "Tax Effect Of Unusual Items": 0.0,
        "Tax Rate For Calcs": 0.0,
        "Normalized EBITDA": -6488305.0,
        "Total Unusual Items": NaN,
        "Total Unusual Items Excluding Goodwill": NaN,
        "Net Income From Continuing Operation Net Minority Interest": -7339846.0,
        "Reconciled Depreciation": 786893.0,
        "Reconciled Cost Of Revenue": 10462452.0,
        "EBITDA": -6488305.0,
        "EBIT": -7275198.0,
        "Net Interest Income": -64648.0,
        "Interest Expense": 64648.0,
        "Normalized Income": -7339846.0,
        "Net Income From Continuing And Discontinued Operation": -7339846.0,
        "Total Expenses": 18520568.0,
        "Total Operating Income As Reported": -7292623.0,
        "Diluted Average Shares": 136127157.0,
        "Basic Average Shares": 136127157.0,
        "Diluted EPS": -0.05,
        "Basic EPS": -0.05,
        "Diluted NI Availto Com Stockholders": -7339846.0,
        "Net Income Common Stockholders": -7339846.0,
        "Net Income": -7339846.0,
        "Net Income Including Noncontrolling Interests": -7339846.0,
        "Net Income Continuous Operations": -7339846.0,
        "Tax Provision": NaN,
        "Pretax Income": -7339846.0,
        "Other Income Expense": 17425.0,
        "Other Non Operating Income Expenses": 17425.0,
        "Special Income Charges": NaN,
        "Impairment Of Capital Assets": NaN,
        "Net Non Operating Interest Income Expense": -64648.0,
        "Interest Expense Non Operating": 64648.0,
        "Operating Income": -7292623.0,
        "Operating Expense": 8058116.0,
        "Selling General And Administration": 8058116.0,
        "Selling And Marketing Expense": 240504.0,
        "General And Administrative Expense": 7817612.0,
        "Other Gand A": 5413563.0,
        "Salaries And Wages": 2404049.0,
        "Gross Profit": 765493.0,
        "Cost Of Revenue": 10462452.0,
        "Total Revenue": 11227945.0,
        "Operating Revenue": 11227945.0
    },
    "2022-03-31": {
        "Diluted EPS": -0.06,
        "Total Revenue": 9,
        "Gross Profit": 0,
        "Operating Income": -8,
        "EBIT": -7,
        "Net Income": -8
    },
    "2021-12-31": {
        "Diluted EPS": -0.27,
        "Total Revenue": 6,
        "Gross Profit": 0,
        "Operating Income": -33,
        "EBIT": -11,
        "Net Income": -33
    },
    "2021-09-30": {
        "Diluted EPS": -0.02,
        "Total Revenue": 4,
        "Gross Profit": 0,
        "Operating Income": -3,
        "EBIT": -3,
        "Net Income": -2
    },
    "2021-06-30": {
        "Diluted EPS": -0.02,
        "Total Revenue": 3,
        "Gross Profit": 1,
        "Operating Income": -2,
        "EBIT": -2,
        "Net Income": -2
    },
    "2021-03-31": {
        "Diluted EPS": -0.02,
        "Total Revenue": 3,
        "Gross Profit": 1,
        "Operating Income": -2,
        "EBIT": -2,
        "Net Income": -2
    },
    "2020-12-31": {
        "Diluted EPS": -0.01,
        "Total Revenue": 3,
        "Gross Profit": 1,
        "Operating Income": -1,
        "EBIT": -1,
        "Net Income": -1
    },
    "2020-09-30": {
        "Diluted EPS": -0.01,
        "Total Revenue": 2,
        "Gross Profit": 1,
        "Operating Income": -1,
        "EBIT": -1,
        "Net Income": -1
    },
    "2020-06-30": {
        "Diluted EPS": 0.0,
        "Total Revenue": 2,
        "Gross Profit": 1,
        "Operating Income": -1,
        "EBIT": -1,
        "Net Income": -1
    },
    "2020-03-31": {
        "Diluted EPS": -0.01,
        "Total Revenue": 1,
        "Gross Profit": 0,
        "Operating Income": -1,
        "EBIT": -1,
        "Net Income": -1
    },
    "2019-12-31": {
        "Diluted EPS": 0.01,
        "Total Revenue": 1,
        "Gross Profit": 1,
        "Operating Income": 0,
        "EBIT": 0,
        "Net Income": 0
    },
    "2019-09-30": {
        "Diluted EPS": -0.01,
        "Total Revenue": 0,
        "Gross Profit": 0,
        "Operating Income": -1,
        "EBIT": -1,
        "Net Income": -1
    },
    "2019-06-30": {
        "Diluted EPS": -0.01,
        "Total Revenue": 0,
        "Gross Profit": 0,
        "Operating Income": -1,
        "EBIT": -1,
        "Net Income": -1
    },
    "2019-03-31": {
        "Diluted EPS": 0.0,
        "Total Revenue": 0,
        "Gross Profit": 0,
        "Operating Income": 0,
        "EBIT": 0,
        "Net Income": 0
    },
    "2018-12-31": {
        "Diluted EPS": 0.0,
        "Total Revenue": NaN,
        "Gross Profit": NaN,
        "Operating Income": NaN,
        "EBIT": NaN,
        "Net Income": NaN
    },
    "2023-06-30": {
        "Tax Effect Of Unusual Items": NaN,
        "Tax Rate For Calcs": NaN,
        "Normalized EBITDA": NaN,
        "Total Unusual Items": NaN,
        "Total Unusual Items Excluding Goodwill": NaN,
        "Net Income From Continuing Operation Net Minority Interest": NaN,
        "Reconciled Depreciation": NaN,
        "Reconciled Cost Of Revenue": NaN,
        "EBITDA": NaN,
        "EBIT": NaN,
        "Net Interest Income": NaN,
        "Interest Expense": NaN,
        "Normalized Income": NaN,
        "Net Income From Continuing And Discontinued Operation": NaN,
        "Total Expenses": NaN,
        "Total Operating Income As Reported": NaN,
        "Diluted Average Shares": 10945224.0,
        "Basic Average Shares": 10945224.0,
        "Diluted EPS": -2.68,
        "Basic EPS": -2.68,
        "Diluted NI Availto Com Stockholders": NaN,
        "Net Income Common Stockholders": NaN,
        "Net Income": NaN,
        "Net Income Including Noncontrolling Interests": NaN,
        "Net Income Discontinuous Operations": -5263887.0,
        "Net Income Continuous Operations": NaN,
        "Tax Provision": NaN,
        "Pretax Income": NaN,
        "Other Income Expense": NaN,
        "Other Non Operating Income Expenses": NaN,
        "Special Income Charges": NaN,
        "Impairment Of Capital Assets": NaN,
        "Net Non Operating Interest Income Expense": NaN,
        "Interest Expense Non Operating": NaN,
        "Operating Income": NaN,
        "Operating Expense": NaN,
        "Selling General And Administration": NaN,
        "Selling And Marketing Expense": NaN,
        "General And Administrative Expense": NaN,
        "Other Gand A": NaN,
        "Salaries And Wages": NaN,
        "Gross Profit": NaN,
        "Cost Of Revenue": NaN,
        "Total Revenue": NaN,
        "Operating Revenue": NaN
    },
    "2023-09-30": {
        "Tax Effect Of Unusual Items": 0.0,
        "Tax Rate For Calcs": 0.0,
        "Normalized EBITDA": -3046970.0,
        "Total Unusual Items": 0.0,
        "Total Unusual Items Excluding Goodwill": 0.0,
        "Net Income From Continuing Operation Net Minority Interest": -4332410.0,
        "Reconciled Depreciation": 663515.0,
        "Reconciled Cost Of Revenue": 6814329.0,
        "EBITDA": -3046970.0,
        "EBIT": -3710485.0,
        "Net Interest Income": -621925.0,
        "Interest Expense": 621925.0,
        "Normalized Income": -4332410.0,
        "Net Income From Continuing And Discontinued Operation": -5507263.0,
        "Total Expenses": 12648177.0,
        "Total Operating Income As Reported": -3963651.0,
        "Diluted Average Shares": 11809741.0,
        "Basic Average Shares": 11809741.0,
        "Diluted EPS": -0.47,
        "Basic EPS": -0.47,
        "Diluted NI Availto Com Stockholders": -5507263.0,
        "Net Income Common Stockholders": -5507263.0,
        "Net Income": -5507263.0,
        "Net Income Including Noncontrolling Interests": -5507263.0,
        "Net Income Discontinuous Operations": -1174853.0,
        "Net Income Continuous Operations": -4332410.0,
        "Tax Provision": 0.0,
        "Pretax Income": -4332410.0,
        "Other Income Expense": 253166.0,
        "Other Non Operating Income Expenses": 253166.0,
        "Special Income Charges": 0.0,
        "Impairment Of Capital Assets": 0.0,
        "Net Non Operating Interest Income Expense": -621925.0,
        "Interest Expense Non Operating": 621925.0,
        "Operating Income": -3963651.0,
        "Operating Expense": 5833848.0,
        "Selling General And Administration": 5833848.0,
        "Selling And Marketing Expense": 116314.0,
        "General And Administrative Expense": 5717534.0,
        "Other Gand A": 5040303.0,
        "Salaries And Wages": 677231.0,
        "Gross Profit": 1870197.0,
        "Cost Of Revenue": 6814329.0,
        "Total Revenue": 8684526.0,
        "Operating Revenue": 8684526.0
    },
    "2023-12-31": {
        "Tax Effect Of Unusual Items": 0.0,
        "Tax Rate For Calcs": 0.0,
        "Normalized EBITDA": -4644045.0,
        "Total Unusual Items": -4156545.0,
        "Total Unusual Items Excluding Goodwill": -4156545.0,
        "Net Income From Continuing Operation Net Minority Interest": -10553468.0,
        "Reconciled Depreciation": 794008.0,
        "Reconciled Cost Of Revenue": 11583885.0,
        "EBITDA": -8800590.0,
        "EBIT": -9594598.0,
        "Net Interest Income": -958870.0,
        "Interest Expense": 958870.0,
        "Normalized Income": -6396923.0,
        "Net Income From Continuing And Discontinued Operation": -10553468.0,
        "Total Expenses": 19234844.0,
        "Total Operating Income As Reported": -9649428.0,
        "Diluted Average Shares": NaN,
        "Basic Average Shares": NaN,
        "Diluted EPS": NaN,
        "Basic EPS": NaN,
        "Diluted NI Availto Com Stockholders": -10553468.0,
        "Net Income Common Stockholders": -10553468.0,
        "Net Income": -10553468.0,
        "Net Income Including Noncontrolling Interests": -10553468.0,
        "Net Income Discontinuous Operations": NaN,
        "Net Income Continuous Operations": -10553468.0,
        "Tax Provision": 0.0,
        "Pretax Income": -10553468.0,
        "Other Income Expense": -4101715.0,
        "Other Non Operating Income Expenses": 54830.0,
        "Special Income Charges": -4156545.0,
        "Impairment Of Capital Assets": 4156545.0,
        "Net Non Operating Interest Income Expense": -958870.0,
        "Interest Expense Non Operating": 958870.0,
        "Operating Income": -5492883.0,
        "Operating Expense": 7650959.0,
        "Selling General And Administration": 7650959.0,
        "Selling And Marketing Expense": 185137.0,
        "General And Administrative Expense": 7465822.0,
        "Other Gand A": 6174396.0,
        "Salaries And Wages": 1291426.0,
        "Gross Profit": 2158076.0,
        "Cost Of Revenue": 11583885.0,
        "Total Revenue": 13741961.0,
        "Operating Revenue": 13741961.0
    },
    "2024-03-31": {
        "Tax Effect Of Unusual Items": 0.0,
        "Tax Rate For Calcs": 0.0,
        "Normalized EBITDA": -4921423.0,
        "Total Unusual Items": 0.0,
        "Total Unusual Items Excluding Goodwill": 0.0,
        "Net Income From Continuing Operation Net Minority Interest": -6609199.0,
        "Reconciled Depreciation": 817627.0,
        "Reconciled Cost Of Revenue": 10843910.0,
        "EBITDA": -4921423.0,
        "EBIT": -5739050.0,
        "Net Interest Income": -870149.0,
        "Interest Expense": 870149.0,
        "Normalized Income": -6609199.0,
        "Net Income From Continuing And Discontinued Operation": -6609199.0,
        "Total Expenses": 17573088.0,
        "Total Operating Income As Reported": -5739752.0,
        "Diluted Average Shares": 11965984.0,
        "Basic Average Shares": 11965984.0,
        "Diluted EPS": -0.55,
        "Basic EPS": -0.55,
        "Diluted NI Availto Com Stockholders": -6609199.0,
        "Net Income Common Stockholders": -6609199.0,
        "Net Income": -6609199.0,
        "Net Income Including Noncontrolling Interests": -6609199.0,
        "Net Income Discontinuous Operations": NaN,
        "Net Income Continuous Operations": -6609199.0,
        "Tax Provision": 0.0,
        "Pretax Income": -6609199.0,
        "Other Income Expense": 702.0,
        "Other Non Operating Income Expenses": 702.0,
        "Special Income Charges": 0.0,
        "Impairment Of Capital Assets": 0.0,
        "Net Non Operating Interest Income Expense": -870149.0,
        "Interest Expense Non Operating": 870149.0,
        "Operating Income": -5739752.0,
        "Operating Expense": 6729178.0,
        "Selling General And Administration": 6729178.0,
        "Selling And Marketing Expense": 28306.0,
        "General And Administrative Expense": 6700872.0,
        "Other Gand A": 5593850.0,
        "Salaries And Wages": 1107022.0,
        "Gross Profit": 989426.0,
        "Cost Of Revenue": 10843910.0,
        "Total Revenue": 11833336.0,
        "Operating Revenue": 11833336.0
    },
    "2024-06-30": {
        "Tax Effect Of Unusual Items": 0.0,
        "Tax Rate For Calcs": 0.0,
        "Normalized EBITDA": -3548082.0,
        "Total Unusual Items": 0.0,
        "Total Unusual Items Excluding Goodwill": 0.0,
        "Net Income From Continuing Operation Net Minority Interest": -4939358.0,
        "Reconciled Depreciation": 767335.0,
        "Reconciled Cost Of Revenue": 6874516.0,
        "EBITDA": -3548082.0,
        "EBIT": -4315417.0,
        "Net Interest Income": -623941.0,
        "Interest Expense": 623941.0,
        "Normalized Income": -4939358.0,
        "Net Income From Continuing And Discontinued Operation": -8436887.0,
        "Total Expenses": 12050032.0,
        "Total Operating Income As Reported": -4241607.0,
        "Diluted Average Shares": 12213362.0,
        "Basic Average Shares": 12213362.0,
        "Diluted EPS": -0.69,
        "Basic EPS": -0.69,
        "Diluted NI Availto Com Stockholders": -8436887.0,
        "Net Income Common Stockholders": -8436887.0,
        "Net Income": -8436887.0,
        "Net Income Including Noncontrolling Interests": -8436887.0,
        "Net Income Discontinuous Operations": -3497529.0,
        "Net Income Continuous Operations": -4939358.0,
        "Tax Provision": 0.0,
        "Pretax Income": -4939358.0,
        "Other Income Expense": -73810.0,
        "Other Non Operating Income Expenses": -73810.0,
        "Special Income Charges": 0.0,
        "Impairment Of Capital Assets": 0.0,
        "Net Non Operating Interest Income Expense": -623941.0,
        "Interest Expense Non Operating": 623941.0,
        "Operating Income": -4241607.0,
        "Operating Expense": 5175516.0,
        "Selling General And Administration": 5175516.0,
        "Selling And Marketing Expense": 6322.0,
        "General And Administrative Expense": 5169194.0,
        "Other Gand A": 3916474.0,
        "Salaries And Wages": 1252720.0,
        "Gross Profit": 933909.0,
        "Cost Of Revenue": 6874516.0,
        "Total Revenue": 7808425.0,
        "Operating Revenue": 7808425.0
    },
    "2024-09-30": {
        "Tax Effect Of Unusual Items": 0.0,
        "Tax Rate For Calcs": 0.0,
        "Normalized EBITDA": -2057484.0,
        "Total Unusual Items": 0.0,
        "Total Unusual Items Excluding Goodwill": 0.0,
        "Net Income From Continuing Operation Net Minority Interest": -3838453.0,
        "Reconciled Depreciation": 543668.0,
        "Reconciled Cost Of Revenue": 6477229.0,
        "EBITDA": -2057484.0,
        "EBIT": -2601152.0,
        "Net Interest Income": -1237301.0,
        "Interest Expense": 1237301.0,
        "Normalized Income": -3838453.0,
        "Net Income From Continuing And Discontinued Operation": -3677886.0,
        "Total Expenses": 11030301.0,
        "Total Operating Income As Reported": -3519004.0,
        "Diluted Average Shares": 11693367.0,
        "Basic Average Shares": 11693367.0,
        "Diluted EPS": -0.32,
        "Basic EPS": -0.32,
        "Diluted NI Availto Com Stockholders": -3677886.0,
        "Net Income Common Stockholders": -3677886.0,
        "Net Income": -3677886.0,
        "Net Income Including Noncontrolling Interests": -3677886.0,
        "Net Income Discontinuous Operations": 160567.0,
        "Net Income Continuous Operations": -3838453.0,
        "Tax Provision": 0.0,
        "Pretax Income": -3838453.0,
        "Other Income Expense": 917852.0,
        "Other Non Operating Income Expenses": 917852.0,
        "Special Income Charges": 0.0,
        "Impairment Of Capital Assets": 0.0,
        "Net Non Operating Interest Income Expense": -1237301.0,
        "Interest Expense Non Operating": 1237301.0,
        "Operating Income": -3519004.0,
        "Operating Expense": 4553072.0,
        "Selling General And Administration": 4553072.0,
        "Selling And Marketing Expense": 1339.0,
        "General And Administrative Expense": 4551733.0,
        "Other Gand A": 3307069.0,
        "Salaries And Wages": 1244664.0,
        "Gross Profit": 1034068.0,
        "Cost Of Revenue": 6477229.0,
        "Total Revenue": 7511297.0,
        "Operating Revenue": 7511297.0
    }
}