{
    "2023-03-31": {
        "Tax Effect Of Unusual Items": 0.0,
        "Tax Rate For Calcs": 0.0,
        "Normalized EBITDA": -25649000.0,
        "Total Unusual Items": 7566000.0,
        "Total Unusual Items Excluding Goodwill": 7566000.0,
        "Net Income From Continuing Operation Net Minority Interest": -10474000.0,
        "EBIT": -18083000.0,
        "Net Interest Income": 43000.0,
        "Interest Income": 43000.0,
        "Normalized Income": -18040000.0,
        "Net Income From Continuing And Discontinued Operation": -10474000.0,
        "Total Expenses": 18118000.0,
        "Total Operating Income As Reported": -18083000.0,
        "Diluted Average Shares": 11749139.0,
        "Basic Average Shares": 11749139.0,
        "Diluted EPS": -0.89,
        "Basic EPS": -0.89,
        "Diluted NI Availto Com Stockholders": -10474000.0,
        "Net Income Common Stockholders": -10474000.0,
        "Net Income": -10474000.0,
        "Net Income Including Noncontrolling Interests": -10474000.0,
        "Net Income Continuous Operations": -10474000.0,
        "Pretax Income": -10474000.0,
        "Other Income Expense": 7566000.0,
        "Gain On Sale Of Security": 7566000.0,
        "Net Non Operating Interest Income Expense": 43000.0,
        "Interest Income Non Operating": 43000.0,
        "Operating Income": -18083000.0,
        "Operating Expense": 18118000.0,
        "Research And Development": 15826000.0,
        "Selling General And Administration": 2292000.0,
        "General And Administrative Expense": 2292000.0,
        "Other Gand A": 2292000.0,
        "Total Revenue": 35000.0,
        "Operating Revenue": 35000.0
    },
    "2022-12-31": {
        "Tax Effect Of Unusual Items": 0.0,
        "Tax Rate For Calcs": 0.0,
        "Normalized EBITDA": -16644000.0,
        "Total Unusual Items": NaN,
        "Total Unusual Items Excluding Goodwill": NaN,
        "Net Income From Continuing Operation Net Minority Interest": -21022000.0,
        "EBIT": -16644000.0,
        "Net Interest Income": 73000.0,
        "Interest Income": 73000.0,
        "Normalized Income": -21022000.0,
        "Net Income From Continuing And Discontinued Operation": -21022000.0,
        "Total Expenses": 16718000.0,
        "Total Operating Income As Reported": -16644000.0,
        "Diluted Average Shares": NaN,
        "Basic Average Shares": NaN,
        "Diluted EPS": NaN,
        "Basic EPS": NaN,
        "Diluted NI Availto Com Stockholders": -21022000.0,
        "Net Income Common Stockholders": -21022000.0,
        "Net Income": -21022000.0,
        "Net Income Including Noncontrolling Interests": -21022000.0,
        "Net Income Continuous Operations": -21022000.0,
        "Pretax Income": -21022000.0,
        "Other Income Expense": NaN,
        "Gain On Sale Of Security": NaN,
        "Net Non Operating Interest Income Expense": 73000.0,
        "Interest Income Non Operating": 73000.0,
        "Operating Income": -16644000.0,
        "Operating Expense": 16718000.0,
        "Research And Development": 14236000.0,
        "Selling General And Administration": 2482000.0,
        "General And Administrative Expense": 2482000.0,
        "Other Gand A": 2482000.0,
        "Total Revenue": 74000.0,
        "Operating Revenue": 74000.0
    },
    "2022-09-30": {
        "Tax Effect Of Unusual Items": 0.0,
        "Tax Rate For Calcs": 0.0,
        "Normalized EBITDA": -10664000.0,
        "Total Unusual Items": NaN,
        "Total Unusual Items Excluding Goodwill": NaN,
        "Net Income From Continuing Operation Net Minority Interest": -10612000.0,
        "EBIT": -10664000.0,
        "Net Interest Income": 52000.0,
        "Interest Income": 52000.0,
        "Normalized Income": -10612000.0,
        "Net Income From Continuing And Discontinued Operation": -10612000.0,
        "Total Expenses": 10712000.0,
        "Total Operating Income As Reported": -10664000.0,
        "Diluted Average Shares": 8856749.0,
        "Basic Average Shares": 8856749.0,
        "Diluted EPS": -1.2,
        "Basic EPS": -1.2,
        "Diluted NI Availto Com Stockholders": -10612000.0,
        "Net Income Common Stockholders": -10612000.0,
        "Net Income": -10612000.0,
        "Net Income Including Noncontrolling Interests": -10612000.0,
        "Net Income Continuous Operations": -10612000.0,
        "Pretax Income": -10612000.0,
        "Other Income Expense": NaN,
        "Gain On Sale Of Security": NaN,
        "Net Non Operating Interest Income Expense": 52000.0,
        "Interest Income Non Operating": 52000.0,
        "Operating Income": -10664000.0,
        "Operating Expense": 10712000.0,
        "Research And Development": 8866000.0,
        "Selling General And Administration": 1846000.0,
        "General And Administrative Expense": 1846000.0,
        "Other Gand A": 1846000.0,
        "Total Revenue": 48000.0,
        "Operating Revenue": 48000.0
    },
    "2022-06-30": {
        "Tax Effect Of Unusual Items": 0.0,
        "Tax Rate For Calcs": 0.0,
        "Normalized EBITDA": -14164000.0,
        "Total Unusual Items": NaN,
        "Total Unusual Items Excluding Goodwill": NaN,
        "Net Income From Continuing Operation Net Minority Interest": -14142000.0,
        "EBIT": -14164000.0,
        "Net Interest Income": 22000.0,
        "Interest Income": 22000.0,
        "Normalized Income": -14142000.0,
        "Net Income From Continuing And Discontinued Operation": -14142000.0,
        "Total Expenses": 14182000.0,
        "Total Operating Income As Reported": -14164000.0,
        "Diluted Average Shares": 8750982.0,
        "Basic Average Shares": 8750982.0,
        "Diluted EPS": -1.62,
        "Basic EPS": -1.62,
        "Diluted NI Availto Com Stockholders": -14142000.0,
        "Net Income Common Stockholders": -14142000.0,
        "Net Income": -14142000.0,
        "Net Income Including Noncontrolling Interests": -14142000.0,
        "Net Income Continuous Operations": -14142000.0,
        "Pretax Income": -14142000.0,
        "Other Income Expense": NaN,
        "Gain On Sale Of Security": NaN,
        "Net Non Operating Interest Income Expense": 22000.0,
        "Interest Income Non Operating": 22000.0,
        "Operating Income": -14164000.0,
        "Operating Expense": 14182000.0,
        "Research And Development": 12053000.0,
        "Selling General And Administration": 2129000.0,
        "General And Administrative Expense": 2129000.0,
        "Other Gand A": 2129000.0,
        "Total Revenue": 18000.0,
        "Operating Revenue": 18000.0
    },
    "2022-03-31": {
        "Diluted EPS": -1.98,
        "Total Revenue": 0,
        "Gross Profit": 0,
        "Operating Income": -17,
        "EBIT": -17,
        "Net Income": -17
    },
    "2021-12-31": {
        "Diluted EPS": -3.95,
        "Total Revenue": 0,
        "Gross Profit": 0,
        "Operating Income": -30,
        "EBIT": -30,
        "Net Income": -30
    },
    "2021-09-30": {
        "Diluted EPS": -1.4,
        "Total Revenue": 0,
        "Gross Profit": 0,
        "Operating Income": -11,
        "EBIT": -11,
        "Net Income": -11
    },
    "2021-06-30": {
        "Diluted EPS": -1.2,
        "Total Revenue": 0,
        "Gross Profit": 0,
        "Operating Income": -9,
        "EBIT": -9,
        "Net Income": -9
    },
    "2021-03-31": {
        "Diluted EPS": -0.9,
        "Total Revenue": 0,
        "Gross Profit": 0,
        "Operating Income": -7,
        "EBIT": -7,
        "Net Income": -7
    },
    "2020-12-31": {
        "Diluted EPS": -1.7,
        "Total Revenue": 0,
        "Gross Profit": 0,
        "Operating Income": -10,
        "EBIT": -10,
        "Net Income": -10
    },
    "2020-09-30": {
        "Diluted EPS": -0.9,
        "Total Revenue": 0,
        "Gross Profit": 0,
        "Operating Income": -5,
        "EBIT": -5,
        "Net Income": -5
    },
    "2020-06-30": {
        "Diluted EPS": -0.9,
        "Total Revenue": 0,
        "Gross Profit": 0,
        "Operating Income": -5,
        "EBIT": -5,
        "Net Income": -5
    },
    "2020-03-31": {
        "Diluted EPS": -0.6,
        "Total Revenue": 1,
        "Gross Profit": 1,
        "Operating Income": -3,
        "EBIT": -3,
        "Net Income": -3
    },
    "2019-12-31": {
        "Diluted EPS": -2.2,
        "Total Revenue": 0,
        "Gross Profit": 0,
        "Operating Income": -9,
        "EBIT": -9,
        "Net Income": -9
    },
    "2019-09-30": {
        "Diluted EPS": -1.5,
        "Total Revenue": 0,
        "Gross Profit": 0,
        "Operating Income": -5,
        "EBIT": -5,
        "Net Income": -5
    },
    "2019-06-30": {
        "Diluted EPS": -1.5,
        "Total Revenue": 1,
        "Gross Profit": 1,
        "Operating Income": -5,
        "EBIT": -5,
        "Net Income": -5
    },
    "2019-03-31": {
        "Diluted EPS": -1.8,
        "Total Revenue": 0,
        "Gross Profit": 0,
        "Operating Income": -6,
        "EBIT": -6,
        "Net Income": -6
    },
    "2018-12-31": {
        "Diluted EPS": -3.7,
        "Total Revenue": 3,
        "Gross Profit": 3,
        "Operating Income": -12,
        "EBIT": -12,
        "Net Income": -12
    },
    "2018-09-30": {
        "Diluted EPS": -3.2,
        "Total Revenue": 0,
        "Gross Profit": 0,
        "Operating Income": -9,
        "EBIT": -9,
        "Net Income": -9
    },
    "2018-06-30": {
        "Diluted EPS": -2.3,
        "Total Revenue": 0,
        "Gross Profit": 0,
        "Operating Income": -7,
        "EBIT": -7,
        "Net Income": -7
    },
    "2018-03-31": {
        "Diluted EPS": -3.5,
        "Total Revenue": 0,
        "Gross Profit": 0,
        "Operating Income": -9,
        "EBIT": -9,
        "Net Income": -9
    },
    "2017-12-31": {
        "Diluted EPS": -2.6,
        "Total Revenue": 0,
        "Gross Profit": 0,
        "Operating Income": -6,
        "EBIT": -6,
        "Net Income": -6
    },
    "2017-09-30": {
        "Diluted EPS": -2.6,
        "Total Revenue": 0,
        "Gross Profit": 0,
        "Operating Income": -6,
        "EBIT": -6,
        "Net Income": -6
    },
    "2017-06-30": {
        "Diluted EPS": -2.8,
        "Total Revenue": 0,
        "Gross Profit": 0,
        "Operating Income": -6,
        "EBIT": -6,
        "Net Income": -6
    },
    "2017-03-31": {
        "Diluted EPS": -2.0,
        "Total Revenue": 1,
        "Gross Profit": 1,
        "Operating Income": -4,
        "EBIT": -4,
        "Net Income": -4
    },
    "2016-12-31": {
        "Diluted EPS": -3.8,
        "Total Revenue": 0,
        "Gross Profit": 0,
        "Operating Income": -8,
        "EBIT": -8,
        "Net Income": -8
    },
    "2016-09-30": {
        "Diluted EPS": -2.4,
        "Total Revenue": 1,
        "Gross Profit": 1,
        "Operating Income": -5,
        "EBIT": -5,
        "Net Income": -5
    },
    "2016-06-30": {
        "Diluted EPS": -2.5,
        "Total Revenue": 1,
        "Gross Profit": 1,
        "Operating Income": -5,
        "EBIT": -5,
        "Net Income": -5
    },
    "2016-03-31": {
        "Diluted EPS": -1.7,
        "Total Revenue": 0,
        "Gross Profit": 0,
        "Operating Income": -3,
        "EBIT": -3,
        "Net Income": -4
    },
    "2015-12-31": {
        "Diluted EPS": 0.0,
        "Total Revenue": NaN,
        "Gross Profit": NaN,
        "Operating Income": NaN,
        "EBIT": NaN,
        "Net Income": NaN
    },
    "2015-09-30": {
        "Diluted EPS": -4.4,
        "Total Revenue": 0,
        "Gross Profit": 0,
        "Operating Income": -4,
        "EBIT": -4,
        "Net Income": -4
    },
    "2023-06-30": {
        "Tax Effect Of Unusual Items": 0.0,
        "Tax Rate For Calcs": 0.0,
        "Normalized EBITDA": -15838000.0,
        "Total Unusual Items": -357000.0,
        "Total Unusual Items Excluding Goodwill": -357000.0,
        "Net Income From Continuing Operation Net Minority Interest": -16521000.0,
        "EBIT": -16195000.0,
        "Net Interest Income": 31000.0,
        "Interest Income": 31000.0,
        "Normalized Income": -16164000.0,
        "Net Income From Continuing And Discontinued Operation": -16521000.0,
        "Total Expenses": 16226000.0,
        "Total Operating Income As Reported": -16195000.0,
        "Diluted Average Shares": 15700324.0,
        "Basic Average Shares": 15700324.0,
        "Diluted EPS": -1.05,
        "Basic EPS": -1.05,
        "Diluted NI Availto Com Stockholders": -16521000.0,
        "Net Income Common Stockholders": -16521000.0,
        "Net Income": -16521000.0,
        "Net Income Including Noncontrolling Interests": -16521000.0,
        "Net Income Continuous Operations": -16521000.0,
        "Pretax Income": -16521000.0,
        "Other Income Expense": -357000.0,
        "Gain On Sale Of Security": -357000.0,
        "Net Non Operating Interest Income Expense": 31000.0,
        "Interest Income Non Operating": 31000.0,
        "Operating Income": -16195000.0,
        "Operating Expense": 16226000.0,
        "Research And Development": 13945000.0,
        "Selling General And Administration": 2281000.0,
        "General And Administrative Expense": 2281000.0,
        "Other Gand A": 2281000.0,
        "Total Revenue": 31000.0,
        "Operating Revenue": 31000.0
    }
}