{
    "2023-03-31": {
        "Tax Effect Of Unusual Items": NaN,
        "Tax Rate For Calcs": NaN,
        "Normalized EBITDA": NaN,
        "Net Income From Continuing Operation Net Minority Interest": NaN,
        "Reconciled Depreciation": NaN,
        "Reconciled Cost Of Revenue": NaN,
        "EBITDA": NaN,
        "EBIT": NaN,
        "Net Interest Income": NaN,
        "Normalized Income": NaN,
        "Net Income From Continuing And Discontinued Operation": NaN,
        "Total Expenses": NaN,
        "Total Operating Income As Reported": NaN,
        "Diluted Average Shares": 11270948.0,
        "Basic Average Shares": 11270948.0,
        "Diluted EPS": -0.33,
        "Basic EPS": -0.33,
        "Diluted NI Availto Com Stockholders": NaN,
        "Net Income Common Stockholders": NaN,
        "Net Income": NaN,
        "Net Income Including Noncontrolling Interests": NaN,
        "Net Income Continuous Operations": NaN,
        "Pretax Income": NaN,
        "Net Non Operating Interest Income Expense": NaN,
        "Total Other Finance Cost": NaN,
        "Operating Income": NaN,
        "Operating Expense": NaN,
        "Research And Development": NaN,
        "Selling General And Administration": NaN,
        "Gross Profit": NaN,
        "Cost Of Revenue": NaN,
        "Total Revenue": NaN,
        "Operating Revenue": NaN
    },
    "2022-12-31": {
        "Tax Effect Of Unusual Items": 0.0,
        "Tax Rate For Calcs": 0.0,
        "Normalized EBITDA": -4382000.0,
        "Net Income From Continuing Operation Net Minority Interest": -4401000.0,
        "Reconciled Depreciation": 294000.0,
        "Reconciled Cost Of Revenue": 62000.0,
        "EBITDA": -4382000.0,
        "EBIT": -4676000.0,
        "Net Interest Income": 390000.0,
        "Normalized Income": -4401000.0,
        "Net Income From Continuing And Discontinued Operation": -4401000.0,
        "Total Expenses": 4734000.0,
        "Total Operating Income As Reported": -4676000.0,
        "Diluted Average Shares": NaN,
        "Basic Average Shares": NaN,
        "Diluted EPS": NaN,
        "Basic EPS": NaN,
        "Diluted NI Availto Com Stockholders": -4401000.0,
        "Net Income Common Stockholders": -4401000.0,
        "Net Income": -4401000.0,
        "Net Income Including Noncontrolling Interests": -4401000.0,
        "Net Income Continuous Operations": -4401000.0,
        "Pretax Income": -4401000.0,
        "Net Non Operating Interest Income Expense": 390000.0,
        "Total Other Finance Cost": -69000.0,
        "Operating Income": -4676000.0,
        "Operating Expense": 4672000.0,
        "Research And Development": 2637000.0,
        "Selling General And Administration": 2035000.0,
        "Gross Profit": -4000.0,
        "Cost Of Revenue": 62000.0,
        "Total Revenue": 58000.0,
        "Operating Revenue": 58000.0
    },
    "2022-09-30": {
        "Tax Effect Of Unusual Items": NaN,
        "Tax Rate For Calcs": NaN,
        "Normalized EBITDA": NaN,
        "Net Income From Continuing Operation Net Minority Interest": NaN,
        "Reconciled Depreciation": NaN,
        "Reconciled Cost Of Revenue": NaN,
        "EBITDA": NaN,
        "EBIT": NaN,
        "Net Interest Income": NaN,
        "Normalized Income": NaN,
        "Net Income From Continuing And Discontinued Operation": NaN,
        "Total Expenses": NaN,
        "Total Operating Income As Reported": NaN,
        "Diluted Average Shares": 11086481.0,
        "Basic Average Shares": 11086481.0,
        "Diluted EPS": -0.4,
        "Basic EPS": -0.4,
        "Diluted NI Availto Com Stockholders": NaN,
        "Net Income Common Stockholders": NaN,
        "Net Income": NaN,
        "Net Income Including Noncontrolling Interests": NaN,
        "Net Income Continuous Operations": NaN,
        "Pretax Income": NaN,
        "Net Non Operating Interest Income Expense": NaN,
        "Total Other Finance Cost": NaN,
        "Operating Income": NaN,
        "Operating Expense": NaN,
        "Research And Development": NaN,
        "Selling General And Administration": NaN,
        "Gross Profit": NaN,
        "Cost Of Revenue": NaN,
        "Total Revenue": NaN,
        "Operating Revenue": NaN
    },
    "2022-06-30": {
        "Tax Effect Of Unusual Items": 0.0,
        "Tax Rate For Calcs": 0.0,
        "Normalized EBITDA": -3924000.0,
        "Net Income From Continuing Operation Net Minority Interest": -4285000.0,
        "Reconciled Depreciation": 261000.0,
        "Reconciled Cost Of Revenue": 43000.0,
        "EBITDA": -3924000.0,
        "EBIT": -4185000.0,
        "Net Interest Income": -100000.0,
        "Normalized Income": -4285000.0,
        "Net Income From Continuing And Discontinued Operation": -4285000.0,
        "Total Expenses": 4251000.0,
        "Total Operating Income As Reported": -4185000.0,
        "Diluted Average Shares": 11086481.0,
        "Basic Average Shares": 11086481.0,
        "Diluted EPS": -0.39,
        "Basic EPS": -0.39,
        "Diluted NI Availto Com Stockholders": -4285000.0,
        "Net Income Common Stockholders": -4285000.0,
        "Net Income": -4285000.0,
        "Net Income Including Noncontrolling Interests": -4285000.0,
        "Net Income Continuous Operations": -4285000.0,
        "Pretax Income": -4285000.0,
        "Net Non Operating Interest Income Expense": -100000.0,
        "Total Other Finance Cost": 100000.0,
        "Operating Income": -4185000.0,
        "Operating Expense": 4208000.0,
        "Research And Development": 2599000.0,
        "Selling General And Administration": 1609000.0,
        "Gross Profit": 23000.0,
        "Cost Of Revenue": 43000.0,
        "Total Revenue": 66000.0,
        "Operating Revenue": 66000.0
    },
    "2022-03-31": {
        "Diluted EPS": -0.36,
        "Total Revenue": 0,
        "Gross Profit": 0,
        "Operating Income": -4,
        "EBIT": -4,
        "Net Income": -4
    },
    "2021-12-31": {
        "Diluted EPS": -0.27,
        "Total Revenue": 0,
        "Gross Profit": 0,
        "Operating Income": -4,
        "EBIT": -4,
        "Net Income": -4
    },
    "2021-09-30": {
        "Diluted EPS": -0.29,
        "Total Revenue": 0,
        "Gross Profit": 0,
        "Operating Income": -3,
        "EBIT": -3,
        "Net Income": -3
    },
    "2021-06-30": {
        "Diluted EPS": -0.3,
        "Total Revenue": 1,
        "Gross Profit": 0,
        "Operating Income": -3,
        "EBIT": -3,
        "Net Income": -3
    },
    "2021-03-31": {
        "Diluted EPS": 0.88,
        "Total Revenue": 15,
        "Gross Profit": 14,
        "Operating Income": 10,
        "EBIT": 10,
        "Net Income": 10
    },
    "2020-12-31": {
        "Diluted EPS": -0.42,
        "Total Revenue": 1,
        "Gross Profit": 0,
        "Operating Income": -3,
        "EBIT": -3,
        "Net Income": -3
    },
    "2020-09-30": {
        "Diluted EPS": 0.1,
        "Total Revenue": 4,
        "Gross Profit": 3,
        "Operating Income": 1,
        "EBIT": 1,
        "Net Income": 1
    },
    "2020-06-30": {
        "Diluted EPS": -0.28,
        "Total Revenue": 1,
        "Gross Profit": 0,
        "Operating Income": -2,
        "EBIT": -2,
        "Net Income": -2
    },
    "2020-03-31": {
        "Diluted EPS": -0.24,
        "Total Revenue": 1,
        "Gross Profit": 0,
        "Operating Income": -2,
        "EBIT": -2,
        "Net Income": -2
    },
    "2019-12-31": {
        "Diluted EPS": -0.8,
        "Total Revenue": 0,
        "Gross Profit": 0,
        "Operating Income": -3,
        "EBIT": -2,
        "Net Income": -4
    },
    "2019-09-30": {
        "Diluted EPS": -0.68,
        "Total Revenue": 1,
        "Gross Profit": 0,
        "Operating Income": -2,
        "EBIT": -2,
        "Net Income": -3
    },
    "2019-06-30": {
        "Diluted EPS": -0.27,
        "Total Revenue": 1,
        "Gross Profit": 0,
        "Operating Income": -2,
        "EBIT": -2,
        "Net Income": -1
    },
    "2019-03-31": {
        "Diluted EPS": -0.48,
        "Total Revenue": 1,
        "Gross Profit": 0,
        "Operating Income": -2,
        "EBIT": -1,
        "Net Income": -2
    },
    "2018-12-31": {
        "Diluted EPS": -0.28,
        "Total Revenue": 4,
        "Gross Profit": 3,
        "Operating Income": 1,
        "EBIT": 1,
        "Net Income": -1
    },
    "2018-09-30": {
        "Diluted EPS": -0.29,
        "Total Revenue": 0,
        "Gross Profit": 0,
        "Operating Income": -2,
        "EBIT": -1,
        "Net Income": -1
    },
    "2018-06-30": {
        "Diluted EPS": -0.36,
        "Total Revenue": 0,
        "Gross Profit": 0,
        "Operating Income": -1,
        "EBIT": -1,
        "Net Income": -2
    },
    "2018-03-31": {
        "Diluted EPS": -0.5,
        "Total Revenue": 0,
        "Gross Profit": 0,
        "Operating Income": -2,
        "EBIT": -2,
        "Net Income": -2
    },
    "2017-12-31": {
        "Diluted EPS": -0.59,
        "Total Revenue": 0,
        "Gross Profit": 0,
        "Operating Income": 0,
        "EBIT": 0,
        "Net Income": -2
    },
    "2017-09-30": {
        "Diluted EPS": 0.5,
        "Total Revenue": 0,
        "Gross Profit": 0,
        "Operating Income": 0,
        "EBIT": 0,
        "Net Income": 1
    },
    "2017-06-30": {
        "Diluted EPS": 0.56,
        "Total Revenue": 0,
        "Gross Profit": 0,
        "Operating Income": 0,
        "EBIT": 0,
        "Net Income": 2
    },
    "2017-03-31": {
        "Diluted EPS": 0.54,
        "Total Revenue": 0,
        "Gross Profit": 0,
        "Operating Income": 0,
        "EBIT": 0,
        "Net Income": 1
    },
    "2016-12-31": {
        "Diluted EPS": 0.86,
        "Total Revenue": 0,
        "Gross Profit": 0,
        "Operating Income": 0,
        "EBIT": 0,
        "Net Income": 2
    },
    "2023-06-30": {
        "Tax Effect Of Unusual Items": NaN,
        "Tax Rate For Calcs": NaN,
        "Normalized EBITDA": NaN,
        "Net Income From Continuing Operation Net Minority Interest": NaN,
        "Reconciled Depreciation": NaN,
        "Reconciled Cost Of Revenue": NaN,
        "EBITDA": NaN,
        "EBIT": NaN,
        "Net Interest Income": NaN,
        "Interest Income": NaN,
        "Normalized Income": NaN,
        "Net Income From Continuing And Discontinued Operation": NaN,
        "Total Expenses": NaN,
        "Total Operating Income As Reported": NaN,
        "Diluted Average Shares": 11777139.0,
        "Basic Average Shares": 11369031.0,
        "Diluted EPS": 0.49,
        "Basic EPS": 0.51,
        "Diluted NI Availto Com Stockholders": NaN,
        "Net Income Common Stockholders": NaN,
        "Net Income": NaN,
        "Net Income Including Noncontrolling Interests": NaN,
        "Net Income Continuous Operations": NaN,
        "Pretax Income": NaN,
        "Net Non Operating Interest Income Expense": NaN,
        "Total Other Finance Cost": -85000.0,
        "Interest Income Non Operating": NaN,
        "Operating Income": NaN,
        "Operating Expense": NaN,
        "Research And Development": NaN,
        "Selling General And Administration": NaN,
        "Gross Profit": NaN,
        "Cost Of Revenue": NaN,
        "Total Revenue": NaN,
        "Operating Revenue": NaN
    },
    "2023-09-30": {
        "Tax Effect Of Unusual Items": 0.0,
        "Tax Rate For Calcs": 0.0,
        "Normalized EBITDA": -4330000.0,
        "Net Income From Continuing Operation Net Minority Interest": -4377000.0,
        "Reconciled Depreciation": 272000.0,
        "Reconciled Cost Of Revenue": 278000.0,
        "EBITDA": -4330000.0,
        "EBIT": -4602000.0,
        "Net Interest Income": 225000.0,
        "Interest Income": 225000.0,
        "Normalized Income": -4377000.0,
        "Net Income From Continuing And Discontinued Operation": -4377000.0,
        "Total Expenses": 4645000.0,
        "Total Operating Income As Reported": -4602000.0,
        "Diluted Average Shares": 11443023.0,
        "Basic Average Shares": 11443023.0,
        "Diluted EPS": -0.38,
        "Basic EPS": -0.38,
        "Diluted NI Availto Com Stockholders": -4377000.0,
        "Net Income Common Stockholders": -4377000.0,
        "Net Income": -4377000.0,
        "Net Income Including Noncontrolling Interests": -4377000.0,
        "Net Income Continuous Operations": -4377000.0,
        "Pretax Income": -4377000.0,
        "Net Non Operating Interest Income Expense": 225000.0,
        "Total Other Finance Cost": -225000.0,
        "Interest Income Non Operating": 225000.0,
        "Operating Income": -4602000.0,
        "Operating Expense": 4367000.0,
        "Research And Development": 2695000.0,
        "Selling General And Administration": 1672000.0,
        "Gross Profit": -235000.0,
        "Cost Of Revenue": 278000.0,
        "Total Revenue": 43000.0,
        "Operating Revenue": 43000.0
    },
    "2023-12-31": {
        "Tax Effect Of Unusual Items": 0.0,
        "Tax Rate For Calcs": 0.0,
        "Normalized EBITDA": -4784000.0,
        "Net Income From Continuing Operation Net Minority Interest": -4689000.0,
        "Reconciled Depreciation": 284000.0,
        "Reconciled Cost Of Revenue": 773000.0,
        "EBITDA": -4784000.0,
        "EBIT": -5068000.0,
        "Net Interest Income": 664000.0,
        "Interest Income": NaN,
        "Normalized Income": -4689000.0,
        "Net Income From Continuing And Discontinued Operation": -4689000.0,
        "Total Expenses": 5367000.0,
        "Total Operating Income As Reported": -5068000.0,
        "Diluted Average Shares": NaN,
        "Basic Average Shares": NaN,
        "Diluted EPS": NaN,
        "Basic EPS": NaN,
        "Diluted NI Availto Com Stockholders": -4689000.0,
        "Net Income Common Stockholders": -4689000.0,
        "Net Income": -4689000.0,
        "Net Income Including Noncontrolling Interests": -4689000.0,
        "Net Income Continuous Operations": -4689000.0,
        "Pretax Income": -4689000.0,
        "Net Non Operating Interest Income Expense": 664000.0,
        "Total Other Finance Cost": 124000.0,
        "Interest Income Non Operating": NaN,
        "Operating Income": -5068000.0,
        "Operating Expense": 4594000.0,
        "Research And Development": 3113000.0,
        "Selling General And Administration": 1481000.0,
        "Gross Profit": -474000.0,
        "Cost Of Revenue": 773000.0,
        "Total Revenue": 299000.0,
        "Operating Revenue": 299000.0
    },
    "2024-03-31": {
        "Tax Effect Of Unusual Items": 0.0,
        "Tax Rate For Calcs": 0.0,
        "Normalized EBITDA": -4049000.0,
        "Net Income From Continuing Operation Net Minority Interest": -4195000.0,
        "Reconciled Depreciation": 280000.0,
        "Reconciled Cost Of Revenue": 545000.0,
        "EBITDA": -4049000.0,
        "EBIT": -4329000.0,
        "Net Interest Income": 134000.0,
        "Interest Income": NaN,
        "Normalized Income": -4195000.0,
        "Net Income From Continuing And Discontinued Operation": -4195000.0,
        "Total Expenses": 4427000.0,
        "Total Operating Income As Reported": -4329000.0,
        "Diluted Average Shares": 11453177.0,
        "Basic Average Shares": 11453177.0,
        "Diluted EPS": -0.37,
        "Basic EPS": -0.37,
        "Diluted NI Availto Com Stockholders": -4195000.0,
        "Net Income Common Stockholders": -4195000.0,
        "Net Income": -4195000.0,
        "Net Income Including Noncontrolling Interests": -4195000.0,
        "Net Income Continuous Operations": -4195000.0,
        "Pretax Income": -4195000.0,
        "Net Non Operating Interest Income Expense": 134000.0,
        "Total Other Finance Cost": -134000.0,
        "Interest Income Non Operating": NaN,
        "Operating Income": -4329000.0,
        "Operating Expense": 3882000.0,
        "Research And Development": 2406000.0,
        "Selling General And Administration": 1476000.0,
        "Gross Profit": -447000.0,
        "Cost Of Revenue": 545000.0,
        "Total Revenue": 98000.0,
        "Operating Revenue": 98000.0
    },
    "2024-06-30": {
        "Tax Effect Of Unusual Items": 0.0,
        "Tax Rate For Calcs": 0.0,
        "Normalized EBITDA": -4145000.0,
        "Net Income From Continuing Operation Net Minority Interest": -4210000.0,
        "Reconciled Depreciation": 261000.0,
        "Reconciled Cost Of Revenue": 536000.0,
        "EBITDA": -4145000.0,
        "EBIT": -4406000.0,
        "Net Interest Income": 196000.0,
        "Interest Income": NaN,
        "Normalized Income": -4210000.0,
        "Net Income From Continuing And Discontinued Operation": -4210000.0,
        "Total Expenses": 4655000.0,
        "Total Operating Income As Reported": -4406000.0,
        "Diluted Average Shares": 11454512.0,
        "Basic Average Shares": 11454512.0,
        "Diluted EPS": -0.37,
        "Basic EPS": -0.37,
        "Diluted NI Availto Com Stockholders": -4210000.0,
        "Net Income Common Stockholders": -4210000.0,
        "Net Income": -4210000.0,
        "Net Income Including Noncontrolling Interests": -4210000.0,
        "Net Income Continuous Operations": -4210000.0,
        "Pretax Income": -4210000.0,
        "Net Non Operating Interest Income Expense": 196000.0,
        "Total Other Finance Cost": -196000.0,
        "Interest Income Non Operating": NaN,
        "Operating Income": -4406000.0,
        "Operating Expense": 4119000.0,
        "Research And Development": 2697000.0,
        "Selling General And Administration": 1422000.0,
        "Gross Profit": -287000.0,
        "Cost Of Revenue": 536000.0,
        "Total Revenue": 249000.0,
        "Operating Revenue": 249000.0
    },
    "2024-09-30": {
        "Tax Effect Of Unusual Items": 0.0,
        "Tax Rate For Calcs": 0.0,
        "Normalized EBITDA": -4287000.0,
        "Net Income From Continuing Operation Net Minority Interest": -4326000.0,
        "Reconciled Depreciation": 255000.0,
        "Reconciled Cost Of Revenue": 272000.0,
        "EBITDA": -4287000.0,
        "EBIT": -4542000.0,
        "Net Interest Income": 216000.0,
        "Interest Income": 216000.0,
        "Normalized Income": -4326000.0,
        "Net Income From Continuing And Discontinued Operation": -4326000.0,
        "Total Expenses": 4546000.0,
        "Total Operating Income As Reported": -4542000.0,
        "Diluted Average Shares": 11454512.0,
        "Basic Average Shares": 11454512.0,
        "Diluted EPS": -0.38,
        "Basic EPS": -0.38,
        "Diluted NI Availto Com Stockholders": -4326000.0,
        "Net Income Common Stockholders": -4326000.0,
        "Net Income": -4326000.0,
        "Net Income Including Noncontrolling Interests": -4326000.0,
        "Net Income Continuous Operations": -4326000.0,
        "Pretax Income": -4326000.0,
        "Net Non Operating Interest Income Expense": 216000.0,
        "Total Other Finance Cost": NaN,
        "Interest Income Non Operating": 216000.0,
        "Operating Income": -4542000.0,
        "Operating Expense": 4274000.0,
        "Research And Development": 2869000.0,
        "Selling General And Administration": 1405000.0,
        "Gross Profit": -268000.0,
        "Cost Of Revenue": 272000.0,
        "Total Revenue": 4000.0,
        "Operating Revenue": 4000.0
    }
}