{
    "2023-03-31": {
        "Tax Effect Of Unusual Items": NaN,
        "Tax Rate For Calcs": NaN,
        "Normalized EBITDA": NaN,
        "Total Unusual Items": NaN,
        "Total Unusual Items Excluding Goodwill": NaN,
        "Net Income From Continuing Operation Net Minority Interest": NaN,
        "Reconciled Depreciation": NaN,
        "Reconciled Cost Of Revenue": NaN,
        "EBITDA": NaN,
        "EBIT": NaN,
        "Net Interest Income": NaN,
        "Interest Expense": NaN,
        "Interest Income": NaN,
        "Normalized Income": NaN,
        "Net Income From Continuing And Discontinued Operation": NaN,
        "Total Expenses": NaN,
        "Total Operating Income As Reported": NaN,
        "Diluted Average Shares": NaN,
        "Basic Average Shares": NaN,
        "Diluted EPS": NaN,
        "Basic EPS": NaN,
        "Diluted NI Availto Com Stockholders": NaN,
        "Net Income Common Stockholders": NaN,
        "Net Income": NaN,
        "Net Income Including Noncontrolling Interests": NaN,
        "Net Income Continuous Operations": NaN,
        "Tax Provision": NaN,
        "Pretax Income": NaN,
        "Other Income Expense": NaN,
        "Other Non Operating Income Expenses": -396000.0,
        "Special Income Charges": NaN,
        "Restructuring And Mergern Acquisition": NaN,
        "Gain On Sale Of Security": NaN,
        "Net Non Operating Interest Income Expense": NaN,
        "Total Other Finance Cost": NaN,
        "Interest Expense Non Operating": NaN,
        "Interest Income Non Operating": NaN,
        "Operating Income": NaN,
        "Operating Expense": NaN,
        "Other Operating Expenses": NaN,
        "Research And Development": NaN,
        "Selling General And Administration": NaN,
        "General And Administrative Expense": NaN,
        "Other Gand A": NaN,
        "Insurance And Claims": NaN,
        "Salaries And Wages": NaN,
        "Gross Profit": NaN,
        "Cost Of Revenue": NaN,
        "Total Revenue": NaN,
        "Operating Revenue": NaN
    },
    "2022-12-31": {
        "Tax Effect Of Unusual Items": NaN,
        "Tax Rate For Calcs": NaN,
        "Normalized EBITDA": NaN,
        "Total Unusual Items": NaN,
        "Total Unusual Items Excluding Goodwill": NaN,
        "Net Income From Continuing Operation Net Minority Interest": NaN,
        "Reconciled Depreciation": NaN,
        "Reconciled Cost Of Revenue": NaN,
        "EBITDA": NaN,
        "EBIT": NaN,
        "Net Interest Income": NaN,
        "Interest Expense": NaN,
        "Interest Income": NaN,
        "Normalized Income": NaN,
        "Net Income From Continuing And Discontinued Operation": NaN,
        "Total Expenses": NaN,
        "Total Operating Income As Reported": NaN,
        "Diluted Average Shares": NaN,
        "Basic Average Shares": NaN,
        "Diluted EPS": NaN,
        "Basic EPS": NaN,
        "Diluted NI Availto Com Stockholders": NaN,
        "Net Income Common Stockholders": NaN,
        "Net Income": NaN,
        "Net Income Including Noncontrolling Interests": NaN,
        "Net Income Continuous Operations": NaN,
        "Tax Provision": NaN,
        "Pretax Income": NaN,
        "Other Income Expense": NaN,
        "Other Non Operating Income Expenses": 78000.0,
        "Special Income Charges": NaN,
        "Other Special Charges": 0.0,
        "Restructuring And Mergern Acquisition": NaN,
        "Gain On Sale Of Security": NaN,
        "Net Non Operating Interest Income Expense": NaN,
        "Total Other Finance Cost": NaN,
        "Interest Expense Non Operating": NaN,
        "Interest Income Non Operating": NaN,
        "Operating Income": NaN,
        "Operating Expense": NaN,
        "Other Operating Expenses": NaN,
        "Research And Development": NaN,
        "Selling General And Administration": NaN,
        "General And Administrative Expense": NaN,
        "Other Gand A": NaN,
        "Insurance And Claims": NaN,
        "Salaries And Wages": NaN,
        "Gross Profit": NaN,
        "Cost Of Revenue": NaN,
        "Total Revenue": NaN,
        "Operating Revenue": NaN
    },
    "2022-09-30": {
        "Tax Effect Of Unusual Items": NaN,
        "Tax Rate For Calcs": NaN,
        "Normalized EBITDA": NaN,
        "Total Unusual Items": NaN,
        "Total Unusual Items Excluding Goodwill": NaN,
        "Net Income From Continuing Operation Net Minority Interest": NaN,
        "Reconciled Depreciation": NaN,
        "Reconciled Cost Of Revenue": NaN,
        "EBITDA": NaN,
        "EBIT": NaN,
        "Net Interest Income": NaN,
        "Interest Expense": NaN,
        "Interest Income": NaN,
        "Normalized Income": NaN,
        "Net Income From Continuing And Discontinued Operation": NaN,
        "Total Expenses": NaN,
        "Total Operating Income As Reported": NaN,
        "Diluted Average Shares": 63508928.0,
        "Basic Average Shares": 63508928.0,
        "Diluted EPS": -0.17,
        "Basic EPS": -0.17,
        "Diluted NI Availto Com Stockholders": NaN,
        "Average Dilution Earnings": 0.0,
        "Net Income Common Stockholders": NaN,
        "Net Income": NaN,
        "Net Income Including Noncontrolling Interests": NaN,
        "Net Income Continuous Operations": NaN,
        "Tax Provision": NaN,
        "Pretax Income": NaN,
        "Other Income Expense": NaN,
        "Other Non Operating Income Expenses": NaN,
        "Special Income Charges": NaN,
        "Other Special Charges": NaN,
        "Restructuring And Mergern Acquisition": NaN,
        "Gain On Sale Of Security": NaN,
        "Net Non Operating Interest Income Expense": NaN,
        "Total Other Finance Cost": NaN,
        "Interest Expense Non Operating": NaN,
        "Interest Income Non Operating": NaN,
        "Operating Income": NaN,
        "Operating Expense": NaN,
        "Other Operating Expenses": NaN,
        "Research And Development": NaN,
        "Selling General And Administration": NaN,
        "General And Administrative Expense": NaN,
        "Other Gand A": NaN,
        "Insurance And Claims": NaN,
        "Salaries And Wages": NaN,
        "Gross Profit": NaN,
        "Cost Of Revenue": NaN,
        "Total Revenue": NaN,
        "Operating Revenue": NaN
    },
    "2022-06-30": {
        "Tax Effect Of Unusual Items": 0.0,
        "Tax Rate For Calcs": 0.0,
        "Normalized EBITDA": -12892000.0,
        "Total Unusual Items": 9396000.0,
        "Total Unusual Items Excluding Goodwill": 9396000.0,
        "Net Income From Continuing Operation Net Minority Interest": -4534000.0,
        "Reconciled Depreciation": 287000.0,
        "Reconciled Cost Of Revenue": 0.0,
        "EBITDA": -3496000.0,
        "EBIT": -3783000.0,
        "Net Interest Income": -1024000.0,
        "Interest Expense": 751000.0,
        "Interest Income": NaN,
        "Normalized Income": -13930000.0,
        "Net Income From Continuing And Discontinued Operation": -4534000.0,
        "Total Expenses": 13001000.0,
        "Total Operating Income As Reported": -13595000.0,
        "Diluted Average Shares": 63335271.0,
        "Basic Average Shares": 63335271.0,
        "Diluted EPS": -0.07,
        "Basic EPS": -0.07,
        "Diluted NI Availto Com Stockholders": -4534000.0,
        "Average Dilution Earnings": NaN,
        "Net Income Common Stockholders": -4534000.0,
        "Net Income": -4534000.0,
        "Net Income Including Noncontrolling Interests": -4534000.0,
        "Net Income Continuous Operations": -4534000.0,
        "Tax Provision": 0.0,
        "Pretax Income": -4534000.0,
        "Other Income Expense": 9456000.0,
        "Other Non Operating Income Expenses": 60000.0,
        "Special Income Charges": 9376000.0,
        "Other Special Charges": NaN,
        "Restructuring And Mergern Acquisition": -9376000.0,
        "Gain On Sale Of Security": 20000.0,
        "Net Non Operating Interest Income Expense": -1024000.0,
        "Total Other Finance Cost": 273000.0,
        "Interest Expense Non Operating": 751000.0,
        "Interest Income Non Operating": NaN,
        "Operating Income": -12966000.0,
        "Operating Expense": 13001000.0,
        "Other Operating Expenses": -356000.0,
        "Research And Development": 9166000.0,
        "Selling General And Administration": 4191000.0,
        "General And Administrative Expense": 4191000.0,
        "Other Gand A": 731000.0,
        "Insurance And Claims": 849000.0,
        "Salaries And Wages": 2611000.0,
        "Gross Profit": 35000.0,
        "Cost Of Revenue": 0.0,
        "Total Revenue": 35000.0,
        "Operating Revenue": 35000.0
    },
    "2022-03-31": {
        "Diluted EPS": -0.21,
        "Total Revenue": 0,
        "Gross Profit": 0,
        "Operating Income": -13,
        "EBIT": -13,
        "Net Income": -13
    },
    "2021-12-31": {
        "Diluted EPS": 0.13,
        "Total Revenue": 0,
        "Gross Profit": 1,
        "Operating Income": -14,
        "EBIT": -14,
        "Net Income": 4
    },
    "2021-09-30": {
        "Diluted EPS": 0.42,
        "Total Revenue": 0,
        "Gross Profit": 0,
        "Operating Income": -10,
        "EBIT": -10,
        "Net Income": 29
    },
    "2021-06-30": {
        "Diluted EPS": -0.05,
        "Total Revenue": 0,
        "Gross Profit": 0,
        "Operating Income": -14,
        "EBIT": -14,
        "Net Income": -3
    },
    "2021-03-31": {
        "Diluted EPS": -0.66,
        "Total Revenue": 0,
        "Gross Profit": 0,
        "Operating Income": -12,
        "EBIT": -11,
        "Net Income": -40
    },
    "2020-12-31": {
        "Diluted EPS": 0.06,
        "Total Revenue": 0,
        "Gross Profit": 0,
        "Operating Income": -6,
        "EBIT": -6,
        "Net Income": 1
    },
    "2020-09-30": {
        "Diluted EPS": -0.59,
        "Total Revenue": 0,
        "Gross Profit": 0,
        "Operating Income": -6,
        "EBIT": -5,
        "Net Income": -10
    },
    "2020-06-30": {
        "Diluted EPS": -0.34,
        "Total Revenue": 0,
        "Gross Profit": 0,
        "Operating Income": -5,
        "EBIT": -4,
        "Net Income": -6
    },
    "2020-03-31": {
        "Diluted EPS": -0.23,
        "Total Revenue": 0,
        "Gross Profit": 0,
        "Operating Income": -4,
        "EBIT": -4,
        "Net Income": -4
    },
    "2019-12-31": {
        "Diluted EPS": -0.8,
        "Total Revenue": NaN,
        "Gross Profit": NaN,
        "Operating Income": -16,
        "EBIT": -16,
        "Net Income": -16
    },
    "2019-09-30": {
        "Diluted EPS": -0.05,
        "Total Revenue": NaN,
        "Gross Profit": NaN,
        "Operating Income": 0,
        "EBIT": 0,
        "Net Income": 0
    },
    "2019-06-30": {
        "Diluted EPS": -0.03,
        "Total Revenue": NaN,
        "Gross Profit": NaN,
        "Operating Income": 0,
        "EBIT": 0,
        "Net Income": 0
    },
    "2019-03-31": {
        "Diluted EPS": -0.05,
        "Total Revenue": NaN,
        "Gross Profit": NaN,
        "Operating Income": 0,
        "EBIT": 0,
        "Net Income": 0
    },
    "2018-12-31": {
        "Diluted EPS": -0.08,
        "Total Revenue": NaN,
        "Gross Profit": NaN,
        "Operating Income": 0,
        "EBIT": 0,
        "Net Income": 0
    },
    "2018-09-30": {
        "Diluted EPS": -0.05,
        "Total Revenue": NaN,
        "Gross Profit": NaN,
        "Operating Income": 0,
        "EBIT": 0,
        "Net Income": 0
    },
    "2018-06-30": {
        "Diluted EPS": -0.01,
        "Total Revenue": NaN,
        "Gross Profit": NaN,
        "Operating Income": 0,
        "EBIT": 0,
        "Net Income": 0
    },
    "2018-03-31": {
        "Diluted EPS": -0.06,
        "Total Revenue": NaN,
        "Gross Profit": NaN,
        "Operating Income": 0,
        "EBIT": 0,
        "Net Income": 0
    },
    "2017-12-31": {
        "Diluted EPS": 0.0,
        "Total Revenue": NaN,
        "Gross Profit": NaN,
        "Operating Income": NaN,
        "EBIT": NaN,
        "Net Income": NaN
    },
    "2023-06-30": {
        "Tax Effect Of Unusual Items": NaN,
        "Tax Rate For Calcs": NaN,
        "Normalized EBITDA": NaN,
        "Total Unusual Items": NaN,
        "Total Unusual Items Excluding Goodwill": NaN,
        "Net Income From Continuing Operation Net Minority Interest": NaN,
        "Reconciled Depreciation": NaN,
        "Reconciled Cost Of Revenue": NaN,
        "EBITDA": NaN,
        "EBIT": NaN,
        "Net Interest Income": NaN,
        "Interest Expense": NaN,
        "Interest Income": NaN,
        "Normalized Income": NaN,
        "Net Income From Continuing And Discontinued Operation": NaN,
        "Total Expenses": NaN,
        "Total Operating Income As Reported": NaN,
        "Diluted Average Shares": 4302520.0,
        "Basic Average Shares": 4302520.0,
        "Diluted EPS": -5.84,
        "Basic EPS": -5.84,
        "Diluted NI Availto Com Stockholders": NaN,
        "Net Income Common Stockholders": NaN,
        "Net Income": NaN,
        "Net Income Including Noncontrolling Interests": NaN,
        "Net Income Continuous Operations": NaN,
        "Tax Provision": NaN,
        "Pretax Income": NaN,
        "Other Income Expense": NaN,
        "Other Non Operating Income Expenses": -14856000.0,
        "Special Income Charges": NaN,
        "Restructuring And Mergern Acquisition": NaN,
        "Gain On Sale Of Security": NaN,
        "Net Non Operating Interest Income Expense": NaN,
        "Total Other Finance Cost": NaN,
        "Interest Expense Non Operating": NaN,
        "Interest Income Non Operating": NaN,
        "Operating Income": NaN,
        "Operating Expense": NaN,
        "Other Operating Expenses": NaN,
        "Research And Development": NaN,
        "Selling General And Administration": NaN,
        "General And Administrative Expense": NaN,
        "Other Gand A": NaN,
        "Insurance And Claims": NaN,
        "Salaries And Wages": NaN,
        "Gross Profit": NaN,
        "Cost Of Revenue": NaN,
        "Total Revenue": NaN,
        "Operating Revenue": NaN
    },
    "2023-09-30": {
        "Tax Effect Of Unusual Items": 0.0,
        "Tax Rate For Calcs": 0.0,
        "Normalized EBITDA": -8265000.0,
        "Total Unusual Items": 7474000.0,
        "Total Unusual Items Excluding Goodwill": 7474000.0,
        "Net Income From Continuing Operation Net Minority Interest": -2418000.0,
        "Reconciled Depreciation": 439000.0,
        "Reconciled Cost Of Revenue": 12000.0,
        "EBITDA": -791000.0,
        "EBIT": -1230000.0,
        "Net Interest Income": -1131000.0,
        "Interest Expense": 1188000.0,
        "Interest Income": 546000.0,
        "Normalized Income": -9892000.0,
        "Net Income From Continuing And Discontinued Operation": -2418000.0,
        "Total Expenses": 8914000.0,
        "Total Operating Income As Reported": -9542000.0,
        "Diluted Average Shares": 6420274.0,
        "Basic Average Shares": 6420274.0,
        "Diluted EPS": -0.38,
        "Basic EPS": -0.38,
        "Diluted NI Availto Com Stockholders": -2418000.0,
        "Net Income Common Stockholders": -2418000.0,
        "Net Income": -2418000.0,
        "Net Income Including Noncontrolling Interests": -2418000.0,
        "Net Income Continuous Operations": -2418000.0,
        "Tax Provision": 0.0,
        "Pretax Income": -2418000.0,
        "Other Income Expense": 7519000.0,
        "Other Non Operating Income Expenses": 45000.0,
        "Special Income Charges": 1133000.0,
        "Restructuring And Mergern Acquisition": -1133000.0,
        "Gain On Sale Of Security": 6341000.0,
        "Net Non Operating Interest Income Expense": -1131000.0,
        "Total Other Finance Cost": 489000.0,
        "Interest Expense Non Operating": 1188000.0,
        "Interest Income Non Operating": 546000.0,
        "Operating Income": -8806000.0,
        "Operating Expense": 8902000.0,
        "Other Operating Expenses": -247000.0,
        "Research And Development": 5972000.0,
        "Selling General And Administration": 3177000.0,
        "General And Administrative Expense": 3177000.0,
        "Other Gand A": 457000.0,
        "Insurance And Claims": 398000.0,
        "Salaries And Wages": 2322000.0,
        "Gross Profit": 96000.0,
        "Cost Of Revenue": 12000.0,
        "Total Revenue": 108000.0,
        "Operating Revenue": 108000.0
    },
    "2023-12-31": {
        "Tax Effect Of Unusual Items": 0.0,
        "Tax Rate For Calcs": 0.0,
        "Normalized EBITDA": -9014000.0,
        "Total Unusual Items": 463000.0,
        "Total Unusual Items Excluding Goodwill": 463000.0,
        "Net Income From Continuing Operation Net Minority Interest": -10173000.0,
        "Reconciled Depreciation": 422000.0,
        "Reconciled Cost Of Revenue": 38000.0,
        "EBITDA": -8551000.0,
        "EBIT": -8973000.0,
        "Net Interest Income": -852000.0,
        "Interest Expense": 1200000.0,
        "Interest Income": 458000.0,
        "Normalized Income": -10636000.0,
        "Net Income From Continuing And Discontinued Operation": -10173000.0,
        "Total Expenses": 9929000.0,
        "Total Operating Income As Reported": -9930000.0,
        "Diluted Average Shares": NaN,
        "Basic Average Shares": NaN,
        "Diluted EPS": NaN,
        "Basic EPS": NaN,
        "Diluted NI Availto Com Stockholders": -10173000.0,
        "Net Income Common Stockholders": -10173000.0,
        "Net Income": -10173000.0,
        "Net Income Including Noncontrolling Interests": -10173000.0,
        "Net Income Continuous Operations": -10173000.0,
        "Tax Provision": 0.0,
        "Pretax Income": -10173000.0,
        "Other Income Expense": 438000.0,
        "Other Non Operating Income Expenses": -25000.0,
        "Special Income Charges": 84000.0,
        "Restructuring And Mergern Acquisition": -84000.0,
        "Gain On Sale Of Security": 379000.0,
        "Net Non Operating Interest Income Expense": -852000.0,
        "Total Other Finance Cost": 110000.0,
        "Interest Expense Non Operating": 1200000.0,
        "Interest Income Non Operating": 458000.0,
        "Operating Income": -9759000.0,
        "Operating Expense": 9891000.0,
        "Other Operating Expenses": -61000.0,
        "Research And Development": 6673000.0,
        "Selling General And Administration": 3279000.0,
        "General And Administrative Expense": 3279000.0,
        "Other Gand A": 658000.0,
        "Insurance And Claims": 398000.0,
        "Salaries And Wages": 2223000.0,
        "Gross Profit": 132000.0,
        "Cost Of Revenue": 38000.0,
        "Total Revenue": 170000.0,
        "Operating Revenue": 170000.0
    },
    "2024-03-31": {
        "Tax Effect Of Unusual Items": 0.0,
        "Tax Rate For Calcs": 0.0,
        "Normalized EBITDA": -8167000.0,
        "Total Unusual Items": -1249000.0,
        "Total Unusual Items Excluding Goodwill": -1249000.0,
        "Net Income From Continuing Operation Net Minority Interest": -11080000.0,
        "Reconciled Depreciation": 420000.0,
        "Reconciled Cost Of Revenue": 16000.0,
        "EBITDA": -9416000.0,
        "EBIT": -9836000.0,
        "Net Interest Income": -1134000.0,
        "Interest Expense": 1244000.0,
        "Interest Income": 359000.0,
        "Normalized Income": -9831000.0,
        "Net Income From Continuing And Discontinued Operation": -11080000.0,
        "Total Expenses": 8770000.0,
        "Total Operating Income As Reported": -9232000.0,
        "Diluted Average Shares": 6421361.0,
        "Basic Average Shares": 6421361.0,
        "Diluted EPS": -1.8,
        "Basic EPS": -1.8,
        "Diluted NI Availto Com Stockholders": -11080000.0,
        "Net Income Common Stockholders": -11080000.0,
        "Net Income": -11080000.0,
        "Net Income Including Noncontrolling Interests": -11080000.0,
        "Net Income Continuous Operations": -11080000.0,
        "Tax Provision": 0.0,
        "Pretax Income": -11080000.0,
        "Other Income Expense": -1249000.0,
        "Other Non Operating Income Expenses": NaN,
        "Special Income Charges": 60000.0,
        "Restructuring And Mergern Acquisition": -60000.0,
        "Gain On Sale Of Security": -1309000.0,
        "Net Non Operating Interest Income Expense": -1134000.0,
        "Total Other Finance Cost": 249000.0,
        "Interest Expense Non Operating": 1244000.0,
        "Interest Income Non Operating": 359000.0,
        "Operating Income": -8697000.0,
        "Operating Expense": 8754000.0,
        "Other Operating Expenses": -286000.0,
        "Research And Development": 5869000.0,
        "Selling General And Administration": 3171000.0,
        "General And Administrative Expense": 3171000.0,
        "Other Gand A": 753000.0,
        "Insurance And Claims": 186000.0,
        "Salaries And Wages": 2232000.0,
        "Gross Profit": 57000.0,
        "Cost Of Revenue": 16000.0,
        "Total Revenue": 73000.0,
        "Operating Revenue": 73000.0
    },
    "2024-06-30": {
        "Tax Effect Of Unusual Items": 0.0,
        "Tax Rate For Calcs": 0.0,
        "Normalized EBITDA": -6682000.0,
        "Total Unusual Items": 1593000.0,
        "Total Unusual Items Excluding Goodwill": 1593000.0,
        "Net Income From Continuing Operation Net Minority Interest": -6785000.0,
        "Reconciled Depreciation": 414000.0,
        "Reconciled Cost Of Revenue": 18000.0,
        "EBITDA": -5089000.0,
        "EBIT": -5503000.0,
        "Net Interest Income": -1137000.0,
        "Interest Expense": 1282000.0,
        "Interest Income": 269000.0,
        "Normalized Income": -8378000.0,
        "Net Income From Continuing And Discontinued Operation": -6785000.0,
        "Total Expenses": 7332000.0,
        "Total Operating Income As Reported": -7391000.0,
        "Diluted Average Shares": 6423182.0,
        "Basic Average Shares": 6423182.0,
        "Diluted EPS": -1.06,
        "Basic EPS": -1.06,
        "Diluted NI Availto Com Stockholders": -6785000.0,
        "Net Income Common Stockholders": -6785000.0,
        "Net Income": -6785000.0,
        "Net Income Including Noncontrolling Interests": -6785000.0,
        "Net Income Continuous Operations": -6785000.0,
        "Tax Provision": 0.0,
        "Pretax Income": -6785000.0,
        "Other Income Expense": 1593000.0,
        "Other Non Operating Income Expenses": NaN,
        "Special Income Charges": 25000.0,
        "Restructuring And Mergern Acquisition": -25000.0,
        "Gain On Sale Of Security": 1568000.0,
        "Net Non Operating Interest Income Expense": -1137000.0,
        "Total Other Finance Cost": 124000.0,
        "Interest Expense Non Operating": 1282000.0,
        "Interest Income Non Operating": 269000.0,
        "Operating Income": -7241000.0,
        "Operating Expense": 7314000.0,
        "Other Operating Expenses": -26000.0,
        "Research And Development": 4150000.0,
        "Selling General And Administration": 3190000.0,
        "General And Administrative Expense": 3190000.0,
        "Other Gand A": 911000.0,
        "Insurance And Claims": 187000.0,
        "Salaries And Wages": 2092000.0,
        "Gross Profit": 73000.0,
        "Cost Of Revenue": 18000.0,
        "Total Revenue": 91000.0,
        "Operating Revenue": 91000.0
    },
    "2024-09-30": {
        "Tax Effect Of Unusual Items": 0.0,
        "Tax Rate For Calcs": 0.0,
        "Normalized EBITDA": -7255000.0,
        "Total Unusual Items": 697000.0,
        "Total Unusual Items Excluding Goodwill": 697000.0,
        "Net Income From Continuing Operation Net Minority Interest": -7986000.0,
        "Reconciled Depreciation": 406000.0,
        "Reconciled Cost Of Revenue": 18000.0,
        "EBITDA": -6558000.0,
        "EBIT": -6964000.0,
        "Net Interest Income": -1087000.0,
        "Interest Expense": 1022000.0,
        "Interest Income": 127000.0,
        "Normalized Income": -8683000.0,
        "Net Income From Continuing And Discontinued Operation": -7986000.0,
        "Total Expenses": 7683000.0,
        "Total Operating Income As Reported": -7815000.0,
        "Diluted Average Shares": 6557839.0,
        "Basic Average Shares": 6557839.0,
        "Diluted EPS": -1.22,
        "Basic EPS": -1.22,
        "Diluted NI Availto Com Stockholders": -7986000.0,
        "Net Income Common Stockholders": -7986000.0,
        "Net Income": -7986000.0,
        "Net Income Including Noncontrolling Interests": -7986000.0,
        "Net Income Continuous Operations": -7986000.0,
        "Tax Provision": 0.0,
        "Pretax Income": -7986000.0,
        "Other Income Expense": 697000.0,
        "Other Non Operating Income Expenses": NaN,
        "Special Income Charges": 0.0,
        "Restructuring And Mergern Acquisition": 0.0,
        "Gain On Sale Of Security": 697000.0,
        "Net Non Operating Interest Income Expense": -1087000.0,
        "Total Other Finance Cost": 192000.0,
        "Interest Expense Non Operating": 1022000.0,
        "Interest Income Non Operating": 127000.0,
        "Operating Income": -7596000.0,
        "Operating Expense": 7665000.0,
        "Other Operating Expenses": -27000.0,
        "Research And Development": 4471000.0,
        "Selling General And Administration": 3221000.0,
        "General And Administrative Expense": 3221000.0,
        "Other Gand A": 907000.0,
        "Insurance And Claims": 188000.0,
        "Salaries And Wages": 2126000.0,
        "Gross Profit": 69000.0,
        "Cost Of Revenue": 18000.0,
        "Total Revenue": 87000.0,
        "Operating Revenue": 87000.0
    }
}