{
    "2023-03-31": {
        "Tax Effect Of Unusual Items": NaN,
        "Tax Rate For Calcs": NaN,
        "Normalized EBITDA": NaN,
        "Net Income From Continuing Operation Net Minority Interest": NaN,
        "Reconciled Depreciation": NaN,
        "Reconciled Cost Of Revenue": NaN,
        "EBITDA": NaN,
        "EBIT": NaN,
        "Net Interest Income": NaN,
        "Interest Income": 114000.0,
        "Normalized Income": NaN,
        "Net Income From Continuing And Discontinued Operation": NaN,
        "Total Expenses": NaN,
        "Total Operating Income As Reported": NaN,
        "Diluted Average Shares": 24583163.0,
        "Basic Average Shares": 24583163.0,
        "Diluted EPS": -0.23,
        "Basic EPS": -0.23,
        "Diluted NI Availto Com Stockholders": NaN,
        "Net Income Common Stockholders": NaN,
        "Net Income": NaN,
        "Net Income Including Noncontrolling Interests": NaN,
        "Net Income Continuous Operations": NaN,
        "Pretax Income": NaN,
        "Other Income Expense": NaN,
        "Other Non Operating Income Expenses": NaN,
        "Net Non Operating Interest Income Expense": NaN,
        "Total Other Finance Cost": -114000.0,
        "Interest Income Non Operating": 114000.0,
        "Operating Income": NaN,
        "Operating Expense": NaN,
        "Research And Development": NaN,
        "Selling General And Administration": NaN,
        "Selling And Marketing Expense": NaN,
        "General And Administrative Expense": NaN,
        "Other Gand A": NaN,
        "Gross Profit": NaN,
        "Cost Of Revenue": NaN,
        "Total Revenue": NaN,
        "Operating Revenue": NaN
    },
    "2022-12-31": {
        "Tax Effect Of Unusual Items": NaN,
        "Tax Rate For Calcs": NaN,
        "Normalized EBITDA": NaN,
        "Net Income From Continuing Operation Net Minority Interest": NaN,
        "Reconciled Depreciation": NaN,
        "Reconciled Cost Of Revenue": NaN,
        "EBITDA": NaN,
        "EBIT": NaN,
        "Net Interest Income": NaN,
        "Interest Expense": -84000.0,
        "Interest Income": NaN,
        "Normalized Income": NaN,
        "Net Income From Continuing And Discontinued Operation": NaN,
        "Total Expenses": NaN,
        "Total Operating Income As Reported": NaN,
        "Diluted Average Shares": NaN,
        "Basic Average Shares": NaN,
        "Diluted EPS": NaN,
        "Basic EPS": NaN,
        "Diluted NI Availto Com Stockholders": NaN,
        "Net Income Common Stockholders": NaN,
        "Net Income": NaN,
        "Net Income Including Noncontrolling Interests": NaN,
        "Net Income Continuous Operations": NaN,
        "Pretax Income": NaN,
        "Other Income Expense": NaN,
        "Other Non Operating Income Expenses": NaN,
        "Net Non Operating Interest Income Expense": NaN,
        "Total Other Finance Cost": NaN,
        "Interest Expense Non Operating": -84000.0,
        "Interest Income Non Operating": NaN,
        "Operating Income": NaN,
        "Operating Expense": NaN,
        "Research And Development": NaN,
        "Selling General And Administration": NaN,
        "Selling And Marketing Expense": NaN,
        "General And Administrative Expense": NaN,
        "Other Gand A": NaN,
        "Gross Profit": NaN,
        "Cost Of Revenue": NaN,
        "Total Revenue": NaN,
        "Operating Revenue": NaN
    },
    "2022-09-30": {
        "Tax Effect Of Unusual Items": NaN,
        "Tax Rate For Calcs": NaN,
        "Normalized EBITDA": NaN,
        "Net Income From Continuing Operation Net Minority Interest": NaN,
        "Reconciled Depreciation": NaN,
        "Reconciled Cost Of Revenue": NaN,
        "EBITDA": NaN,
        "EBIT": NaN,
        "Net Interest Income": NaN,
        "Interest Expense": NaN,
        "Interest Income": 32000.0,
        "Normalized Income": NaN,
        "Net Income From Continuing And Discontinued Operation": NaN,
        "Total Expenses": NaN,
        "Total Operating Income As Reported": NaN,
        "Diluted Average Shares": 24497636.0,
        "Basic Average Shares": 24497636.0,
        "Diluted EPS": -0.15,
        "Basic EPS": -0.15,
        "Diluted NI Availto Com Stockholders": NaN,
        "Net Income Common Stockholders": NaN,
        "Net Income": NaN,
        "Net Income Including Noncontrolling Interests": NaN,
        "Net Income Continuous Operations": NaN,
        "Pretax Income": NaN,
        "Other Income Expense": NaN,
        "Other Non Operating Income Expenses": NaN,
        "Net Non Operating Interest Income Expense": NaN,
        "Total Other Finance Cost": -32000.0,
        "Interest Expense Non Operating": NaN,
        "Interest Income Non Operating": 32000.0,
        "Operating Income": NaN,
        "Operating Expense": NaN,
        "Research And Development": NaN,
        "Selling General And Administration": NaN,
        "Selling And Marketing Expense": NaN,
        "General And Administrative Expense": NaN,
        "Other Gand A": NaN,
        "Gross Profit": NaN,
        "Cost Of Revenue": NaN,
        "Total Revenue": NaN,
        "Operating Revenue": NaN
    },
    "2022-06-30": {
        "Tax Effect Of Unusual Items": 0.0,
        "Tax Rate For Calcs": 0.0,
        "Normalized EBITDA": -3977000.0,
        "Net Income From Continuing Operation Net Minority Interest": -4303000.0,
        "Reconciled Depreciation": 235000.0,
        "Reconciled Cost Of Revenue": 1943000.0,
        "EBITDA": -3977000.0,
        "EBIT": -4212000.0,
        "Net Interest Income": -91000.0,
        "Interest Expense": 91000.0,
        "Interest Income": NaN,
        "Normalized Income": -4303000.0,
        "Net Income From Continuing And Discontinued Operation": -4303000.0,
        "Total Expenses": 9404000.0,
        "Total Operating Income As Reported": -4204000.0,
        "Diluted Average Shares": 23985577.0,
        "Basic Average Shares": 23985577.0,
        "Diluted EPS": -0.18,
        "Basic EPS": -0.18,
        "Diluted NI Availto Com Stockholders": -4303000.0,
        "Net Income Common Stockholders": -4303000.0,
        "Net Income": -4303000.0,
        "Net Income Including Noncontrolling Interests": -4303000.0,
        "Net Income Continuous Operations": -4303000.0,
        "Pretax Income": -4303000.0,
        "Other Income Expense": -8000.0,
        "Other Non Operating Income Expenses": -8000.0,
        "Net Non Operating Interest Income Expense": -91000.0,
        "Total Other Finance Cost": NaN,
        "Interest Expense Non Operating": 91000.0,
        "Interest Income Non Operating": NaN,
        "Operating Income": -4204000.0,
        "Operating Expense": 7461000.0,
        "Research And Development": 2284000.0,
        "Selling General And Administration": 5177000.0,
        "Selling And Marketing Expense": 2187000.0,
        "General And Administrative Expense": 2990000.0,
        "Other Gand A": 2990000.0,
        "Gross Profit": 3257000.0,
        "Cost Of Revenue": 1943000.0,
        "Total Revenue": 5200000.0,
        "Operating Revenue": 5200000.0
    },
    "2022-03-31": {
        "Diluted EPS": -0.17,
        "Total Revenue": 5,
        "Gross Profit": 3,
        "Operating Income": -4,
        "EBIT": -4,
        "Net Income": -4
    },
    "2021-12-31": {
        "Diluted EPS": -0.21,
        "Total Revenue": 4,
        "Gross Profit": 3,
        "Operating Income": -4,
        "EBIT": -4,
        "Net Income": -4
    },
    "2021-09-30": {
        "Diluted EPS": -0.18,
        "Total Revenue": 5,
        "Gross Profit": 3,
        "Operating Income": -4,
        "EBIT": -4,
        "Net Income": -4
    },
    "2021-06-30": {
        "Diluted EPS": -0.17,
        "Total Revenue": 3,
        "Gross Profit": 2,
        "Operating Income": -3,
        "EBIT": -3,
        "Net Income": -4
    },
    "2021-03-31": {
        "Diluted EPS": -0.13,
        "Total Revenue": 4,
        "Gross Profit": 3,
        "Operating Income": -2,
        "EBIT": -2,
        "Net Income": -3
    },
    "2020-12-31": {
        "Diluted EPS": -0.1,
        "Total Revenue": 4,
        "Gross Profit": 3,
        "Operating Income": -2,
        "EBIT": -2,
        "Net Income": -2
    },
    "2020-09-30": {
        "Diluted EPS": -0.09,
        "Total Revenue": 4,
        "Gross Profit": 3,
        "Operating Income": -1,
        "EBIT": -1,
        "Net Income": -1
    },
    "2020-06-30": {
        "Diluted EPS": -0.11,
        "Total Revenue": 2,
        "Gross Profit": 2,
        "Operating Income": -1,
        "EBIT": -1,
        "Net Income": -2
    },
    "2020-03-31": {
        "Diluted EPS": -0.13,
        "Total Revenue": 3,
        "Gross Profit": 2,
        "Operating Income": -1,
        "EBIT": 0,
        "Net Income": -2
    },
    "2019-12-31": {
        "Diluted EPS": -0.1,
        "Total Revenue": 3,
        "Gross Profit": 2,
        "Operating Income": -1,
        "EBIT": -1,
        "Net Income": -2
    },
    "2019-09-30": {
        "Diluted EPS": -0.08,
        "Total Revenue": 3,
        "Gross Profit": 2,
        "Operating Income": -1,
        "EBIT": -1,
        "Net Income": -1
    },
    "2019-06-30": {
        "Diluted EPS": -0.13,
        "Total Revenue": 3,
        "Gross Profit": 2,
        "Operating Income": -1,
        "EBIT": -1,
        "Net Income": -2
    },
    "2019-03-31": {
        "Diluted EPS": -0.11,
        "Total Revenue": 2,
        "Gross Profit": 2,
        "Operating Income": -1,
        "EBIT": -1,
        "Net Income": -1
    },
    "2018-12-31": {
        "Diluted EPS": -0.11,
        "Total Revenue": 2,
        "Gross Profit": 2,
        "Operating Income": -1,
        "EBIT": -1,
        "Net Income": -1
    },
    "2018-09-30": {
        "Diluted EPS": -0.13,
        "Total Revenue": 2,
        "Gross Profit": 1,
        "Operating Income": -1,
        "EBIT": -1,
        "Net Income": -1
    },
    "2018-06-30": {
        "Diluted EPS": -0.17,
        "Total Revenue": 2,
        "Gross Profit": 1,
        "Operating Income": -2,
        "EBIT": -1,
        "Net Income": -2
    },
    "2018-03-31": {
        "Diluted EPS": -0.15,
        "Total Revenue": 2,
        "Gross Profit": 1,
        "Operating Income": -1,
        "EBIT": -1,
        "Net Income": -2
    },
    "2017-12-31": {
        "Diluted EPS": -0.01,
        "Total Revenue": 2,
        "Gross Profit": 1,
        "Operating Income": -2,
        "EBIT": -2,
        "Net Income": -2
    },
    "2017-09-30": {
        "Diluted EPS": -0.14,
        "Total Revenue": 2,
        "Gross Profit": 1,
        "Operating Income": -1,
        "EBIT": -1,
        "Net Income": -1
    },
    "2017-06-30": {
        "Diluted EPS": -0.32,
        "Total Revenue": 2,
        "Gross Profit": 1,
        "Operating Income": -2,
        "EBIT": -2,
        "Net Income": -2
    },
    "2017-03-31": {
        "Diluted EPS": -0.46,
        "Total Revenue": 2,
        "Gross Profit": 1,
        "Operating Income": -1,
        "EBIT": -1,
        "Net Income": -2
    },
    "2016-12-31": {
        "Diluted EPS": -0.22,
        "Total Revenue": 2,
        "Gross Profit": 1,
        "Operating Income": -2,
        "EBIT": -2,
        "Net Income": -2
    },
    "2016-09-30": {
        "Diluted EPS": -0.92,
        "Total Revenue": 2,
        "Gross Profit": 1,
        "Operating Income": -2,
        "EBIT": -2,
        "Net Income": -3
    },
    "2016-06-30": {
        "Diluted EPS": -0.9,
        "Total Revenue": 1,
        "Gross Profit": 1,
        "Operating Income": -2,
        "EBIT": -2,
        "Net Income": -2
    },
    "2016-03-31": {
        "Diluted EPS": -0.89,
        "Total Revenue": 1,
        "Gross Profit": 1,
        "Operating Income": -2,
        "EBIT": -2,
        "Net Income": -2
    },
    "2015-12-31": {
        "Diluted EPS": -0.71,
        "Total Revenue": 2,
        "Gross Profit": 1,
        "Operating Income": -1,
        "EBIT": -1,
        "Net Income": -1
    },
    "2015-09-30": {
        "Diluted EPS": -0.13,
        "Total Revenue": 1,
        "Gross Profit": 1,
        "Operating Income": -2,
        "EBIT": -2,
        "Net Income": 0
    },
    "2015-06-30": {
        "Diluted EPS": -1.64,
        "Total Revenue": 1,
        "Gross Profit": 0,
        "Operating Income": -3,
        "EBIT": -3,
        "Net Income": -3
    },
    "2015-03-31": {
        "Diluted EPS": -2.0,
        "Total Revenue": 1,
        "Gross Profit": 1,
        "Operating Income": -3,
        "EBIT": -3,
        "Net Income": -4
    },
    "2014-12-31": {
        "Diluted EPS": -1.2,
        "Total Revenue": 1,
        "Gross Profit": 0,
        "Operating Income": -3,
        "EBIT": -2,
        "Net Income": -2
    },
    "2014-09-30": {
        "Diluted EPS": -2.4,
        "Total Revenue": 1,
        "Gross Profit": 0,
        "Operating Income": -3,
        "EBIT": -2,
        "Net Income": -4
    },
    "2014-06-30": {
        "Diluted EPS": -1.2,
        "Total Revenue": 1,
        "Gross Profit": 1,
        "Operating Income": -2,
        "EBIT": -2,
        "Net Income": -2
    },
    "2014-03-31": {
        "Diluted EPS": 1.6,
        "Total Revenue": 1,
        "Gross Profit": 0,
        "Operating Income": 2,
        "EBIT": 2,
        "Net Income": 3
    },
    "2013-12-31": {
        "Diluted EPS": -1.2,
        "Total Revenue": 1,
        "Gross Profit": 1,
        "Operating Income": -2,
        "EBIT": -2,
        "Net Income": -2
    },
    "2013-09-30": {
        "Diluted EPS": -2.0,
        "Total Revenue": 1,
        "Gross Profit": 1,
        "Operating Income": -2,
        "EBIT": -2,
        "Net Income": -3
    },
    "2013-06-30": {
        "Diluted EPS": -0.8,
        "Total Revenue": 1,
        "Gross Profit": 0,
        "Operating Income": -2,
        "EBIT": -2,
        "Net Income": -1
    },
    "2013-03-31": {
        "Diluted EPS": -0.8,
        "Total Revenue": 1,
        "Gross Profit": 1,
        "Operating Income": -1,
        "EBIT": -1,
        "Net Income": -1
    },
    "2012-12-31": {
        "Diluted EPS": 2.4,
        "Total Revenue": 2,
        "Gross Profit": 2,
        "Operating Income": 0,
        "EBIT": 0,
        "Net Income": 1
    },
    "2012-09-30": {
        "Diluted EPS": -2.4,
        "Total Revenue": 1,
        "Gross Profit": 1,
        "Operating Income": -1,
        "EBIT": -1,
        "Net Income": -3
    },
    "2012-06-30": {
        "Diluted EPS": -0.4,
        "Total Revenue": 1,
        "Gross Profit": 1,
        "Operating Income": 0,
        "EBIT": 0,
        "Net Income": -1
    },
    "2012-03-31": {
        "Diluted EPS": -5.6,
        "Total Revenue": 1,
        "Gross Profit": 1,
        "Operating Income": -1,
        "EBIT": 1,
        "Net Income": -3
    },
    "2011-12-31": {
        "Diluted EPS": -4.8,
        "Total Revenue": 1,
        "Gross Profit": 1,
        "Operating Income": -1,
        "EBIT": -1,
        "Net Income": -2
    },
    "2011-09-30": {
        "Diluted EPS": -5.2,
        "Total Revenue": 1,
        "Gross Profit": 1,
        "Operating Income": -1,
        "EBIT": -1,
        "Net Income": -2
    },
    "2011-06-30": {
        "Diluted EPS": -5.2,
        "Total Revenue": 1,
        "Gross Profit": 1,
        "Operating Income": -1,
        "EBIT": -1,
        "Net Income": -2
    },
    "2011-03-31": {
        "Diluted EPS": -5.6,
        "Total Revenue": 1,
        "Gross Profit": 1,
        "Operating Income": -2,
        "EBIT": -1,
        "Net Income": -2
    },
    "2010-12-31": {
        "Diluted EPS": 0.0,
        "Total Revenue": NaN,
        "Gross Profit": NaN,
        "Operating Income": NaN,
        "EBIT": NaN,
        "Net Income": NaN
    },
    "2009-12-31": {
        "Diluted EPS": 0.0,
        "Total Revenue": NaN,
        "Gross Profit": NaN,
        "Operating Income": NaN,
        "EBIT": NaN,
        "Net Income": NaN
    },
    "2023-06-30": {
        "Tax Effect Of Unusual Items": 0.0,
        "Tax Rate For Calcs": 0.0,
        "Normalized EBITDA": -6792000.0,
        "Net Income From Continuing Operation Net Minority Interest": -7052000.0,
        "Reconciled Depreciation": 339000.0,
        "Reconciled Cost Of Revenue": 2824000.0,
        "EBITDA": -6792000.0,
        "EBIT": -7131000.0,
        "Net Interest Income": 81000.0,
        "Interest Income": 81000.0,
        "Normalized Income": -7052000.0,
        "Net Income From Continuing And Discontinued Operation": -7052000.0,
        "Total Expenses": 13081000.0,
        "Total Operating Income As Reported": -7131000.0,
        "Diluted Average Shares": 24583712.0,
        "Basic Average Shares": 24583712.0,
        "Diluted EPS": -0.29,
        "Basic EPS": -0.29,
        "Diluted NI Availto Com Stockholders": -7052000.0,
        "Net Income Common Stockholders": -7052000.0,
        "Net Income": -7052000.0,
        "Net Income Including Noncontrolling Interests": -7052000.0,
        "Net Income Continuous Operations": -7052000.0,
        "Pretax Income": -7052000.0,
        "Other Income Expense": -2000.0,
        "Other Non Operating Income Expenses": -2000.0,
        "Net Non Operating Interest Income Expense": 81000.0,
        "Total Other Finance Cost": -81000.0,
        "Interest Income Non Operating": 81000.0,
        "Operating Income": -7131000.0,
        "Operating Expense": 10257000.0,
        "Research And Development": 3605000.0,
        "Selling General And Administration": 6652000.0,
        "Selling And Marketing Expense": 3474000.0,
        "General And Administrative Expense": 3178000.0,
        "Other Gand A": 3178000.0,
        "Gross Profit": 3126000.0,
        "Cost Of Revenue": 2824000.0,
        "Total Revenue": 5950000.0,
        "Operating Revenue": 5950000.0
    },
    "2023-09-30": {
        "Tax Effect Of Unusual Items": 0.0,
        "Tax Rate For Calcs": 0.0,
        "Normalized EBITDA": -4474000.0,
        "Net Income From Continuing Operation Net Minority Interest": -4809000.0,
        "Reconciled Depreciation": 423000.0,
        "Reconciled Cost Of Revenue": 2489000.0,
        "EBITDA": -4474000.0,
        "EBIT": -4897000.0,
        "Net Interest Income": 100000.0,
        "Interest Income": NaN,
        "Normalized Income": -4809000.0,
        "Net Income From Continuing And Discontinued Operation": -4809000.0,
        "Total Expenses": 10659000.0,
        "Total Operating Income As Reported": -4897000.0,
        "Diluted Average Shares": 24630181.0,
        "Basic Average Shares": 24630181.0,
        "Diluted EPS": -0.2,
        "Basic EPS": -0.2,
        "Diluted NI Availto Com Stockholders": -4809000.0,
        "Net Income Common Stockholders": -4809000.0,
        "Net Income": -4809000.0,
        "Net Income Including Noncontrolling Interests": -4809000.0,
        "Net Income Continuous Operations": -4809000.0,
        "Pretax Income": -4809000.0,
        "Other Income Expense": -12000.0,
        "Other Non Operating Income Expenses": -12000.0,
        "Net Non Operating Interest Income Expense": 100000.0,
        "Total Other Finance Cost": -100000.0,
        "Interest Income Non Operating": NaN,
        "Operating Income": -4897000.0,
        "Operating Expense": 8170000.0,
        "Research And Development": 2429000.0,
        "Selling General And Administration": 5741000.0,
        "Selling And Marketing Expense": 2841000.0,
        "General And Administrative Expense": 2900000.0,
        "Other Gand A": 2900000.0,
        "Gross Profit": 3273000.0,
        "Cost Of Revenue": 2489000.0,
        "Total Revenue": 5762000.0,
        "Operating Revenue": 5762000.0
    },
    "2023-12-31": {
        "Tax Effect Of Unusual Items": 0.0,
        "Tax Rate For Calcs": 0.0,
        "Normalized EBITDA": -4282000.0,
        "Net Income From Continuing Operation Net Minority Interest": -4619000.0,
        "Reconciled Depreciation": 424000.0,
        "Reconciled Cost Of Revenue": 2797000.0,
        "EBITDA": -4282000.0,
        "EBIT": -4706000.0,
        "Net Interest Income": 91000.0,
        "Interest Income": NaN,
        "Normalized Income": -4619000.0,
        "Net Income From Continuing And Discontinued Operation": -4619000.0,
        "Total Expenses": 11516000.0,
        "Total Operating Income As Reported": -4706000.0,
        "Diluted Average Shares": NaN,
        "Basic Average Shares": NaN,
        "Diluted EPS": NaN,
        "Basic EPS": NaN,
        "Diluted NI Availto Com Stockholders": -4619000.0,
        "Net Income Common Stockholders": -4619000.0,
        "Net Income": -4619000.0,
        "Net Income Including Noncontrolling Interests": -4619000.0,
        "Net Income Continuous Operations": -4619000.0,
        "Pretax Income": -4619000.0,
        "Other Income Expense": -4000.0,
        "Other Non Operating Income Expenses": -4000.0,
        "Net Non Operating Interest Income Expense": 91000.0,
        "Total Other Finance Cost": NaN,
        "Interest Income Non Operating": NaN,
        "Operating Income": -4706000.0,
        "Operating Expense": 8719000.0,
        "Research And Development": 2652000.0,
        "Selling General And Administration": 6067000.0,
        "Selling And Marketing Expense": 3347000.0,
        "General And Administrative Expense": 2720000.0,
        "Other Gand A": 2720000.0,
        "Gross Profit": 4013000.0,
        "Cost Of Revenue": 2797000.0,
        "Total Revenue": 6810000.0,
        "Operating Revenue": 6810000.0
    },
    "2024-03-31": {
        "Tax Effect Of Unusual Items": 0.0,
        "Tax Rate For Calcs": 0.0,
        "Normalized EBITDA": -3757000.0,
        "Net Income From Continuing Operation Net Minority Interest": -4146000.0,
        "Reconciled Depreciation": 474000.0,
        "Reconciled Cost Of Revenue": 3114000.0,
        "EBITDA": -3757000.0,
        "EBIT": -4231000.0,
        "Net Interest Income": 111000.0,
        "Interest Income": 111000.0,
        "Normalized Income": -4146000.0,
        "Net Income From Continuing And Discontinued Operation": -4146000.0,
        "Total Expenses": 11870000.0,
        "Total Operating Income As Reported": -4231000.0,
        "Diluted Average Shares": 25452096.0,
        "Basic Average Shares": 25452096.0,
        "Diluted EPS": -0.16,
        "Basic EPS": -0.16,
        "Diluted NI Availto Com Stockholders": -4146000.0,
        "Net Income Common Stockholders": -4146000.0,
        "Net Income": -4146000.0,
        "Net Income Including Noncontrolling Interests": -4146000.0,
        "Net Income Continuous Operations": -4146000.0,
        "Pretax Income": -4146000.0,
        "Other Income Expense": -26000.0,
        "Other Non Operating Income Expenses": -26000.0,
        "Net Non Operating Interest Income Expense": 111000.0,
        "Total Other Finance Cost": NaN,
        "Interest Income Non Operating": 111000.0,
        "Operating Income": -4231000.0,
        "Operating Expense": 8756000.0,
        "Research And Development": 2625000.0,
        "Selling General And Administration": 6131000.0,
        "Selling And Marketing Expense": 3290000.0,
        "General And Administrative Expense": 2841000.0,
        "Other Gand A": 2841000.0,
        "Gross Profit": 4525000.0,
        "Cost Of Revenue": 3114000.0,
        "Total Revenue": 7639000.0,
        "Operating Revenue": 7639000.0
    },
    "2024-06-30": {
        "Tax Effect Of Unusual Items": 0.0,
        "Tax Rate For Calcs": 0.0,
        "Normalized EBITDA": -4276000.0,
        "Net Income From Continuing Operation Net Minority Interest": -4408000.0,
        "Reconciled Depreciation": 463000.0,
        "Reconciled Cost Of Revenue": 2870000.0,
        "EBITDA": -4276000.0,
        "EBIT": -4739000.0,
        "Net Interest Income": 326000.0,
        "Interest Income": 326000.0,
        "Normalized Income": -4408000.0,
        "Net Income From Continuing And Discontinued Operation": -4408000.0,
        "Total Expenses": 12597000.0,
        "Total Operating Income As Reported": -4739000.0,
        "Diluted Average Shares": 27468378.0,
        "Basic Average Shares": 27468378.0,
        "Diluted EPS": -0.16,
        "Basic EPS": -0.16,
        "Diluted NI Availto Com Stockholders": -4408000.0,
        "Net Income Common Stockholders": -4408000.0,
        "Net Income": -4408000.0,
        "Net Income Including Noncontrolling Interests": -4408000.0,
        "Net Income Continuous Operations": -4408000.0,
        "Pretax Income": -4408000.0,
        "Other Income Expense": 5000.0,
        "Other Non Operating Income Expenses": 5000.0,
        "Net Non Operating Interest Income Expense": 326000.0,
        "Total Other Finance Cost": NaN,
        "Interest Income Non Operating": 326000.0,
        "Operating Income": -4739000.0,
        "Operating Expense": 9727000.0,
        "Research And Development": 3120000.0,
        "Selling General And Administration": 6607000.0,
        "Selling And Marketing Expense": 3834000.0,
        "General And Administrative Expense": 2773000.0,
        "Other Gand A": 2773000.0,
        "Gross Profit": 4988000.0,
        "Cost Of Revenue": 2870000.0,
        "Total Revenue": 7858000.0,
        "Operating Revenue": 7858000.0
    }
}