{
    "2023-03-31": {
        "Tax Effect Of Unusual Items": 0.0,
        "Tax Rate For Calcs": 0.0,
        "Normalized EBITDA": -8662744.0,
        "Total Unusual Items": NaN,
        "Total Unusual Items Excluding Goodwill": NaN,
        "Net Income From Continuing Operation Net Minority Interest": -8581267.0,
        "Reconciled Depreciation": 42557.0,
        "EBITDA": -8662744.0,
        "EBIT": -8705301.0,
        "Net Interest Income": 124034.0,
        "Interest Income": 124034.0,
        "Normalized Income": -8581267.0,
        "Net Income From Continuing And Discontinued Operation": -8581267.0,
        "Total Expenses": 8705301.0,
        "Total Operating Income As Reported": -8705301.0,
        "Diluted Average Shares": 11261217.0,
        "Basic Average Shares": 11261217.0,
        "Diluted EPS": -0.76,
        "Basic EPS": -0.76,
        "Diluted NI Availto Com Stockholders": -8581267.0,
        "Net Income Common Stockholders": -8581267.0,
        "Net Income": -8581267.0,
        "Net Income Including Noncontrolling Interests": -8581267.0,
        "Net Income Continuous Operations": -8581267.0,
        "Pretax Income": -8581267.0,
        "Other Income Expense": NaN,
        "Other Non Operating Income Expenses": NaN,
        "Gain On Sale Of Security": NaN,
        "Net Non Operating Interest Income Expense": 124034.0,
        "Interest Income Non Operating": 124034.0,
        "Operating Income": -8705301.0,
        "Operating Expense": 8705301.0,
        "Research And Development": 6654094.0,
        "Selling General And Administration": 2051207.0,
        "General And Administrative Expense": 2051207.0,
        "Other Gand A": 2051207.0,
        "Total Revenue": 0.0,
        "Operating Revenue": 0.0
    },
    "2022-12-31": {
        "Tax Effect Of Unusual Items": 0.0,
        "Tax Rate For Calcs": 0.0,
        "Normalized EBITDA": -7384377.0,
        "Total Unusual Items": NaN,
        "Total Unusual Items Excluding Goodwill": NaN,
        "Net Income From Continuing Operation Net Minority Interest": -7215092.0,
        "Reconciled Depreciation": 38159.0,
        "EBITDA": -7384377.0,
        "EBIT": -7422536.0,
        "Net Interest Income": 147444.0,
        "Interest Income": 147444.0,
        "Normalized Income": -7215092.0,
        "Net Income From Continuing And Discontinued Operation": -7215092.0,
        "Total Expenses": 7422536.0,
        "Total Operating Income As Reported": -7422536.0,
        "Diluted Average Shares": NaN,
        "Basic Average Shares": NaN,
        "Diluted EPS": NaN,
        "Basic EPS": NaN,
        "Diluted NI Availto Com Stockholders": -7215092.0,
        "Net Income Common Stockholders": -7215092.0,
        "Net Income": -7215092.0,
        "Net Income Including Noncontrolling Interests": -7215092.0,
        "Net Income Continuous Operations": -7215092.0,
        "Pretax Income": -7275092.0,
        "Other Income Expense": NaN,
        "Other Non Operating Income Expenses": NaN,
        "Gain On Sale Of Security": NaN,
        "Net Non Operating Interest Income Expense": 147444.0,
        "Interest Income Non Operating": 147444.0,
        "Operating Income": -7422536.0,
        "Operating Expense": 7422536.0,
        "Research And Development": 5453757.0,
        "Selling General And Administration": 1968779.0,
        "General And Administrative Expense": 1968779.0,
        "Other Gand A": 1968779.0,
        "Total Revenue": 0.0,
        "Operating Revenue": 0.0
    },
    "2022-09-30": {
        "Tax Effect Of Unusual Items": 0.0,
        "Tax Rate For Calcs": 0.0,
        "Normalized EBITDA": -7782526.0,
        "Total Unusual Items": NaN,
        "Total Unusual Items Excluding Goodwill": NaN,
        "Net Income From Continuing Operation Net Minority Interest": -7811322.0,
        "Reconciled Depreciation": 32960.0,
        "EBITDA": -7782526.0,
        "EBIT": -7815486.0,
        "Net Interest Income": 4164.0,
        "Interest Income": 4164.0,
        "Normalized Income": -7811322.0,
        "Net Income From Continuing And Discontinued Operation": -7811322.0,
        "Total Expenses": 7815486.0,
        "Total Operating Income As Reported": -7815486.0,
        "Diluted Average Shares": 6110119.0,
        "Basic Average Shares": 6110119.0,
        "Diluted EPS": -1.28,
        "Basic EPS": -1.28,
        "Diluted NI Availto Com Stockholders": -7811322.0,
        "Net Income Common Stockholders": -7811322.0,
        "Net Income": -7811322.0,
        "Net Income Including Noncontrolling Interests": -7811322.0,
        "Net Income Continuous Operations": -7811322.0,
        "Pretax Income": -7811322.0,
        "Other Income Expense": NaN,
        "Other Non Operating Income Expenses": NaN,
        "Gain On Sale Of Security": NaN,
        "Net Non Operating Interest Income Expense": 4164.0,
        "Interest Income Non Operating": 4164.0,
        "Operating Income": -7815486.0,
        "Operating Expense": 7815486.0,
        "Research And Development": 5380190.0,
        "Selling General And Administration": 2435296.0,
        "General And Administrative Expense": 2435296.0,
        "Other Gand A": 2435296.0,
        "Total Revenue": 0.0,
        "Operating Revenue": 0.0
    },
    "2022-06-30": {
        "Tax Effect Of Unusual Items": 0.0,
        "Tax Rate For Calcs": 0.0,
        "Normalized EBITDA": -7401625.0,
        "Net Income From Continuing Operation Net Minority Interest": -7435043.0,
        "Reconciled Depreciation": 33899.0,
        "EBITDA": -7401625.0,
        "EBIT": -7435524.0,
        "Net Interest Income": 481.0,
        "Interest Income": 481.0,
        "Normalized Income": -7435043.0,
        "Net Income From Continuing And Discontinued Operation": -7435043.0,
        "Total Expenses": 7435524.0,
        "Total Operating Income As Reported": -7435524.0,
        "Diluted Average Shares": 6110124.0,
        "Basic Average Shares": 6110124.0,
        "Diluted EPS": -1.22,
        "Basic EPS": -1.22,
        "Diluted NI Availto Com Stockholders": -7435043.0,
        "Net Income Common Stockholders": -7435043.0,
        "Net Income": -7435043.0,
        "Net Income Including Noncontrolling Interests": -7435043.0,
        "Net Income Continuous Operations": -7435043.0,
        "Pretax Income": -7435043.0,
        "Net Non Operating Interest Income Expense": 481.0,
        "Interest Income Non Operating": 481.0,
        "Operating Income": -7435524.0,
        "Operating Expense": 7435524.0,
        "Research And Development": 4498657.0,
        "Selling General And Administration": 2936867.0,
        "General And Administrative Expense": 2936867.0,
        "Other Gand A": 2936867.0,
        "Total Revenue": 0.0,
        "Operating Revenue": 0.0
    },
    "2022-03-31": {
        "Diluted EPS": -1.0,
        "Total Revenue": NaN,
        "Gross Profit": NaN,
        "Operating Income": -6,
        "EBIT": -6,
        "Net Income": -6
    },
    "2021-12-31": {
        "Diluted EPS": -0.94,
        "Total Revenue": NaN,
        "Gross Profit": NaN,
        "Operating Income": -6,
        "EBIT": -6,
        "Net Income": -6
    },
    "2021-09-30": {
        "Diluted EPS": -0.97,
        "Total Revenue": NaN,
        "Gross Profit": NaN,
        "Operating Income": -6,
        "EBIT": -6,
        "Net Income": -6
    },
    "2021-06-30": {
        "Diluted EPS": -1.14,
        "Total Revenue": NaN,
        "Gross Profit": NaN,
        "Operating Income": -6,
        "EBIT": -6,
        "Net Income": -6
    },
    "2021-03-31": {
        "Diluted EPS": -1.3,
        "Total Revenue": NaN,
        "Gross Profit": NaN,
        "Operating Income": -6,
        "EBIT": -6,
        "Net Income": -6
    },
    "2020-12-31": {
        "Diluted EPS": 0.7,
        "Total Revenue": NaN,
        "Gross Profit": NaN,
        "Operating Income": -4,
        "EBIT": -4,
        "Net Income": -4
    },
    "2020-09-30": {
        "Diluted EPS": -1.5,
        "Total Revenue": NaN,
        "Gross Profit": NaN,
        "Operating Income": -4,
        "EBIT": -4,
        "Net Income": -4
    },
    "2020-06-30": {
        "Diluted EPS": -2.6,
        "Total Revenue": NaN,
        "Gross Profit": NaN,
        "Operating Income": -4,
        "EBIT": -4,
        "Net Income": -4
    },
    "2020-03-31": {
        "Diluted EPS": -4.2,
        "Total Revenue": NaN,
        "Gross Profit": NaN,
        "Operating Income": -4,
        "EBIT": -4,
        "Net Income": -4
    },
    "2019-12-31": {
        "Diluted EPS": -2.0,
        "Total Revenue": NaN,
        "Gross Profit": NaN,
        "Operating Income": -3,
        "EBIT": -3,
        "Net Income": -3
    },
    "2019-09-30": {
        "Diluted EPS": -4.2,
        "Total Revenue": NaN,
        "Gross Profit": NaN,
        "Operating Income": -4,
        "EBIT": -4,
        "Net Income": -4
    },
    "2019-06-30": {
        "Diluted EPS": -4.6,
        "Total Revenue": NaN,
        "Gross Profit": NaN,
        "Operating Income": -3,
        "EBIT": -3,
        "Net Income": -3
    },
    "2019-03-31": {
        "Diluted EPS": -7.6,
        "Total Revenue": NaN,
        "Gross Profit": NaN,
        "Operating Income": -4,
        "EBIT": -4,
        "Net Income": -4
    },
    "2018-12-31": {
        "Diluted EPS": 1.8,
        "Total Revenue": NaN,
        "Gross Profit": NaN,
        "Operating Income": -4,
        "EBIT": -2,
        "Net Income": -4
    },
    "2018-09-30": {
        "Diluted EPS": -16.5,
        "Total Revenue": NaN,
        "Gross Profit": NaN,
        "Operating Income": -3,
        "EBIT": -3,
        "Net Income": -5
    },
    "2018-06-30": {
        "Diluted EPS": -16.9,
        "Total Revenue": NaN,
        "Gross Profit": NaN,
        "Operating Income": -3,
        "EBIT": -3,
        "Net Income": -3
    },
    "2018-03-31": {
        "Diluted EPS": -20.7,
        "Total Revenue": NaN,
        "Gross Profit": NaN,
        "Operating Income": -3,
        "EBIT": -3,
        "Net Income": -3
    },
    "2017-12-31": {
        "Diluted EPS": -34.0,
        "Total Revenue": NaN,
        "Gross Profit": NaN,
        "Operating Income": -4,
        "EBIT": -3,
        "Net Income": -6
    },
    "2017-09-30": {
        "Diluted EPS": -25.8,
        "Total Revenue": NaN,
        "Gross Profit": NaN,
        "Operating Income": -3,
        "EBIT": -3,
        "Net Income": -3
    },
    "2017-06-30": {
        "Diluted EPS": -23.2,
        "Total Revenue": NaN,
        "Gross Profit": NaN,
        "Operating Income": -3,
        "EBIT": -3,
        "Net Income": -3
    },
    "2017-03-31": {
        "Diluted EPS": -24.0,
        "Total Revenue": NaN,
        "Gross Profit": NaN,
        "Operating Income": -3,
        "EBIT": -3,
        "Net Income": -3
    },
    "2016-12-31": {
        "Diluted EPS": -213.0,
        "Total Revenue": NaN,
        "Gross Profit": NaN,
        "Operating Income": -3,
        "EBIT": -3,
        "Net Income": -6
    },
    "2016-09-30": {
        "Diluted EPS": -43.0,
        "Total Revenue": NaN,
        "Gross Profit": NaN,
        "Operating Income": -2,
        "EBIT": -2,
        "Net Income": -2
    },
    "2016-06-30": {
        "Diluted EPS": -49.0,
        "Total Revenue": NaN,
        "Gross Profit": NaN,
        "Operating Income": -2,
        "EBIT": -2,
        "Net Income": -2
    },
    "2016-03-31": {
        "Diluted EPS": 91.0,
        "Total Revenue": NaN,
        "Gross Profit": NaN,
        "Operating Income": -2,
        "EBIT": -2,
        "Net Income": 1
    },
    "2015-12-31": {
        "Diluted EPS": 149.0,
        "Total Revenue": NaN,
        "Gross Profit": NaN,
        "Operating Income": -2,
        "EBIT": -2,
        "Net Income": 1
    },
    "2015-09-30": {
        "Diluted EPS": -246.0,
        "Total Revenue": NaN,
        "Gross Profit": NaN,
        "Operating Income": -2,
        "EBIT": -2,
        "Net Income": -2
    },
    "2015-06-30": {
        "Diluted EPS": -302.0,
        "Total Revenue": NaN,
        "Gross Profit": NaN,
        "Operating Income": -2,
        "EBIT": -2,
        "Net Income": -2
    },
    "2015-03-31": {
        "Diluted EPS": -304.0,
        "Total Revenue": NaN,
        "Gross Profit": NaN,
        "Operating Income": -3,
        "EBIT": -2,
        "Net Income": -2
    },
    "2014-12-31": {
        "Diluted EPS": -53.0,
        "Total Revenue": NaN,
        "Gross Profit": NaN,
        "Operating Income": -2,
        "EBIT": -2,
        "Net Income": -3
    },
    "2014-09-30": {
        "Diluted EPS": 60.0,
        "Total Revenue": NaN,
        "Gross Profit": NaN,
        "Operating Income": -2,
        "EBIT": -2,
        "Net Income": 0
    },
    "2014-06-30": {
        "Diluted EPS": -730.0,
        "Total Revenue": NaN,
        "Gross Profit": NaN,
        "Operating Income": -3,
        "EBIT": -2,
        "Net Income": -2
    },
    "2014-03-31": {
        "Diluted EPS": NaN,
        "Total Revenue": NaN,
        "Gross Profit": NaN,
        "Operating Income": -3,
        "EBIT": -3,
        "Net Income": -3
    },
    "2013-12-31": {
        "Diluted EPS": NaN,
        "Total Revenue": NaN,
        "Gross Profit": NaN,
        "Operating Income": -4,
        "EBIT": -4,
        "Net Income": -4
    },
    "2013-09-30": {
        "Diluted EPS": -460.0,
        "Total Revenue": NaN,
        "Gross Profit": NaN,
        "Operating Income": -3,
        "EBIT": -3,
        "Net Income": -1
    },
    "2013-06-30": {
        "Diluted EPS": -720.0,
        "Total Revenue": NaN,
        "Gross Profit": NaN,
        "Operating Income": -3,
        "EBIT": -3,
        "Net Income": -2
    },
    "2013-03-31": {
        "Diluted EPS": NaN,
        "Total Revenue": NaN,
        "Gross Profit": NaN,
        "Operating Income": -3,
        "EBIT": -3,
        "Net Income": -3
    },
    "2012-12-31": {
        "Diluted EPS": NaN,
        "Total Revenue": NaN,
        "Gross Profit": NaN,
        "Operating Income": -2,
        "EBIT": -2,
        "Net Income": -2
    },
    "2012-09-30": {
        "Diluted EPS": NaN,
        "Total Revenue": NaN,
        "Gross Profit": NaN,
        "Operating Income": -2,
        "EBIT": -2,
        "Net Income": -3
    },
    "2012-06-30": {
        "Diluted EPS": NaN,
        "Total Revenue": NaN,
        "Gross Profit": NaN,
        "Operating Income": -2,
        "EBIT": -2,
        "Net Income": -2
    },
    "2012-03-31": {
        "Diluted EPS": NaN,
        "Total Revenue": NaN,
        "Gross Profit": NaN,
        "Operating Income": -2,
        "EBIT": -2,
        "Net Income": -2
    },
    "2011-12-31": {
        "Diluted EPS": NaN,
        "Total Revenue": NaN,
        "Gross Profit": NaN,
        "Operating Income": -2,
        "EBIT": -2,
        "Net Income": -2
    },
    "2011-09-30": {
        "Diluted EPS": NaN,
        "Total Revenue": NaN,
        "Gross Profit": NaN,
        "Operating Income": -2,
        "EBIT": -2,
        "Net Income": -2
    },
    "2011-06-30": {
        "Diluted EPS": NaN,
        "Total Revenue": NaN,
        "Gross Profit": NaN,
        "Operating Income": -2,
        "EBIT": -2,
        "Net Income": -3
    },
    "2011-03-31": {
        "Diluted EPS": NaN,
        "Total Revenue": NaN,
        "Gross Profit": NaN,
        "Operating Income": -1,
        "EBIT": -1,
        "Net Income": -1
    },
    "2010-12-31": {
        "Diluted EPS": NaN,
        "Total Revenue": NaN,
        "Gross Profit": NaN,
        "Operating Income": 0,
        "EBIT": -1,
        "Net Income": 0
    },
    "2010-09-30": {
        "Diluted EPS": NaN,
        "Total Revenue": NaN,
        "Gross Profit": NaN,
        "Operating Income": -1,
        "EBIT": 0,
        "Net Income": -1
    },
    "2010-06-30": {
        "Diluted EPS": NaN,
        "Total Revenue": NaN,
        "Gross Profit": NaN,
        "Operating Income": -2,
        "EBIT": -1,
        "Net Income": -2
    },
    "2010-03-31": {
        "Diluted EPS": NaN,
        "Total Revenue": 0,
        "Gross Profit": 0,
        "Operating Income": -3,
        "EBIT": -3,
        "Net Income": 5
    },
    "2009-12-31": {
        "Diluted EPS": NaN,
        "Total Revenue": 0,
        "Gross Profit": 0,
        "Operating Income": -4,
        "EBIT": -4,
        "Net Income": -13
    },
    "2009-09-30": {
        "Diluted EPS": NaN,
        "Total Revenue": 0,
        "Gross Profit": 0,
        "Operating Income": -2,
        "EBIT": -2,
        "Net Income": -3
    },
    "2009-06-30": {
        "Diluted EPS": NaN,
        "Total Revenue": 0,
        "Gross Profit": 0,
        "Operating Income": -2,
        "EBIT": -2,
        "Net Income": -5
    },
    "2009-03-31": {
        "Diluted EPS": NaN,
        "Total Revenue": 0,
        "Gross Profit": 0,
        "Operating Income": -2,
        "EBIT": -2,
        "Net Income": -2
    },
    "2023-06-30": {
        "Tax Effect Of Unusual Items": 0.0,
        "Tax Rate For Calcs": 0.0,
        "Normalized EBITDA": -8255352.0,
        "Total Unusual Items": NaN,
        "Total Unusual Items Excluding Goodwill": NaN,
        "Net Income From Continuing Operation Net Minority Interest": -8221222.0,
        "Reconciled Depreciation": 38650.0,
        "EBITDA": -8255352.0,
        "EBIT": -8294002.0,
        "Net Interest Income": 72780.0,
        "Interest Income": 72780.0,
        "Normalized Income": -8221222.0,
        "Net Income From Continuing And Discontinued Operation": -8221222.0,
        "Total Expenses": 8294002.0,
        "Total Operating Income As Reported": -8294002.0,
        "Diluted Average Shares": 11261217.0,
        "Basic Average Shares": 11261217.0,
        "Diluted EPS": -0.73,
        "Basic EPS": -0.73,
        "Diluted NI Availto Com Stockholders": -8221222.0,
        "Net Income Common Stockholders": -8221222.0,
        "Net Income": -8221222.0,
        "Net Income Including Noncontrolling Interests": -8221222.0,
        "Net Income Continuous Operations": -8221222.0,
        "Pretax Income": -8221222.0,
        "Other Income Expense": NaN,
        "Other Non Operating Income Expenses": NaN,
        "Gain On Sale Of Security": NaN,
        "Net Non Operating Interest Income Expense": 72780.0,
        "Interest Income Non Operating": 72780.0,
        "Operating Income": -8294002.0,
        "Operating Expense": 8294002.0,
        "Research And Development": 6308430.0,
        "Selling General And Administration": 1985572.0,
        "General And Administrative Expense": 1985572.0,
        "Other Gand A": 1985572.0,
        "Total Revenue": 0.0,
        "Operating Revenue": 0.0
    },
    "2023-09-30": {
        "Tax Effect Of Unusual Items": 0.0,
        "Tax Rate For Calcs": 0.0,
        "Normalized EBITDA": -5472252.0,
        "Total Unusual Items": -3900000.0,
        "Total Unusual Items Excluding Goodwill": -3900000.0,
        "Net Income From Continuing Operation Net Minority Interest": -13732350.0,
        "Reconciled Depreciation": 41208.0,
        "EBITDA": -9372252.0,
        "EBIT": -9413460.0,
        "Net Interest Income": 51110.0,
        "Interest Income": 51110.0,
        "Normalized Income": -9832350.0,
        "Net Income From Continuing And Discontinued Operation": -13732350.0,
        "Total Expenses": 9413460.0,
        "Total Operating Income As Reported": -9413460.0,
        "Diluted Average Shares": 11308738.0,
        "Basic Average Shares": 11308738.0,
        "Diluted EPS": -1.21,
        "Basic EPS": -1.21,
        "Diluted NI Availto Com Stockholders": -13732350.0,
        "Net Income Common Stockholders": -13732350.0,
        "Net Income": -13732350.0,
        "Net Income Including Noncontrolling Interests": -13732350.0,
        "Net Income Continuous Operations": -13732350.0,
        "Pretax Income": -13732350.0,
        "Other Income Expense": -4370000.0,
        "Other Non Operating Income Expenses": -470000.0,
        "Gain On Sale Of Security": -3900000.0,
        "Net Non Operating Interest Income Expense": 51110.0,
        "Interest Income Non Operating": 51110.0,
        "Operating Income": -9413460.0,
        "Operating Expense": 9413460.0,
        "Research And Development": 7312504.0,
        "Selling General And Administration": 2100956.0,
        "General And Administrative Expense": 2100956.0,
        "Other Gand A": 2100956.0,
        "Total Revenue": 0.0,
        "Operating Revenue": 0.0
    },
    "2023-12-31": {
        "Tax Effect Of Unusual Items": 0.0,
        "Tax Rate For Calcs": 0.0,
        "Normalized EBITDA": -17377919.0,
        "Total Unusual Items": 4900000.0,
        "Total Unusual Items Excluding Goodwill": 4900000.0,
        "Net Income From Continuing Operation Net Minority Interest": -7448657.0,
        "Reconciled Depreciation": 69960.0,
        "EBITDA": -12477919.0,
        "EBIT": -12547879.0,
        "Net Interest Income": 139222.0,
        "Interest Income": 139222.0,
        "Normalized Income": -12348657.0,
        "Net Income From Continuing And Discontinued Operation": -7448657.0,
        "Total Expenses": 12547879.0,
        "Total Operating Income As Reported": -12547879.0,
        "Diluted Average Shares": NaN,
        "Basic Average Shares": NaN,
        "Diluted EPS": NaN,
        "Basic EPS": NaN,
        "Diluted NI Availto Com Stockholders": -7448657.0,
        "Net Income Common Stockholders": -7448657.0,
        "Net Income": -7448657.0,
        "Net Income Including Noncontrolling Interests": -7448657.0,
        "Net Income Continuous Operations": -7448657.0,
        "Pretax Income": -7508657.0,
        "Other Income Expense": 4900000.0,
        "Other Non Operating Income Expenses": 0.0,
        "Gain On Sale Of Security": 4900000.0,
        "Net Non Operating Interest Income Expense": 139222.0,
        "Interest Income Non Operating": 139222.0,
        "Operating Income": -12547879.0,
        "Operating Expense": 12547879.0,
        "Research And Development": 7936456.0,
        "Selling General And Administration": 4611423.0,
        "General And Administrative Expense": 4611423.0,
        "Other Gand A": 4611423.0,
        "Total Revenue": 0.0,
        "Operating Revenue": 0.0
    },
    "2024-03-31": {
        "Tax Effect Of Unusual Items": 0.0,
        "Tax Rate For Calcs": 0.0,
        "Normalized EBITDA": -2012996.0,
        "Total Unusual Items": -9900000.0,
        "Total Unusual Items Excluding Goodwill": -9900000.0,
        "Net Income From Continuing Operation Net Minority Interest": -21581637.0,
        "Reconciled Depreciation": 88490.0,
        "EBITDA": -11912996.0,
        "EBIT": -12001486.0,
        "Net Interest Income": 319849.0,
        "Interest Income": 319849.0,
        "Normalized Income": -11681637.0,
        "Net Income From Continuing And Discontinued Operation": -21581637.0,
        "Total Expenses": 12001486.0,
        "Total Operating Income As Reported": -12001486.0,
        "Diluted Average Shares": 29346679.0,
        "Basic Average Shares": 29346679.0,
        "Diluted EPS": -0.74,
        "Basic EPS": -0.74,
        "Diluted NI Availto Com Stockholders": -21581637.0,
        "Net Income Common Stockholders": -21581637.0,
        "Net Income": -21581637.0,
        "Net Income Including Noncontrolling Interests": -21581637.0,
        "Net Income Continuous Operations": -21581637.0,
        "Pretax Income": -21581637.0,
        "Other Income Expense": -9900000.0,
        "Other Non Operating Income Expenses": NaN,
        "Gain On Sale Of Security": -9900000.0,
        "Net Non Operating Interest Income Expense": 319849.0,
        "Interest Income Non Operating": 319849.0,
        "Operating Income": -12001486.0,
        "Operating Expense": 12001486.0,
        "Research And Development": 7377940.0,
        "Selling General And Administration": 4623546.0,
        "General And Administrative Expense": 4623546.0,
        "Other Gand A": 4623546.0,
        "Total Revenue": 0.0,
        "Operating Revenue": 0.0
    }
}