{
    "2023-06-30": {
        "Tax Effect Of Unusual Items": -560000.0,
        "Tax Rate For Calcs": 0.16,
        "Normalized EBITDA": 130700000.0,
        "Total Unusual Items": -3500000.0,
        "Total Unusual Items Excluding Goodwill": -3500000.0,
        "Net Income From Continuing Operation Net Minority Interest": 55500000.0,
        "Reconciled Depreciation": 39400000.0,
        "Reconciled Cost Of Revenue": 1725300000.0,
        "EBITDA": 127200000.0,
        "EBIT": 87800000.0,
        "Net Interest Income": -22100000.0,
        "Interest Expense": 22100000.0,
        "Normalized Income": 58440000.0,
        "Net Income From Continuing And Discontinued Operation": 55500000.0,
        "Total Expenses": 1848100000.0,
        "Total Operating Income As Reported": 87800000.0,
        "Diluted NI Availto Com Stockholders": 55500000.0,
        "Net Income Common Stockholders": 55500000.0,
        "Net Income": 55500000.0,
        "Net Income Including Noncontrolling Interests": 55500000.0,
        "Net Income Continuous Operations": 55500000.0,
        "Tax Provision": 10200000.0,
        "Pretax Income": 65700000.0,
        "Other Income Expense": -3500000.0,
        "Special Income Charges": -3500000.0,
        "Other Special Charges": -1700000.0,
        "Restructuring And Mergern Acquisition": 5200000.0,
        "Net Non Operating Interest Income Expense": -22100000.0,
        "Interest Expense Non Operating": 22100000.0,
        "Operating Income": 91300000.0,
        "Operating Expense": 93300000.0,
        "Depreciation Amortization Depletion Income Statement": 9900000.0,
        "Depreciation And Amortization In Income Statement": 9900000.0,
        "Amortization": 9900000.0,
        "Amortization Of Intangibles Income Statement": 9900000.0,
        "Research And Development": 14300000.0,
        "Selling General And Administration": 69100000.0,
        "Gross Profit": 184600000.0,
        "Cost Of Revenue": 1754800000.0,
        "Total Revenue": 1939400000.0,
        "Operating Revenue": 1939400000.0
    },
    "2023-03-31": {
        "Tax Effect Of Unusual Items": -1564000.0,
        "Tax Rate For Calcs": 0.34,
        "Normalized EBITDA": 102300000.0,
        "Total Unusual Items": -4600000.0,
        "Total Unusual Items Excluding Goodwill": -4600000.0,
        "Net Income From Continuing Operation Net Minority Interest": 24700000.0,
        "Reconciled Depreciation": 38300000.0,
        "Reconciled Cost Of Revenue": 1645500000.0,
        "EBITDA": 97700000.0,
        "EBIT": 59400000.0,
        "Net Interest Income": -21700000.0,
        "Interest Expense": 21700000.0,
        "Normalized Income": 27736000.0,
        "Net Income From Continuing And Discontinued Operation": 24700000.0,
        "Total Expenses": 1773800000.0,
        "Total Operating Income As Reported": 59400000.0,
        "Diluted NI Availto Com Stockholders": 24700000.0,
        "Net Income Common Stockholders": 24700000.0,
        "Net Income": 24700000.0,
        "Net Income Including Noncontrolling Interests": 24700000.0,
        "Net Income Continuous Operations": 24700000.0,
        "Tax Provision": 13000000.0,
        "Pretax Income": 37700000.0,
        "Other Income Expense": -4600000.0,
        "Special Income Charges": -4600000.0,
        "Other Special Charges": NaN,
        "Restructuring And Mergern Acquisition": 4600000.0,
        "Net Non Operating Interest Income Expense": -21700000.0,
        "Interest Expense Non Operating": 21700000.0,
        "Operating Income": 64000000.0,
        "Operating Expense": 100000000.0,
        "Depreciation Amortization Depletion Income Statement": 10000000.0,
        "Depreciation And Amortization In Income Statement": 10000000.0,
        "Amortization": 10000000.0,
        "Amortization Of Intangibles Income Statement": 10000000.0,
        "Research And Development": 12100000.0,
        "Selling General And Administration": 77900000.0,
        "Gross Profit": 164000000.0,
        "Cost Of Revenue": 1673800000.0,
        "Total Revenue": 1837800000.0,
        "Operating Revenue": 1837800000.0
    },
    "2022-12-31": {
        "Tax Effect Of Unusual Items": -894382.022472,
        "Tax Rate For Calcs": 0.319422,
        "Normalized EBITDA": 121900000.0,
        "Total Unusual Items": -2800000.0,
        "Total Unusual Items Excluding Goodwill": -2800000.0,
        "Net Income From Continuing Operation Net Minority Interest": 42400000.0,
        "Reconciled Depreciation": 37500000.0,
        "Reconciled Cost Of Revenue": 1829100000.0,
        "EBITDA": 119100000.0,
        "EBIT": 81600000.0,
        "Net Interest Income": -19300000.0,
        "Interest Expense": 19300000.0,
        "Normalized Income": 44305617.977528,
        "Net Income From Continuing And Discontinued Operation": 42400000.0,
        "Total Expenses": 1958200000.0,
        "Total Operating Income As Reported": 81600000.0,
        "Diluted NI Availto Com Stockholders": 42400000.0,
        "Net Income Common Stockholders": 42400000.0,
        "Net Income": 42400000.0,
        "Net Income Including Noncontrolling Interests": 42400000.0,
        "Net Income Continuous Operations": 42400000.0,
        "Tax Provision": 19900000.0,
        "Pretax Income": 62300000.0,
        "Other Income Expense": -2800000.0,
        "Special Income Charges": -2800000.0,
        "Other Special Charges": NaN,
        "Restructuring And Mergern Acquisition": 2800000.0,
        "Net Non Operating Interest Income Expense": -19300000.0,
        "Interest Expense Non Operating": 19300000.0,
        "Operating Income": 84400000.0,
        "Operating Expense": 101800000.0,
        "Depreciation Amortization Depletion Income Statement": 10200000.0,
        "Depreciation And Amortization In Income Statement": 10200000.0,
        "Amortization": 10200000.0,
        "Amortization Of Intangibles Income Statement": 10200000.0,
        "Research And Development": 14500000.0,
        "Selling General And Administration": 77100000.0,
        "Gross Profit": 186200000.0,
        "Cost Of Revenue": 1856400000.0,
        "Total Revenue": 2042600000.0,
        "Operating Revenue": 2042600000.0
    },
    "2022-09-30": {
        "Tax Effect Of Unusual Items": -399343.18555,
        "Tax Rate For Calcs": 0.249589,
        "Normalized EBITDA": 115500000.0,
        "Total Unusual Items": -1600000.0,
        "Total Unusual Items Excluding Goodwill": -1600000.0,
        "Net Income From Continuing Operation Net Minority Interest": 45700000.0,
        "Reconciled Depreciation": 35500000.0,
        "Reconciled Cost Of Revenue": 1730100000.0,
        "EBITDA": 113900000.0,
        "EBIT": 78400000.0,
        "Net Interest Income": -17500000.0,
        "Interest Expense": 17500000.0,
        "Normalized Income": 46900656.81445,
        "Net Income From Continuing And Discontinued Operation": 45700000.0,
        "Total Expenses": 1843300000.0,
        "Total Operating Income As Reported": 78400000.0,
        "Diluted Average Shares": 123200000.0,
        "Basic Average Shares": 123100000.0,
        "Diluted EPS": 0.37,
        "Basic EPS": 0.37,
        "Diluted NI Availto Com Stockholders": 45700000.0,
        "Net Income Common Stockholders": 45700000.0,
        "Net Income": 45700000.0,
        "Net Income Including Noncontrolling Interests": 45700000.0,
        "Net Income Continuous Operations": 45700000.0,
        "Tax Provision": 15200000.0,
        "Pretax Income": 60900000.0,
        "Other Income Expense": -1600000.0,
        "Special Income Charges": -1600000.0,
        "Other Special Charges": NaN,
        "Restructuring And Mergern Acquisition": 1600000.0,
        "Net Non Operating Interest Income Expense": -17500000.0,
        "Interest Expense Non Operating": 17500000.0,
        "Operating Income": 80000000.0,
        "Operating Expense": 87700000.0,
        "Depreciation Amortization Depletion Income Statement": 10000000.0,
        "Depreciation And Amortization In Income Statement": 10000000.0,
        "Amortization": 10000000.0,
        "Amortization Of Intangibles Income Statement": 10000000.0,
        "Research And Development": 11600000.0,
        "Selling General And Administration": 66100000.0,
        "Gross Profit": 167700000.0,
        "Cost Of Revenue": 1755600000.0,
        "Total Revenue": 1923300000.0,
        "Operating Revenue": 1923300000.0
    },
    "2022-06-30": {
        "Tax Effect Of Unusual Items": 700000.0,
        "Tax Rate For Calcs": 0.28,
        "Normalized EBITDA": 96100000.0,
        "Total Unusual Items": 2500000.0,
        "Total Unusual Items Excluding Goodwill": 2500000.0,
        "Net Income From Continuing Operation Net Minority Interest": 35600000.0,
        "Reconciled Depreciation": 35900000.0,
        "Reconciled Cost Of Revenue": 1541300000.0,
        "EBITDA": 98600000.0,
        "EBIT": 62700000.0,
        "Net Interest Income": -13100000.0,
        "Interest Expense": 13100000.0,
        "Normalized Income": 33800000.0,
        "Net Income From Continuing And Discontinued Operation": 35600000.0,
        "Total Expenses": 1657000000.0,
        "Total Operating Income As Reported": 62700000.0,
        "Diluted Average Shares": 124000000.0,
        "Basic Average Shares": 124000000.0,
        "Diluted EPS": 0.29,
        "Basic EPS": 0.29,
        "Diluted NI Availto Com Stockholders": 35600000.0,
        "Net Income Common Stockholders": 35600000.0,
        "Net Income": 35600000.0,
        "Net Income Including Noncontrolling Interests": 35600000.0,
        "Net Income Continuous Operations": 35600000.0,
        "Tax Provision": 14000000.0,
        "Pretax Income": 49600000.0,
        "Other Income Expense": 2500000.0,
        "Special Income Charges": 2500000.0,
        "Other Special Charges": NaN,
        "Restructuring And Mergern Acquisition": -2500000.0,
        "Net Non Operating Interest Income Expense": -13100000.0,
        "Interest Expense Non Operating": 13100000.0,
        "Operating Income": 60200000.0,
        "Operating Expense": 89700000.0,
        "Depreciation Amortization Depletion Income Statement": 9900000.0,
        "Depreciation And Amortization In Income Statement": 9900000.0,
        "Amortization": 9900000.0,
        "Amortization Of Intangibles Income Statement": 9900000.0,
        "Research And Development": 8800000.0,
        "Selling General And Administration": 71000000.0,
        "Gross Profit": 149900000.0,
        "Cost Of Revenue": 1567300000.0,
        "Total Revenue": 1717200000.0,
        "Operating Revenue": 1717200000.0
    },
    "2022-03-31": {
        "Diluted EPS": 0.17,
        "Total Revenue": NaN,
        "Gross Profit": 133,
        "Operating Income": 41,
        "EBIT": 77,
        "Net Income": 22
    },
    "2021-12-31": {
        "Diluted EPS": 0.25,
        "Total Revenue": NaN,
        "Gross Profit": 142,
        "Operating Income": 50,
        "EBIT": 85,
        "Net Income": 32
    },
    "2021-09-30": {
        "Diluted EPS": 0.28,
        "Total Revenue": NaN,
        "Gross Profit": 125,
        "Operating Income": 52,
        "EBIT": 82,
        "Net Income": 35
    },
    "2021-06-30": {
        "Diluted EPS": 0.21,
        "Total Revenue": NaN,
        "Gross Profit": 118,
        "Operating Income": 42,
        "EBIT": 73,
        "Net Income": 26
    },
    "2021-03-31": {
        "Diluted EPS": 0.08,
        "Total Revenue": NaN,
        "Gross Profit": 102,
        "Operating Income": 24,
        "EBIT": 54,
        "Net Income": 11
    },
    "2020-12-31": {
        "Diluted EPS": 0.15,
        "Total Revenue": NaN,
        "Gross Profit": 114,
        "Operating Income": 36,
        "EBIT": 66,
        "Net Income": 20
    },
    "2020-09-30": {
        "Diluted EPS": 0.24,
        "Total Revenue": NaN,
        "Gross Profit": 124,
        "Operating Income": 49,
        "EBIT": 80,
        "Net Income": 30
    },
    "2020-06-30": {
        "Diluted EPS": 0.1,
        "Total Revenue": NaN,
        "Gross Profit": 109,
        "Operating Income": 30,
        "EBIT": 61,
        "Net Income": 13
    },
    "2020-03-31": {
        "Diluted EPS": -0.02,
        "Total Revenue": NaN,
        "Gross Profit": 91,
        "Operating Income": 13,
        "EBIT": 45,
        "Net Income": -3
    },
    "2019-12-31": {
        "Diluted EPS": -0.03,
        "Total Revenue": NaN,
        "Gross Profit": 102,
        "Operating Income": 11,
        "EBIT": 44,
        "Net Income": -7
    },
    "2019-09-30": {
        "Diluted EPS": -0.05,
        "Total Revenue": NaN,
        "Gross Profit": 98,
        "Operating Income": 18,
        "EBIT": 52,
        "Net Income": -7
    },
    "2019-06-30": {
        "Diluted EPS": -0.05,
        "Total Revenue": NaN,
        "Gross Profit": 98,
        "Operating Income": 12,
        "EBIT": 46,
        "Net Income": -6
    },
    "2019-03-31": {
        "Diluted EPS": 0.66,
        "Total Revenue": NaN,
        "Gross Profit": 87,
        "Operating Income": 108,
        "EBIT": 143,
        "Net Income": 90
    },
    "2018-12-31": {
        "Diluted EPS": 0.43,
        "Total Revenue": NaN,
        "Gross Profit": 120,
        "Operating Income": 29,
        "EBIT": 54,
        "Net Income": 60
    },
    "2018-09-30": {
        "Diluted EPS": 0.06,
        "Total Revenue": NaN,
        "Gross Profit": 112,
        "Operating Income": 29,
        "EBIT": 50,
        "Net Income": 9
    },
    "2018-06-30": {
        "Diluted EPS": 0.11,
        "Total Revenue": NaN,
        "Gross Profit": 105,
        "Operating Income": 26,
        "EBIT": 47,
        "Net Income": 16
    },
    "2018-03-31": {
        "Diluted EPS": 0.1,
        "Total Revenue": NaN,
        "Gross Profit": 94,
        "Operating Income": 23,
        "EBIT": 44,
        "Net Income": 14
    },
    "2017-12-31": {
        "Diluted EPS": 0.09,
        "Total Revenue": NaN,
        "Gross Profit": 102,
        "Operating Income": 24,
        "EBIT": 44,
        "Net Income": 14
    },
    "2017-09-30": {
        "Diluted EPS": 0.24,
        "Total Revenue": NaN,
        "Gross Profit": 106,
        "Operating Income": 45,
        "EBIT": 64,
        "Net Income": 35
    },
    "2017-06-30": {
        "Diluted EPS": 0.24,
        "Total Revenue": NaN,
        "Gross Profit": 109,
        "Operating Income": 42,
        "EBIT": 61,
        "Net Income": 35
    },
    "2017-03-31": {
        "Diluted EPS": 0.16,
        "Total Revenue": NaN,
        "Gross Profit": 103,
        "Operating Income": 33,
        "EBIT": 52,
        "Net Income": 23
    },
    "2016-12-31": {
        "Diluted EPS": 0.15,
        "Total Revenue": NaN,
        "Gross Profit": 112,
        "Operating Income": 24,
        "EBIT": 44,
        "Net Income": 21
    },
    "2016-09-30": {
        "Diluted EPS": 0.37,
        "Total Revenue": NaN,
        "Gross Profit": 111,
        "Operating Income": 50,
        "EBIT": 68,
        "Net Income": 54
    },
    "2016-06-30": {
        "Diluted EPS": 0.25,
        "Total Revenue": NaN,
        "Gross Profit": 112,
        "Operating Income": 52,
        "EBIT": 71,
        "Net Income": 36
    },
    "2016-03-31": {
        "Diluted EPS": 0.18,
        "Total Revenue": NaN,
        "Gross Profit": 93,
        "Operating Income": 31,
        "EBIT": 49,
        "Net Income": 26
    },
    "2015-12-31": {
        "Diluted EPS": 0.08,
        "Total Revenue": NaN,
        "Gross Profit": 101,
        "Operating Income": 24,
        "EBIT": 42,
        "Net Income": 12
    },
    "2015-09-30": {
        "Diluted EPS": 0.08,
        "Total Revenue": NaN,
        "Gross Profit": 101,
        "Operating Income": 31,
        "EBIT": 48,
        "Net Income": 11
    },
    "2015-06-30": {
        "Diluted EPS": 0.14,
        "Total Revenue": NaN,
        "Gross Profit": 97,
        "Operating Income": 30,
        "EBIT": 47,
        "Net Income": 24
    },
    "2015-03-31": {
        "Diluted EPS": 0.11,
        "Total Revenue": NaN,
        "Gross Profit": 91,
        "Operating Income": 27,
        "EBIT": 44,
        "Net Income": 20
    },
    "2014-12-31": {
        "Diluted EPS": -0.03,
        "Total Revenue": NaN,
        "Gross Profit": 105,
        "Operating Income": 7,
        "EBIT": 25,
        "Net Income": -4
    },
    "2014-09-30": {
        "Diluted EPS": 0.19,
        "Total Revenue": NaN,
        "Gross Profit": 106,
        "Operating Income": 49,
        "EBIT": 66,
        "Net Income": 34
    },
    "2014-06-30": {
        "Diluted EPS": 0.22,
        "Total Revenue": NaN,
        "Gross Profit": 105,
        "Operating Income": 43,
        "EBIT": 60,
        "Net Income": 41
    },
    "2014-03-31": {
        "Diluted EPS": 0.2,
        "Total Revenue": NaN,
        "Gross Profit": 90,
        "Operating Income": 29,
        "EBIT": 46,
        "Net Income": 37
    },
    "2013-12-31": {
        "Diluted EPS": 0.12,
        "Total Revenue": NaN,
        "Gross Profit": 104,
        "Operating Income": 39,
        "EBIT": 55,
        "Net Income": 22
    },
    "2013-09-30": {
        "Diluted EPS": 0.31,
        "Total Revenue": NaN,
        "Gross Profit": 103,
        "Operating Income": 40,
        "EBIT": 57,
        "Net Income": 57
    },
    "2013-06-30": {
        "Diluted EPS": 0.15,
        "Total Revenue": NaN,
        "Gross Profit": 96,
        "Operating Income": 32,
        "EBIT": 51,
        "Net Income": 28
    },
    "2013-03-31": {
        "Diluted EPS": 0.06,
        "Total Revenue": NaN,
        "Gross Profit": 87,
        "Operating Income": 24,
        "EBIT": 42,
        "Net Income": 11
    },
    "2012-12-31": {
        "Diluted EPS": 0.04,
        "Total Revenue": NaN,
        "Gross Profit": 100,
        "Operating Income": 38,
        "EBIT": 59,
        "Net Income": 7
    },
    "2012-09-30": {
        "Diluted EPS": 0.21,
        "Total Revenue": NaN,
        "Gross Profit": 109,
        "Operating Income": 40,
        "EBIT": 61,
        "Net Income": 44
    },
    "2012-06-30": {
        "Diluted EPS": 0.11,
        "Total Revenue": NaN,
        "Gross Profit": 117,
        "Operating Income": 51,
        "EBIT": 71,
        "Net Income": 24
    },
    "2012-03-31": {
        "Diluted EPS": 0.2,
        "Total Revenue": NaN,
        "Gross Profit": 112,
        "Operating Income": 46,
        "EBIT": 66,
        "Net Income": 43
    },
    "2011-12-31": {
        "Diluted EPS": 0.32,
        "Total Revenue": NaN,
        "Gross Profit": 122,
        "Operating Income": 56,
        "EBIT": 75,
        "Net Income": 69
    },
    "2011-09-30": {
        "Diluted EPS": 0.23,
        "Total Revenue": NaN,
        "Gross Profit": 127,
        "Operating Income": 57,
        "EBIT": 77,
        "Net Income": 50
    },
    "2011-06-30": {
        "Diluted EPS": 0.21,
        "Total Revenue": NaN,
        "Gross Profit": 126,
        "Operating Income": 57,
        "EBIT": 76,
        "Net Income": 46
    },
    "2011-03-31": {
        "Diluted EPS": 0.14,
        "Total Revenue": NaN,
        "Gross Profit": 117,
        "Operating Income": 41,
        "EBIT": 60,
        "Net Income": 30
    },
    "2010-12-31": {
        "Diluted EPS": 0.11,
        "Total Revenue": NaN,
        "Gross Profit": NaN,
        "Operating Income": NaN,
        "EBIT": NaN,
        "Net Income": 26
    },
    "2010-09-30": {
        "Diluted EPS": 0.15,
        "Total Revenue": NaN,
        "Gross Profit": 107,
        "Operating Income": 43,
        "EBIT": 64,
        "Net Income": 35
    },
    "2010-06-30": {
        "Diluted EPS": -0.03,
        "Total Revenue": NaN,
        "Gross Profit": NaN,
        "Operating Income": NaN,
        "EBIT": NaN,
        "Net Income": -6
    },
    "2010-03-31": {
        "Diluted EPS": 0.11,
        "Total Revenue": NaN,
        "Gross Profit": 106,
        "Operating Income": 27,
        "EBIT": 50,
        "Net Income": 26
    },
    "2009-12-31": {
        "Diluted EPS": 0.13,
        "Total Revenue": NaN,
        "Gross Profit": 109,
        "Operating Income": 41,
        "EBIT": 67,
        "Net Income": 31
    },
    "2009-09-30": {
        "Diluted EPS": 0.0,
        "Total Revenue": NaN,
        "Gross Profit": 108,
        "Operating Income": 49,
        "EBIT": 74,
        "Net Income": -1
    },
    "2009-06-30": {
        "Diluted EPS": 0.02,
        "Total Revenue": NaN,
        "Gross Profit": 102,
        "Operating Income": 35,
        "EBIT": 59,
        "Net Income": 5
    },
    "2009-03-31": {
        "Diluted EPS": 0.08,
        "Total Revenue": NaN,
        "Gross Profit": 111,
        "Operating Income": 38,
        "EBIT": 64,
        "Net Income": 19
    },
    "2023-09-30": {
        "Tax Effect Of Unusual Items": -1064000.0,
        "Tax Rate For Calcs": 0.19,
        "Normalized EBITDA": 162400000.0,
        "Total Unusual Items": -5600000.0,
        "Total Unusual Items Excluding Goodwill": -5600000.0,
        "Net Income From Continuing Operation Net Minority Interest": 80200000.0,
        "Reconciled Depreciation": 39400000.0,
        "Reconciled Cost Of Revenue": 1807100000.0,
        "EBITDA": 156800000.0,
        "EBIT": 117400000.0,
        "Net Interest Income": -18300000.0,
        "Interest Expense": 18300000.0,
        "Normalized Income": 84736000.0,
        "Net Income From Continuing And Discontinued Operation": 80200000.0,
        "Total Expenses": 1920300000.0,
        "Total Operating Income As Reported": 117400000.0,
        "Diluted NI Availto Com Stockholders": 80200000.0,
        "Net Income Common Stockholders": 80200000.0,
        "Net Income": 80200000.0,
        "Net Income Including Noncontrolling Interests": 80200000.0,
        "Net Income Continuous Operations": 80200000.0,
        "Tax Provision": 18900000.0,
        "Pretax Income": 99100000.0,
        "Other Income Expense": -5600000.0,
        "Special Income Charges": -5600000.0,
        "Other Special Charges": 800000.0,
        "Restructuring And Mergern Acquisition": 4800000.0,
        "Net Non Operating Interest Income Expense": -18300000.0,
        "Interest Expense Non Operating": 18300000.0,
        "Operating Income": 123000000.0,
        "Operating Expense": 83700000.0,
        "Depreciation Amortization Depletion Income Statement": 9900000.0,
        "Depreciation And Amortization In Income Statement": 9900000.0,
        "Amortization": 9900000.0,
        "Amortization Of Intangibles Income Statement": 9900000.0,
        "Research And Development": 16900000.0,
        "Selling General And Administration": 56900000.0,
        "Gross Profit": 206700000.0,
        "Cost Of Revenue": 1836600000.0,
        "Total Revenue": 2043300000.0,
        "Operating Revenue": 2043300000.0
    }
}