{
    "2023-03-31": {
        "Tax Effect Of Unusual Items": NaN,
        "Tax Rate For Calcs": NaN,
        "Normalized EBITDA": NaN,
        "Total Unusual Items": NaN,
        "Total Unusual Items Excluding Goodwill": NaN,
        "Net Income From Continuing Operation Net Minority Interest": NaN,
        "Reconciled Depreciation": NaN,
        "Reconciled Cost Of Revenue": NaN,
        "EBITDA": NaN,
        "EBIT": NaN,
        "Net Interest Income": NaN,
        "Interest Expense": NaN,
        "Interest Income": NaN,
        "Normalized Income": NaN,
        "Net Income From Continuing And Discontinued Operation": NaN,
        "Total Expenses": NaN,
        "Total Operating Income As Reported": NaN,
        "Diluted Average Shares": 80469471.0,
        "Basic Average Shares": 80469471.0,
        "Diluted EPS": -0.23,
        "Basic EPS": -0.23,
        "Diluted NI Availto Com Stockholders": NaN,
        "Net Income Common Stockholders": NaN,
        "Preferred Stock Dividends": NaN,
        "Net Income": NaN,
        "Net Income Including Noncontrolling Interests": NaN,
        "Net Income Discontinuous Operations": NaN,
        "Net Income Continuous Operations": NaN,
        "Tax Provision": NaN,
        "Pretax Income": NaN,
        "Other Income Expense": NaN,
        "Other Non Operating Income Expenses": 11000.0,
        "Special Income Charges": NaN,
        "Gain On Sale Of Ppe": NaN,
        "Write Off": NaN,
        "Impairment Of Capital Assets": NaN,
        "Restructuring And Mergern Acquisition": NaN,
        "Gain On Sale Of Security": NaN,
        "Net Non Operating Interest Income Expense": NaN,
        "Interest Expense Non Operating": NaN,
        "Interest Income Non Operating": NaN,
        "Operating Income": NaN,
        "Operating Expense": NaN,
        "Depreciation Amortization Depletion Income Statement": NaN,
        "Depreciation And Amortization In Income Statement": NaN,
        "Amortization": NaN,
        "Amortization Of Intangibles Income Statement": NaN,
        "Depreciation Income Statement": NaN,
        "Selling General And Administration": NaN,
        "General And Administrative Expense": NaN,
        "Other Gand A": NaN,
        "Salaries And Wages": 9750000.0,
        "Gross Profit": NaN,
        "Cost Of Revenue": NaN,
        "Total Revenue": NaN,
        "Operating Revenue": NaN
    },
    "2022-12-31": {
        "Tax Effect Of Unusual Items": NaN,
        "Tax Rate For Calcs": NaN,
        "Normalized EBITDA": NaN,
        "Total Unusual Items": NaN,
        "Total Unusual Items Excluding Goodwill": NaN,
        "Net Income From Continuing Operation Net Minority Interest": NaN,
        "Reconciled Depreciation": NaN,
        "Reconciled Cost Of Revenue": NaN,
        "EBITDA": NaN,
        "EBIT": NaN,
        "Net Interest Income": NaN,
        "Interest Expense": NaN,
        "Interest Income": NaN,
        "Normalized Income": NaN,
        "Net Income From Continuing And Discontinued Operation": NaN,
        "Total Expenses": NaN,
        "Total Operating Income As Reported": NaN,
        "Diluted Average Shares": NaN,
        "Basic Average Shares": NaN,
        "Diluted EPS": NaN,
        "Basic EPS": NaN,
        "Diluted NI Availto Com Stockholders": NaN,
        "Net Income Common Stockholders": NaN,
        "Preferred Stock Dividends": NaN,
        "Net Income": NaN,
        "Net Income Including Noncontrolling Interests": NaN,
        "Net Income Discontinuous Operations": NaN,
        "Net Income Continuous Operations": NaN,
        "Tax Provision": NaN,
        "Pretax Income": NaN,
        "Other Income Expense": NaN,
        "Other Non Operating Income Expenses": NaN,
        "Special Income Charges": NaN,
        "Gain On Sale Of Ppe": NaN,
        "Write Off": NaN,
        "Impairment Of Capital Assets": NaN,
        "Restructuring And Mergern Acquisition": NaN,
        "Gain On Sale Of Security": NaN,
        "Net Non Operating Interest Income Expense": NaN,
        "Interest Expense Non Operating": NaN,
        "Interest Income Non Operating": NaN,
        "Operating Income": NaN,
        "Operating Expense": NaN,
        "Depreciation Amortization Depletion Income Statement": NaN,
        "Depreciation And Amortization In Income Statement": NaN,
        "Amortization": NaN,
        "Amortization Of Intangibles Income Statement": NaN,
        "Depreciation Income Statement": NaN,
        "Selling General And Administration": NaN,
        "General And Administrative Expense": NaN,
        "Other Gand A": NaN,
        "Salaries And Wages": 9802000.0,
        "Gross Profit": NaN,
        "Cost Of Revenue": NaN,
        "Total Revenue": NaN,
        "Operating Revenue": NaN
    },
    "2022-09-30": {
        "Tax Effect Of Unusual Items": NaN,
        "Tax Rate For Calcs": NaN,
        "Normalized EBITDA": NaN,
        "Total Unusual Items": NaN,
        "Total Unusual Items Excluding Goodwill": NaN,
        "Net Income From Continuing Operation Net Minority Interest": NaN,
        "Reconciled Depreciation": NaN,
        "Reconciled Cost Of Revenue": NaN,
        "EBITDA": NaN,
        "EBIT": NaN,
        "Net Interest Income": NaN,
        "Interest Expense": NaN,
        "Interest Income": NaN,
        "Normalized Income": NaN,
        "Net Income From Continuing And Discontinued Operation": NaN,
        "Total Expenses": NaN,
        "Total Operating Income As Reported": NaN,
        "Diluted Average Shares": NaN,
        "Basic Average Shares": NaN,
        "Diluted EPS": NaN,
        "Basic EPS": NaN,
        "Diluted NI Availto Com Stockholders": NaN,
        "Net Income Common Stockholders": NaN,
        "Preferred Stock Dividends": 0.0,
        "Net Income": NaN,
        "Net Income Including Noncontrolling Interests": NaN,
        "Net Income Discontinuous Operations": NaN,
        "Net Income Continuous Operations": NaN,
        "Tax Provision": NaN,
        "Pretax Income": NaN,
        "Other Income Expense": NaN,
        "Other Non Operating Income Expenses": -2.0,
        "Special Income Charges": NaN,
        "Gain On Sale Of Ppe": NaN,
        "Write Off": -11202405.0,
        "Impairment Of Capital Assets": NaN,
        "Restructuring And Mergern Acquisition": NaN,
        "Gain On Sale Of Security": NaN,
        "Net Non Operating Interest Income Expense": NaN,
        "Interest Expense Non Operating": NaN,
        "Interest Income Non Operating": NaN,
        "Operating Income": NaN,
        "Operating Expense": NaN,
        "Depreciation Amortization Depletion Income Statement": NaN,
        "Depreciation And Amortization In Income Statement": NaN,
        "Amortization": NaN,
        "Amortization Of Intangibles Income Statement": NaN,
        "Depreciation Income Statement": NaN,
        "Selling General And Administration": NaN,
        "General And Administrative Expense": NaN,
        "Other Gand A": NaN,
        "Salaries And Wages": 16710376.0,
        "Gross Profit": NaN,
        "Cost Of Revenue": NaN,
        "Total Revenue": NaN,
        "Operating Revenue": NaN
    },
    "2022-06-30": {
        "Tax Effect Of Unusual Items": 0.0,
        "Tax Rate For Calcs": 0.0,
        "Normalized EBITDA": 9575373.0,
        "Total Unusual Items": -10685775.0,
        "Total Unusual Items Excluding Goodwill": -10685775.0,
        "Net Income From Continuing Operation Net Minority Interest": -16236076.0,
        "Reconciled Depreciation": 14811291.0,
        "Reconciled Cost Of Revenue": 10341026.0,
        "EBITDA": -1110402.0,
        "EBIT": -15921693.0,
        "Net Interest Income": -262028.0,
        "Interest Expense": 314383.0,
        "Interest Income": 52355.0,
        "Normalized Income": -5550301.0,
        "Net Income From Continuing And Discontinued Operation": -29340223.0,
        "Total Expenses": 36316054.0,
        "Total Operating Income As Reported": -14941469.0,
        "Diluted Average Shares": 41277090.0,
        "Basic Average Shares": 41277090.0,
        "Diluted EPS": -0.71,
        "Basic EPS": -0.71,
        "Diluted NI Availto Com Stockholders": -29340223.0,
        "Net Income Common Stockholders": -29340223.0,
        "Preferred Stock Dividends": NaN,
        "Net Income": -29340223.0,
        "Net Income Including Noncontrolling Interests": -29340223.0,
        "Net Income Discontinuous Operations": -13104147.0,
        "Net Income Continuous Operations": -16236076.0,
        "Tax Provision": 0.0,
        "Pretax Income": -16236076.0,
        "Other Income Expense": -10685775.0,
        "Other Non Operating Income Expenses": NaN,
        "Special Income Charges": -9653196.0,
        "Gain On Sale Of Ppe": -5234482.0,
        "Write Off": 4418714.0,
        "Impairment Of Capital Assets": 4418714.0,
        "Restructuring And Mergern Acquisition": 0.0,
        "Gain On Sale Of Security": -1032579.0,
        "Net Non Operating Interest Income Expense": -262028.0,
        "Interest Expense Non Operating": 314383.0,
        "Interest Income Non Operating": 52355.0,
        "Operating Income": -5288273.0,
        "Operating Expense": 25975028.0,
        "Depreciation Amortization Depletion Income Statement": 14811291.0,
        "Depreciation And Amortization In Income Statement": 14811291.0,
        "Amortization": NaN,
        "Amortization Of Intangibles Income Statement": NaN,
        "Depreciation Income Statement": NaN,
        "Selling General And Administration": 11163737.0,
        "General And Administrative Expense": 11163737.0,
        "Other Gand A": 3546161.0,
        "Salaries And Wages": 7617576.0,
        "Gross Profit": 20686755.0,
        "Cost Of Revenue": 10341026.0,
        "Total Revenue": 31027781.0,
        "Operating Revenue": 30941726.0
    },
    "2022-03-31": {
        "Diluted EPS": -0.0,
        "Total Revenue": 37,
        "Gross Profit": 29,
        "Operating Income": 3,
        "EBIT": 13,
        "Net Income": 0
    },
    "2021-12-31": {
        "Diluted EPS": 0.35,
        "Total Revenue": 37,
        "Gross Profit": 31,
        "Operating Income": 15,
        "EBIT": 23,
        "Net Income": 14
    },
    "2021-09-30": {
        "Diluted EPS": -0.16,
        "Total Revenue": 20,
        "Gross Profit": 19,
        "Operating Income": 9,
        "EBIT": 11,
        "Net Income": -5
    },
    "2021-06-30": {
        "Diluted EPS": -0.49,
        "Total Revenue": 9,
        "Gross Profit": 8,
        "Operating Income": -12,
        "EBIT": -5,
        "Net Income": -17
    },
    "2021-03-31": {
        "Diluted EPS": 0.22,
        "Total Revenue": 8,
        "Gross Profit": 7,
        "Operating Income": -2,
        "EBIT": -4,
        "Net Income": 7
    },
    "2020-12-31": {
        "Diluted EPS": -0.32,
        "Total Revenue": 2,
        "Gross Profit": 1,
        "Operating Income": -6,
        "EBIT": -5,
        "Net Income": -7
    },
    "2020-09-30": {
        "Diluted EPS": -0.14,
        "Total Revenue": 2,
        "Gross Profit": 1,
        "Operating Income": -8,
        "EBIT": -7,
        "Net Income": -7
    },
    "2020-06-30": {
        "Diluted EPS": -0.77,
        "Total Revenue": 3,
        "Gross Profit": 1,
        "Operating Income": -2,
        "EBIT": 5,
        "Net Income": -9
    },
    "2020-03-31": {
        "Diluted EPS": -1.13,
        "Total Revenue": 4,
        "Gross Profit": 1,
        "Operating Income": -2,
        "EBIT": 0,
        "Net Income": -6
    },
    "2019-12-31": {
        "Diluted EPS": -0.4,
        "Total Revenue": 1,
        "Gross Profit": 0,
        "Operating Income": -3,
        "EBIT": -1,
        "Net Income": -2
    },
    "2019-09-30": {
        "Diluted EPS": -2.84,
        "Total Revenue": 2,
        "Gross Profit": 0,
        "Operating Income": -10,
        "EBIT": -7,
        "Net Income": -12
    },
    "2019-06-30": {
        "Diluted EPS": -0.9,
        "Total Revenue": 1,
        "Gross Profit": 0,
        "Operating Income": -2,
        "EBIT": -1,
        "Net Income": -4
    },
    "2019-03-31": {
        "Diluted EPS": -1.88,
        "Total Revenue": 1,
        "Gross Profit": 0,
        "Operating Income": -3,
        "EBIT": 3,
        "Net Income": -8
    },
    "2018-12-31": {
        "Diluted EPS": -0.63,
        "Total Revenue": 0,
        "Gross Profit": 0,
        "Operating Income": -2,
        "EBIT": -1,
        "Net Income": -2
    },
    "2018-09-30": {
        "Diluted EPS": 0.0,
        "Total Revenue": NaN,
        "Gross Profit": NaN,
        "Operating Income": NaN,
        "EBIT": NaN,
        "Net Income": NaN
    },
    "2017-09-30": {
        "Diluted EPS": 0.0,
        "Total Revenue": NaN,
        "Gross Profit": NaN,
        "Operating Income": NaN,
        "EBIT": NaN,
        "Net Income": NaN
    },
    "2023-06-30": {
        "Tax Effect Of Unusual Items": NaN,
        "Tax Rate For Calcs": NaN,
        "Normalized EBITDA": NaN,
        "Total Unusual Items": NaN,
        "Total Unusual Items Excluding Goodwill": NaN,
        "Net Income From Continuing Operation Net Minority Interest": NaN,
        "Reconciled Depreciation": NaN,
        "Reconciled Cost Of Revenue": NaN,
        "EBITDA": NaN,
        "EBIT": NaN,
        "Net Interest Income": NaN,
        "Interest Expense": NaN,
        "Interest Income": NaN,
        "Normalized Income": NaN,
        "Net Income From Continuing And Discontinued Operation": NaN,
        "Total Expenses": NaN,
        "Total Operating Income As Reported": NaN,
        "Diluted Average Shares": 114844402.0,
        "Basic Average Shares": 114844402.0,
        "Diluted EPS": -0.12,
        "Basic EPS": -0.12,
        "Diluted NI Availto Com Stockholders": NaN,
        "Net Income Common Stockholders": NaN,
        "Preferred Stock Dividends": NaN,
        "Net Income": NaN,
        "Net Income Including Noncontrolling Interests": NaN,
        "Net Income Discontinuous Operations": NaN,
        "Net Income Continuous Operations": NaN,
        "Tax Provision": NaN,
        "Pretax Income": NaN,
        "Other Income Expense": NaN,
        "Other Non Operating Income Expenses": NaN,
        "Special Income Charges": NaN,
        "Gain On Sale Of Ppe": NaN,
        "Write Off": 740000.0,
        "Impairment Of Capital Assets": 0.0,
        "Restructuring And Mergern Acquisition": NaN,
        "Gain On Sale Of Security": NaN,
        "Net Non Operating Interest Income Expense": NaN,
        "Interest Expense Non Operating": NaN,
        "Interest Income Non Operating": NaN,
        "Operating Income": NaN,
        "Operating Expense": NaN,
        "Depreciation Amortization Depletion Income Statement": NaN,
        "Depreciation And Amortization In Income Statement": NaN,
        "Amortization": 580000.0,
        "Amortization Of Intangibles Income Statement": 580000.0,
        "Depreciation Income Statement": 21270000.0,
        "Selling General And Administration": NaN,
        "General And Administrative Expense": NaN,
        "Other Gand A": NaN,
        "Salaries And Wages": 5947000.0,
        "Gross Profit": NaN,
        "Cost Of Revenue": NaN,
        "Total Revenue": NaN,
        "Operating Revenue": NaN
    },
    "2023-09-30": {
        "Tax Effect Of Unusual Items": -1517040.0,
        "Tax Rate For Calcs": 0.21,
        "Normalized EBITDA": -2505000.0,
        "Total Unusual Items": -7224000.0,
        "Total Unusual Items Excluding Goodwill": -7224000.0,
        "Net Income From Continuing Operation Net Minority Interest": -69389000.0,
        "Reconciled Depreciation": 58203000.0,
        "Reconciled Cost Of Revenue": 46158000.0,
        "EBITDA": -9729000.0,
        "EBIT": -67932000.0,
        "Net Interest Income": -293000.0,
        "Interest Expense": 600000.0,
        "Interest Income": 307000.0,
        "Normalized Income": -63682040.0,
        "Net Income From Continuing And Discontinued Operation": -74879000.0,
        "Total Expenses": 114130000.0,
        "Total Operating Income As Reported": -69089000.0,
        "Diluted Average Shares": NaN,
        "Basic Average Shares": NaN,
        "Diluted EPS": NaN,
        "Basic EPS": NaN,
        "Diluted NI Availto Com Stockholders": -74879000.0,
        "Net Income Common Stockholders": -74879000.0,
        "Preferred Stock Dividends": NaN,
        "Net Income": -74879000.0,
        "Net Income Including Noncontrolling Interests": -74879000.0,
        "Net Income Discontinuous Operations": -5490000.0,
        "Net Income Continuous Operations": -69389000.0,
        "Tax Provision": 857000.0,
        "Pretax Income": -68532000.0,
        "Other Income Expense": -7224000.0,
        "Other Non Operating Income Expenses": 0.0,
        "Special Income Charges": -8075000.0,
        "Gain On Sale Of Ppe": -1928000.0,
        "Write Off": NaN,
        "Impairment Of Capital Assets": -1017000.0,
        "Restructuring And Mergern Acquisition": 1000.0,
        "Gain On Sale Of Security": 851000.0,
        "Net Non Operating Interest Income Expense": -293000.0,
        "Interest Expense Non Operating": 600000.0,
        "Interest Income Non Operating": 307000.0,
        "Operating Income": -61015000.0,
        "Operating Expense": 67972000.0,
        "Depreciation Amortization Depletion Income Statement": 58203000.0,
        "Depreciation And Amortization In Income Statement": 58203000.0,
        "Amortization": 514000.0,
        "Amortization Of Intangibles Income Statement": 514000.0,
        "Depreciation Income Statement": 57689000.0,
        "Selling General And Administration": 9769000.0,
        "General And Administrative Expense": 9769000.0,
        "Other Gand A": 9769000.0,
        "Salaries And Wages": NaN,
        "Gross Profit": 6957000.0,
        "Cost Of Revenue": 46158000.0,
        "Total Revenue": 53115000.0,
        "Operating Revenue": 53055000.0
    },
    "2023-12-31": {
        "Tax Effect Of Unusual Items": 1748032.774279,
        "Tax Rate For Calcs": 0.05123,
        "Normalized EBITDA": 23580000.0,
        "Total Unusual Items": 34121000.0,
        "Total Unusual Items Excluding Goodwill": 34121000.0,
        "Net Income From Continuing Operation Net Minority Interest": 25909000.0,
        "Reconciled Depreciation": 29847000.0,
        "Reconciled Cost Of Revenue": 44217000.0,
        "EBITDA": 57701000.0,
        "EBIT": 27854000.0,
        "Net Interest Income": 40000.0,
        "Interest Expense": 546000.0,
        "Interest Income": 586000.0,
        "Normalized Income": -6463967.225721,
        "Net Income From Continuing And Discontinued Operation": 25909000.0,
        "Total Expenses": 80639000.0,
        "Total Operating Income As Reported": 28511000.0,
        "Diluted Average Shares": 180783535.0,
        "Basic Average Shares": 178809264.0,
        "Diluted EPS": 0.14,
        "Basic EPS": 0.14,
        "Diluted NI Availto Com Stockholders": 25330000.0,
        "Net Income Common Stockholders": 25330000.0,
        "Preferred Stock Dividends": 579000.0,
        "Net Income": 25909000.0,
        "Net Income Including Noncontrolling Interests": 25909000.0,
        "Net Income Discontinuous Operations": 0.0,
        "Net Income Continuous Operations": 25909000.0,
        "Tax Provision": 1399000.0,
        "Pretax Income": 27308000.0,
        "Other Income Expense": 34121000.0,
        "Other Non Operating Income Expenses": NaN,
        "Special Income Charges": -677000.0,
        "Gain On Sale Of Ppe": -677000.0,
        "Write Off": 0.0,
        "Impairment Of Capital Assets": NaN,
        "Restructuring And Mergern Acquisition": 0.0,
        "Gain On Sale Of Security": 34798000.0,
        "Net Non Operating Interest Income Expense": 40000.0,
        "Interest Expense Non Operating": 546000.0,
        "Interest Income Non Operating": 586000.0,
        "Operating Income": -6853000.0,
        "Operating Expense": 36422000.0,
        "Depreciation Amortization Depletion Income Statement": 29847000.0,
        "Depreciation And Amortization In Income Statement": 29847000.0,
        "Amortization": NaN,
        "Amortization Of Intangibles Income Statement": NaN,
        "Depreciation Income Statement": NaN,
        "Selling General And Administration": 6575000.0,
        "General And Administrative Expense": 6575000.0,
        "Other Gand A": 6575000.0,
        "Salaries And Wages": NaN,
        "Gross Profit": 29569000.0,
        "Cost Of Revenue": 44217000.0,
        "Total Revenue": 73786000.0,
        "Operating Revenue": 73786000.0
    },
    "2024-03-31": {
        "Tax Effect Of Unusual Items": -251212.426805,
        "Tax Rate For Calcs": 0.083821,
        "Normalized EBITDA": 174040000.0,
        "Total Unusual Items": -2997000.0,
        "Total Unusual Items Excluding Goodwill": -2997000.0,
        "Net Income From Continuing Operation Net Minority Interest": 126735000.0,
        "Reconciled Depreciation": 32187000.0,
        "Reconciled Cost Of Revenue": 34298000.0,
        "EBITDA": 171043000.0,
        "EBIT": 138856000.0,
        "Net Interest Income": 2158000.0,
        "Interest Expense": 526000.0,
        "Interest Income": 2684000.0,
        "Normalized Income": 129480787.573195,
        "Net Income From Continuing And Discontinued Operation": 126735000.0,
        "Total Expenses": 92332000.0,
        "Total Operating Income As Reported": 137121000.0,
        "Diluted Average Shares": 212099068.0,
        "Basic Average Shares": 209287089.0,
        "Diluted EPS": 0.58,
        "Basic EPS": 0.58,
        "Diluted NI Availto Com Stockholders": 123893000.0,
        "Net Income Common Stockholders": 123893000.0,
        "Preferred Stock Dividends": 2842000.0,
        "Net Income": 126735000.0,
        "Net Income Including Noncontrolling Interests": 126735000.0,
        "Net Income Discontinuous Operations": 0.0,
        "Net Income Continuous Operations": 126735000.0,
        "Tax Provision": 11595000.0,
        "Pretax Income": 138330000.0,
        "Other Income Expense": 116705000.0,
        "Other Non Operating Income Expenses": 119702000.0,
        "Special Income Charges": -2048000.0,
        "Gain On Sale Of Ppe": -1652000.0,
        "Write Off": 396000.0,
        "Impairment Of Capital Assets": NaN,
        "Restructuring And Mergern Acquisition": 0.0,
        "Gain On Sale Of Security": -949000.0,
        "Net Non Operating Interest Income Expense": 2158000.0,
        "Interest Expense Non Operating": 526000.0,
        "Interest Income Non Operating": 2684000.0,
        "Operating Income": 19467000.0,
        "Operating Expense": 58034000.0,
        "Depreciation Amortization Depletion Income Statement": 32187000.0,
        "Depreciation And Amortization In Income Statement": 32187000.0,
        "Amortization": NaN,
        "Amortization Of Intangibles Income Statement": NaN,
        "Depreciation Income Statement": NaN,
        "Selling General And Administration": 25847000.0,
        "General And Administrative Expense": 25847000.0,
        "Other Gand A": 9027000.0,
        "Salaries And Wages": 16820000.0,
        "Gross Profit": 77501000.0,
        "Cost Of Revenue": 34298000.0,
        "Total Revenue": 111799000.0,
        "Operating Revenue": 111799000.0
    },
    "2024-06-30": {
        "Tax Effect Of Unusual Items": -9217182.0,
        "Tax Rate For Calcs": 0.039,
        "Normalized EBITDA": 31813000.0,
        "Total Unusual Items": -236338000.0,
        "Total Unusual Items Excluding Goodwill": -236338000.0,
        "Net Income From Continuing Operation Net Minority Interest": -236242000.0,
        "Reconciled Depreciation": 40727000.0,
        "Reconciled Cost Of Revenue": 62330000.0,
        "EBITDA": -204525000.0,
        "EBIT": -245252000.0,
        "Net Interest Income": 2153000.0,
        "Interest Expense": 485000.0,
        "Interest Income": 2638000.0,
        "Normalized Income": -9121182.0,
        "Net Income From Continuing And Discontinued Operation": -236242000.0,
        "Total Expenses": 115660000.0,
        "Total Operating Income As Reported": -249078000.0,
        "Diluted Average Shares": 228642939.0,
        "Basic Average Shares": 228642939.0,
        "Diluted EPS": -1.03,
        "Basic EPS": -1.03,
        "Diluted NI Availto Com Stockholders": -236242000.0,
        "Net Income Common Stockholders": -236242000.0,
        "Preferred Stock Dividends": NaN,
        "Net Income": -236242000.0,
        "Net Income Including Noncontrolling Interests": -236242000.0,
        "Net Income Discontinuous Operations": 0.0,
        "Net Income Continuous Operations": -236242000.0,
        "Tax Provision": -9495000.0,
        "Pretax Income": -245737000.0,
        "Other Income Expense": -236338000.0,
        "Other Non Operating Income Expenses": NaN,
        "Special Income Charges": -189188000.0,
        "Gain On Sale Of Ppe": 47000.0,
        "Write Off": 0.0,
        "Impairment Of Capital Assets": 189235000.0,
        "Restructuring And Mergern Acquisition": 0.0,
        "Gain On Sale Of Security": -47150000.0,
        "Net Non Operating Interest Income Expense": 2153000.0,
        "Interest Expense Non Operating": 485000.0,
        "Interest Income Non Operating": 2638000.0,
        "Operating Income": -11552000.0,
        "Operating Expense": 53330000.0,
        "Depreciation Amortization Depletion Income Statement": 40727000.0,
        "Depreciation And Amortization In Income Statement": 40727000.0,
        "Amortization": NaN,
        "Amortization Of Intangibles Income Statement": NaN,
        "Depreciation Income Statement": NaN,
        "Selling General And Administration": 12603000.0,
        "General And Administrative Expense": 12603000.0,
        "Other Gand A": 12603000.0,
        "Salaries And Wages": NaN,
        "Gross Profit": 41778000.0,
        "Cost Of Revenue": 62330000.0,
        "Total Revenue": 104108000.0,
        "Operating Revenue": 104108000.0
    },
    "2024-09-30": {
        "Tax Effect Of Unusual Items": -9396.878108,
        "Tax Rate For Calcs": 0.002487,
        "Normalized EBITDA": -5809000.0,
        "Total Unusual Items": -3779000.0,
        "Total Unusual Items Excluding Goodwill": -3779000.0,
        "Net Income From Continuing Operation Net Minority Interest": -62179000.0,
        "Reconciled Depreciation": 51848000.0,
        "Reconciled Cost Of Revenue": 81946000.0,
        "EBITDA": -9588000.0,
        "EBIT": -61436000.0,
        "Net Interest Income": 1748000.0,
        "Interest Expense": 898000.0,
        "Interest Income": 2646000.0,
        "Normalized Income": -58409396.878108,
        "Net Income From Continuing And Discontinued Operation": -62179000.0,
        "Total Expenses": 149578000.0,
        "Total Operating Income As Reported": -65597000.0,
        "Diluted Average Shares": NaN,
        "Basic Average Shares": NaN,
        "Diluted EPS": NaN,
        "Basic EPS": NaN,
        "Diluted NI Availto Com Stockholders": -62180000.0,
        "Net Income Common Stockholders": -62180000.0,
        "Preferred Stock Dividends": 1000.0,
        "Net Income": -62179000.0,
        "Net Income Including Noncontrolling Interests": -62179000.0,
        "Net Income Discontinuous Operations": 0.0,
        "Net Income Continuous Operations": -62179000.0,
        "Tax Provision": -155000.0,
        "Pretax Income": -62334000.0,
        "Other Income Expense": -3779000.0,
        "Other Non Operating Income Expenses": NaN,
        "Special Income Charges": -11311000.0,
        "Gain On Sale Of Ppe": -3185000.0,
        "Write Off": 320000.0,
        "Impairment Of Capital Assets": 7806000.0,
        "Restructuring And Mergern Acquisition": 0.0,
        "Gain On Sale Of Security": 7532000.0,
        "Net Non Operating Interest Income Expense": 1748000.0,
        "Interest Expense Non Operating": 898000.0,
        "Interest Income Non Operating": 2646000.0,
        "Operating Income": -60303000.0,
        "Operating Expense": 67632000.0,
        "Depreciation Amortization Depletion Income Statement": 51848000.0,
        "Depreciation And Amortization In Income Statement": 51848000.0,
        "Amortization": NaN,
        "Amortization Of Intangibles Income Statement": NaN,
        "Depreciation Income Statement": NaN,
        "Selling General And Administration": 15784000.0,
        "General And Administrative Expense": 15784000.0,
        "Other Gand A": 15784000.0,
        "Salaries And Wages": NaN,
        "Gross Profit": 7329000.0,
        "Cost Of Revenue": 81946000.0,
        "Total Revenue": 89275000.0,
        "Operating Revenue": 89275000.0
    }
}