{
    "2023-05-31": {
        "Tax Effect Of Unusual Items": NaN,
        "Tax Rate For Calcs": NaN,
        "Normalized EBITDA": NaN,
        "Total Unusual Items": -789000.0,
        "Total Unusual Items Excluding Goodwill": -789000.0,
        "Net Income From Continuing Operation Net Minority Interest": NaN,
        "Reconciled Depreciation": NaN,
        "Reconciled Cost Of Revenue": NaN,
        "EBITDA": NaN,
        "EBIT": NaN,
        "Net Interest Income": NaN,
        "Interest Expense": NaN,
        "Normalized Income": NaN,
        "Net Income From Continuing And Discontinued Operation": NaN,
        "Total Expenses": NaN,
        "Diluted Average Shares": 118397899.0,
        "Basic Average Shares": 117066623.0,
        "Diluted EPS": 1.98,
        "Basic EPS": 2.0,
        "Diluted NI Availto Com Stockholders": NaN,
        "Net Income Common Stockholders": NaN,
        "Net Income": NaN,
        "Net Income Including Noncontrolling Interests": NaN,
        "Net Income Continuous Operations": NaN,
        "Tax Provision": NaN,
        "Pretax Income": NaN,
        "Other Income Expense": -789000.0,
        "Special Income Charges": -789000.0,
        "Gain On Sale Of Ppe": -788000.0,
        "Other Special Charges": NaN,
        "Write Off": 1000.0,
        "Net Non Operating Interest Income Expense": NaN,
        "Interest Expense Non Operating": NaN,
        "Operating Income": NaN,
        "Operating Expense": NaN,
        "Selling General And Administration": NaN,
        "Gross Profit": NaN,
        "Cost Of Revenue": NaN,
        "Total Revenue": NaN,
        "Operating Revenue": NaN
    },
    "2023-02-28": {
        "Tax Effect Of Unusual Items": NaN,
        "Tax Rate For Calcs": NaN,
        "Normalized EBITDA": NaN,
        "Total Unusual Items": -378000.0,
        "Total Unusual Items Excluding Goodwill": -378000.0,
        "Net Income From Continuing Operation Net Minority Interest": NaN,
        "Reconciled Depreciation": NaN,
        "Reconciled Cost Of Revenue": NaN,
        "EBITDA": NaN,
        "EBIT": NaN,
        "Net Interest Income": NaN,
        "Interest Expense": NaN,
        "Normalized Income": NaN,
        "Net Income From Continuing And Discontinued Operation": NaN,
        "Total Expenses": NaN,
        "Diluted Average Shares": 118723259.0,
        "Basic Average Shares": 117224517.0,
        "Diluted EPS": 1.51,
        "Basic EPS": 1.53,
        "Diluted NI Availto Com Stockholders": NaN,
        "Net Income Common Stockholders": NaN,
        "Net Income": NaN,
        "Net Income Including Noncontrolling Interests": NaN,
        "Net Income Continuous Operations": NaN,
        "Tax Provision": NaN,
        "Pretax Income": NaN,
        "Other Income Expense": -378000.0,
        "Special Income Charges": -378000.0,
        "Gain On Sale Of Ppe": -315000.0,
        "Other Special Charges": 27000.0,
        "Write Off": 36000.0,
        "Net Non Operating Interest Income Expense": NaN,
        "Interest Expense Non Operating": NaN,
        "Operating Income": NaN,
        "Operating Expense": NaN,
        "Selling General And Administration": NaN,
        "Gross Profit": NaN,
        "Cost Of Revenue": NaN,
        "Total Revenue": NaN,
        "Operating Revenue": NaN
    },
    "2022-11-30": {
        "Tax Effect Of Unusual Items": NaN,
        "Tax Rate For Calcs": NaN,
        "Normalized EBITDA": NaN,
        "Total Unusual Items": NaN,
        "Total Unusual Items Excluding Goodwill": NaN,
        "Net Income From Continuing Operation Net Minority Interest": NaN,
        "Reconciled Depreciation": NaN,
        "Reconciled Cost Of Revenue": NaN,
        "EBITDA": NaN,
        "EBIT": NaN,
        "Net Interest Income": NaN,
        "Interest Expense": NaN,
        "Normalized Income": NaN,
        "Net Income From Continuing And Discontinued Operation": NaN,
        "Total Expenses": NaN,
        "Diluted Average Shares": 118925442.0,
        "Basic Average Shares": 117273743.0,
        "Diluted EPS": 2.2,
        "Basic EPS": 2.23,
        "Diluted NI Availto Com Stockholders": NaN,
        "Net Income Common Stockholders": NaN,
        "Net Income": NaN,
        "Net Income Including Noncontrolling Interests": NaN,
        "Net Income Continuous Operations": NaN,
        "Tax Provision": NaN,
        "Pretax Income": NaN,
        "Other Income Expense": NaN,
        "Special Income Charges": NaN,
        "Gain On Sale Of Ppe": NaN,
        "Other Special Charges": NaN,
        "Write Off": NaN,
        "Net Non Operating Interest Income Expense": NaN,
        "Interest Expense Non Operating": NaN,
        "Operating Income": NaN,
        "Operating Expense": NaN,
        "Selling General And Administration": NaN,
        "Gross Profit": NaN,
        "Cost Of Revenue": NaN,
        "Total Revenue": NaN,
        "Operating Revenue": NaN
    },
    "2022-08-31": {
        "Tax Effect Of Unusual Items": NaN,
        "Tax Rate For Calcs": NaN,
        "Normalized EBITDA": NaN,
        "Total Unusual Items": -1098000.0,
        "Total Unusual Items Excluding Goodwill": -1098000.0,
        "Net Income From Continuing Operation Net Minority Interest": NaN,
        "Reconciled Depreciation": NaN,
        "Reconciled Cost Of Revenue": NaN,
        "EBITDA": NaN,
        "EBIT": NaN,
        "Net Interest Income": NaN,
        "Interest Expense": NaN,
        "Normalized Income": NaN,
        "Net Income From Continuing And Discontinued Operation": NaN,
        "Total Expenses": NaN,
        "Diluted Average Shares": NaN,
        "Basic Average Shares": NaN,
        "Diluted EPS": NaN,
        "Basic EPS": NaN,
        "Diluted NI Availto Com Stockholders": NaN,
        "Net Income Common Stockholders": NaN,
        "Net Income": NaN,
        "Net Income Including Noncontrolling Interests": NaN,
        "Net Income Continuous Operations": NaN,
        "Tax Provision": NaN,
        "Pretax Income": NaN,
        "Other Income Expense": -1098000.0,
        "Special Income Charges": -1098000.0,
        "Gain On Sale Of Ppe": -684000.0,
        "Other Special Charges": -39000.0,
        "Write Off": 453000.0,
        "Net Non Operating Interest Income Expense": NaN,
        "Interest Expense Non Operating": NaN,
        "Operating Income": NaN,
        "Operating Expense": NaN,
        "Selling General And Administration": NaN,
        "Gross Profit": NaN,
        "Cost Of Revenue": NaN,
        "Total Revenue": NaN,
        "Operating Revenue": NaN
    },
    "2022-05-31": {
        "Tax Effect Of Unusual Items": -288044.26459,
        "Tax Rate For Calcs": 0.228607,
        "Normalized EBITDA": 463295000.0,
        "Total Unusual Items": -1260000.0,
        "Total Unusual Items Excluding Goodwill": -1260000.0,
        "Net Income From Continuing Operation Net Minority Interest": 312429000.0,
        "Reconciled Depreciation": 43583000.0,
        "Reconciled Cost Of Revenue": 1956459000.0,
        "EBIT": 418452000.0,
        "Net Interest Income": -13433000.0,
        "Interest Expense": 13433000.0,
        "Normalized Income": 313400955.73541,
        "Net Income From Continuing And Discontinued Operation": 312429000.0,
        "Total Expenses": 2096015000.0,
        "Diluted Average Shares": 122799869.0,
        "Basic Average Shares": 121247105.0,
        "Diluted EPS": 2.54,
        "Basic EPS": 2.58,
        "Diluted NI Availto Com Stockholders": 312429000.0,
        "Net Income Common Stockholders": 312429000.0,
        "Net Income": 312429000.0,
        "Net Income Including Noncontrolling Interests": 312429000.0,
        "Net Income Continuous Operations": 312429000.0,
        "Tax Provision": 92590000.0,
        "Pretax Income": 405019000.0,
        "Other Income Expense": -1260000.0,
        "Special Income Charges": -1260000.0,
        "Gain On Sale Of Ppe": 2024000.0,
        "Other Special Charges": 39000.0,
        "Write Off": 3245000.0,
        "Net Non Operating Interest Income Expense": -13433000.0,
        "Interest Expense Non Operating": 13433000.0,
        "Operating Income": 419712000.0,
        "Operating Expense": 139556000.0,
        "Selling General And Administration": 139556000.0,
        "Gross Profit": 559268000.0,
        "Cost Of Revenue": 1956459000.0,
        "Total Revenue": 2515727000.0,
        "Operating Revenue": 2515727000.0
    },
    "2022-02-28": {
        "Diluted EPS": 3.12,
        "Total Revenue": NaN,
        "Gross Profit": 394,
        "Operating Income": 266,
        "EBIT": 307,
        "Net Income": 383
    },
    "2021-11-30": {
        "Diluted EPS": 1.9,
        "Total Revenue": NaN,
        "Gross Profit": 395,
        "Operating Income": 273,
        "EBIT": 314,
        "Net Income": 233
    },
    "2021-08-31": {
        "Diluted EPS": 1.23,
        "Total Revenue": NaN,
        "Gross Profit": 344,
        "Operating Income": 207,
        "EBIT": 248,
        "Net Income": 152
    },
    "2021-05-31": {
        "Diluted EPS": 1.07,
        "Total Revenue": NaN,
        "Gross Profit": 311,
        "Operating Income": 177,
        "EBIT": 217,
        "Net Income": 130
    },
    "2021-02-28": {
        "Diluted EPS": 0.55,
        "Total Revenue": NaN,
        "Gross Profit": 234,
        "Operating Income": 96,
        "EBIT": 136,
        "Net Income": 66
    },
    "2020-11-30": {
        "Diluted EPS": 0.53,
        "Total Revenue": NaN,
        "Gross Profit": 217,
        "Operating Income": 103,
        "EBIT": 144,
        "Net Income": 64
    },
    "2020-08-31": {
        "Diluted EPS": 0.55,
        "Total Revenue": NaN,
        "Gross Profit": 263,
        "Operating Income": 97,
        "EBIT": 128,
        "Net Income": 68
    },
    "2020-05-31": {
        "Diluted EPS": 0.54,
        "Total Revenue": NaN,
        "Gross Profit": 225,
        "Operating Income": 109,
        "EBIT": 147,
        "Net Income": 65
    },
    "2020-02-29": {
        "Diluted EPS": 0.53,
        "Total Revenue": NaN,
        "Gross Profit": 218,
        "Operating Income": 102,
        "EBIT": 138,
        "Net Income": 64
    },
    "2019-11-30": {
        "Diluted EPS": 0.7,
        "Total Revenue": NaN,
        "Gross Profit": 238,
        "Operating Income": 127,
        "EBIT": 160,
        "Net Income": 83
    },
    "2019-08-31": {
        "Diluted EPS": 0.71,
        "Total Revenue": NaN,
        "Gross Profit": 253,
        "Operating Income": 121,
        "EBIT": 145,
        "Net Income": 86
    },
    "2019-05-31": {
        "Diluted EPS": 0.66,
        "Total Revenue": NaN,
        "Gross Profit": 242,
        "Operating Income": 126,
        "EBIT": 144,
        "Net Income": 78
    },
    "2019-02-28": {
        "Diluted EPS": 0.12,
        "Total Revenue": NaN,
        "Gross Profit": 150,
        "Operating Income": 52,
        "EBIT": 69,
        "Net Income": 14
    },
    "2018-11-30": {
        "Diluted EPS": 0.17,
        "Total Revenue": NaN,
        "Gross Profit": 159,
        "Operating Income": 42,
        "EBIT": 66,
        "Net Income": 20
    },
    "2018-08-31": {
        "Diluted EPS": 0.43,
        "Total Revenue": NaN,
        "Gross Profit": 183,
        "Operating Income": 88,
        "EBIT": 120,
        "Net Income": 52
    },
    "2018-05-31": {
        "Diluted EPS": 0.34,
        "Total Revenue": NaN,
        "Gross Profit": 169,
        "Operating Income": 67,
        "EBIT": 100,
        "Net Income": 40
    },
    "2018-02-28": {
        "Diluted EPS": 0.09,
        "Total Revenue": NaN,
        "Gross Profit": 127,
        "Operating Income": 19,
        "EBIT": 53,
        "Net Income": 10
    },
    "2017-11-30": {
        "Diluted EPS": 0.31,
        "Total Revenue": NaN,
        "Gross Profit": 143,
        "Operating Income": 47,
        "EBIT": 79,
        "Net Income": 37
    },
    "2017-08-31": {
        "Diluted EPS": -0.26,
        "Total Revenue": 943,
        "Gross Profit": 112,
        "Operating Income": -7,
        "EBIT": 19,
        "Net Income": -30
    },
    "2017-05-31": {
        "Diluted EPS": 0.34,
        "Total Revenue": NaN,
        "Gross Profit": 148,
        "Operating Income": 55,
        "EBIT": 85,
        "Net Income": 39
    },
    "2017-02-28": {
        "Diluted EPS": 0.26,
        "Total Revenue": 862,
        "Gross Profit": 137,
        "Operating Income": 43,
        "EBIT": 72,
        "Net Income": 30
    },
    "2016-11-30": {
        "Diluted EPS": 0.05,
        "Total Revenue": 994,
        "Gross Profit": 124,
        "Operating Income": 20,
        "EBIT": 49,
        "Net Income": 6
    },
    "2016-08-31": {
        "Diluted EPS": 0.0,
        "Total Revenue": 194,
        "Gross Profit": 106,
        "Operating Income": 33,
        "EBIT": 63,
        "Net Income": 0
    },
    "2016-05-31": {
        "Diluted EPS": 0.17,
        "Total Revenue": NaN,
        "Gross Profit": 175,
        "Operating Income": 61,
        "EBIT": 91,
        "Net Income": 19
    },
    "2016-02-29": {
        "Diluted EPS": 0.09,
        "Total Revenue": NaN,
        "Gross Profit": 135,
        "Operating Income": 30,
        "EBIT": 59,
        "Net Income": 11
    },
    "2015-11-30": {
        "Diluted EPS": 0.21,
        "Total Revenue": NaN,
        "Gross Profit": 158,
        "Operating Income": 56,
        "EBIT": 86,
        "Net Income": 25
    },
    "2015-08-31": {
        "Diluted EPS": 0.1,
        "Total Revenue": 847,
        "Gross Profit": 78,
        "Operating Income": -3,
        "EBIT": 28,
        "Net Income": 12
    },
    "2015-05-31": {
        "Diluted EPS": 0.25,
        "Total Revenue": NaN,
        "Gross Profit": 192,
        "Operating Income": 82,
        "EBIT": 113,
        "Net Income": 29
    },
    "2015-02-28": {
        "Diluted EPS": 0.05,
        "Total Revenue": NaN,
        "Gross Profit": 147,
        "Operating Income": 37,
        "EBIT": 69,
        "Net Income": 6
    },
    "2014-11-30": {
        "Diluted EPS": 0.27,
        "Total Revenue": NaN,
        "Gross Profit": 180,
        "Operating Income": 67,
        "EBIT": 99,
        "Net Income": 32
    },
    "2014-08-31": {
        "Diluted EPS": 0.27,
        "Total Revenue": NaN,
        "Gross Profit": 197,
        "Operating Income": 84,
        "EBIT": 117,
        "Net Income": 33
    },
    "2014-05-31": {
        "Diluted EPS": 0.2,
        "Total Revenue": NaN,
        "Gross Profit": 178,
        "Operating Income": 57,
        "EBIT": 89,
        "Net Income": 24
    },
    "2014-02-28": {
        "Diluted EPS": 0.09,
        "Total Revenue": NaN,
        "Gross Profit": 142,
        "Operating Income": 36,
        "EBIT": 68,
        "Net Income": 11
    },
    "2013-11-30": {
        "Diluted EPS": 0.39,
        "Total Revenue": NaN,
        "Gross Profit": 177,
        "Operating Income": 68,
        "EBIT": 100,
        "Net Income": 46
    },
    "2013-08-31": {
        "Diluted EPS": 0.04,
        "Total Revenue": NaN,
        "Gross Profit": 148,
        "Operating Income": 69,
        "EBIT": 100,
        "Net Income": 4
    },
    "2013-05-31": {
        "Diluted EPS": 0.16,
        "Total Revenue": NaN,
        "Gross Profit": 176,
        "Operating Income": 54,
        "EBIT": 85,
        "Net Income": 19
    },
    "2013-02-28": {
        "Diluted EPS": 0.04,
        "Total Revenue": NaN,
        "Gross Profit": 139,
        "Operating Income": 25,
        "EBIT": 56,
        "Net Income": 5
    },
    "2012-11-30": {
        "Diluted EPS": 0.42,
        "Total Revenue": NaN,
        "Gross Profit": 187,
        "Operating Income": 62,
        "EBIT": 93,
        "Net Income": 50
    },
    "2012-08-31": {
        "Diluted EPS": 0.25,
        "Total Revenue": NaN,
        "Gross Profit": 177,
        "Operating Income": 64,
        "EBIT": 94,
        "Net Income": 30
    },
    "2012-05-31": {
        "Diluted EPS": 0.35,
        "Total Revenue": NaN,
        "Gross Profit": 184,
        "Operating Income": 66,
        "EBIT": 98,
        "Net Income": 41
    },
    "2012-02-29": {
        "Diluted EPS": 0.25,
        "Total Revenue": NaN,
        "Gross Profit": 183,
        "Operating Income": 59,
        "EBIT": 93,
        "Net Income": 29
    },
    "2011-11-30": {
        "Diluted EPS": 0.93,
        "Total Revenue": NaN,
        "Gross Profit": 173,
        "Operating Income": 46,
        "EBIT": 81,
        "Net Income": 108
    },
    "2011-08-31": {
        "Diluted EPS": -1.04,
        "Total Revenue": NaN,
        "Gross Profit": 162,
        "Operating Income": 33,
        "EBIT": 72,
        "Net Income": -120
    },
    "2011-05-31": {
        "Diluted EPS": 0.31,
        "Total Revenue": NaN,
        "Gross Profit": 219,
        "Operating Income": 77,
        "EBIT": 116,
        "Net Income": 36
    },
    "2011-02-28": {
        "Diluted EPS": -0.4,
        "Total Revenue": NaN,
        "Gross Profit": 89,
        "Operating Income": -29,
        "EBIT": 12,
        "Net Income": -46
    },
    "2010-11-30": {
        "Diluted EPS": 0.01,
        "Total Revenue": NaN,
        "Gross Profit": 160,
        "Operating Income": 39,
        "EBIT": 80,
        "Net Income": 1
    },
    "2010-08-31": {
        "Diluted EPS": 0.08,
        "Total Revenue": NaN,
        "Gross Profit": 189,
        "Operating Income": 69,
        "EBIT": 110,
        "Net Income": 8
    },
    "2010-05-31": {
        "Diluted EPS": -0.08,
        "Total Revenue": NaN,
        "Gross Profit": 120,
        "Operating Income": 11,
        "EBIT": 51,
        "Net Income": -9
    },
    "2010-02-28": {
        "Diluted EPS": -1.53,
        "Total Revenue": NaN,
        "Gross Profit": 9,
        "Operating Income": -139,
        "EBIT": -94,
        "Net Income": -173
    },
    "2009-11-30": {
        "Diluted EPS": -0.28,
        "Total Revenue": NaN,
        "Gross Profit": 108,
        "Operating Income": -25,
        "EBIT": 18,
        "Net Income": -31
    },
    "2009-08-31": {
        "Diluted EPS": 0.08,
        "Total Revenue": NaN,
        "Gross Profit": 117,
        "Operating Income": -30,
        "EBIT": 9,
        "Net Income": 7
    },
    "2009-05-31": {
        "Diluted EPS": -0.12,
        "Total Revenue": NaN,
        "Gross Profit": 179,
        "Operating Income": 18,
        "EBIT": 55,
        "Net Income": -13
    },
    "2009-02-28": {
        "Diluted EPS": -0.32,
        "Total Revenue": NaN,
        "Gross Profit": 134,
        "Operating Income": -16,
        "EBIT": 21,
        "Net Income": -35
    },
    "2023-08-31": {
        "Tax Effect Of Unusual Items": NaN,
        "Tax Rate For Calcs": NaN,
        "Normalized EBITDA": NaN,
        "Total Unusual Items": -4887000.0,
        "Total Unusual Items Excluding Goodwill": -4887000.0,
        "Net Income From Continuing Operation Net Minority Interest": NaN,
        "Reconciled Depreciation": NaN,
        "Reconciled Cost Of Revenue": NaN,
        "EBITDA": NaN,
        "EBIT": NaN,
        "Net Interest Income": NaN,
        "Interest Expense": NaN,
        "Normalized Income": NaN,
        "Net Income From Continuing And Discontinued Operation": NaN,
        "Total Expenses": NaN,
        "Diluted Average Shares": NaN,
        "Basic Average Shares": NaN,
        "Diluted EPS": NaN,
        "Basic EPS": NaN,
        "Diluted NI Availto Com Stockholders": NaN,
        "Net Income Common Stockholders": NaN,
        "Net Income": NaN,
        "Net Income Including Noncontrolling Interests": NaN,
        "Net Income Continuous Operations": NaN,
        "Tax Provision": NaN,
        "Pretax Income": NaN,
        "Other Income Expense": -4887000.0,
        "Special Income Charges": -4887000.0,
        "Gain On Sale Of Ppe": -1152000.0,
        "Other Special Charges": 1000.0,
        "Write Off": 3734000.0,
        "Net Non Operating Interest Income Expense": NaN,
        "Interest Expense Non Operating": NaN,
        "Operating Income": NaN,
        "Operating Expense": NaN,
        "Selling General And Administration": NaN,
        "Gross Profit": NaN,
        "Cost Of Revenue": NaN,
        "Total Revenue": NaN,
        "Operating Revenue": NaN
    },
    "2023-11-30": {
        "Tax Effect Of Unusual Items": 0.0,
        "Tax Rate For Calcs": 0.216,
        "Normalized EBITDA": 305637000.0,
        "Total Unusual Items": 0.0,
        "Total Unusual Items Excluding Goodwill": 0.0,
        "Net Income From Continuing Operation Net Minority Interest": 176273000.0,
        "Reconciled Depreciation": 69186000.0,
        "Reconciled Cost Of Revenue": 1604068000.0,
        "EBITDA": 305637000.0,
        "EBIT": 236451000.0,
        "Net Interest Income": -11756000.0,
        "Interest Expense": 11756000.0,
        "Normalized Income": 176273000.0,
        "Net Income From Continuing And Discontinued Operation": 176273000.0,
        "Total Expenses": 1766600000.0,
        "Diluted Average Shares": 118354913.0,
        "Basic Average Shares": 116771939.0,
        "Diluted EPS": 1.49,
        "Basic EPS": 1.51,
        "Diluted NI Availto Com Stockholders": 176273000.0,
        "Net Income Common Stockholders": 176273000.0,
        "Net Income": 176273000.0,
        "Net Income Including Noncontrolling Interests": 176273000.0,
        "Net Income Continuous Operations": 176273000.0,
        "Tax Provision": 48422000.0,
        "Pretax Income": 224695000.0,
        "Other Income Expense": NaN,
        "Special Income Charges": 0.0,
        "Gain On Sale Of Ppe": NaN,
        "Other Special Charges": NaN,
        "Write Off": NaN,
        "Net Non Operating Interest Income Expense": -11756000.0,
        "Interest Expense Non Operating": 11756000.0,
        "Operating Income": 236451000.0,
        "Operating Expense": 162532000.0,
        "Selling General And Administration": 162532000.0,
        "Gross Profit": 398983000.0,
        "Cost Of Revenue": 1604068000.0,
        "Total Revenue": 2003051000.0,
        "Operating Revenue": 2003051000.0
    },
    "2024-02-29": {
        "Tax Effect Of Unusual Items": 0.0,
        "Tax Rate For Calcs": 0.266,
        "Normalized EBITDA": 197096000.0,
        "Total Unusual Items": NaN,
        "Total Unusual Items Excluding Goodwill": NaN,
        "Net Income From Continuing Operation Net Minority Interest": 85847000.0,
        "Reconciled Depreciation": 68299000.0,
        "Reconciled Cost Of Revenue": 1552046000.0,
        "EBITDA": 197096000.0,
        "EBIT": 128797000.0,
        "Net Interest Income": -11878000.0,
        "Interest Expense": 11878000.0,
        "Normalized Income": 85847000.0,
        "Net Income From Continuing And Discontinued Operation": 85847000.0,
        "Total Expenses": 1719490000.0,
        "Diluted Average Shares": 117524113.0,
        "Basic Average Shares": 116396530.0,
        "Diluted EPS": 0.73,
        "Basic EPS": 0.74,
        "Diluted NI Availto Com Stockholders": 85847000.0,
        "Net Income Common Stockholders": 85847000.0,
        "Net Income": 85847000.0,
        "Net Income Including Noncontrolling Interests": 85847000.0,
        "Net Income Continuous Operations": 85847000.0,
        "Tax Provision": 31072000.0,
        "Pretax Income": 116919000.0,
        "Other Income Expense": NaN,
        "Special Income Charges": NaN,
        "Gain On Sale Of Ppe": NaN,
        "Other Special Charges": NaN,
        "Write Off": NaN,
        "Net Non Operating Interest Income Expense": -11878000.0,
        "Interest Expense Non Operating": 11878000.0,
        "Operating Income": 128797000.0,
        "Operating Expense": 167444000.0,
        "Selling General And Administration": 167444000.0,
        "Gross Profit": 296241000.0,
        "Cost Of Revenue": 1552046000.0,
        "Total Revenue": 1848287000.0,
        "Operating Revenue": 1848287000.0
    },
    "2024-05-31": {
        "Tax Effect Of Unusual Items": 0.0,
        "Tax Rate For Calcs": 0.255,
        "Normalized EBITDA": 243116000.0,
        "Total Unusual Items": NaN,
        "Total Unusual Items Excluding Goodwill": NaN,
        "Net Income From Continuing Operation Net Minority Interest": 119440000.0,
        "Reconciled Depreciation": 70692000.0,
        "Reconciled Cost Of Revenue": 1738086000.0,
        "EBITDA": 243116000.0,
        "EBIT": 172424000.0,
        "Net Interest Income": -12117000.0,
        "Interest Expense": 12117000.0,
        "Normalized Income": 119440000.0,
        "Net Income From Continuing And Discontinued Operation": 119440000.0,
        "Total Expenses": 1906061000.0,
        "Diluted Average Shares": 116664885.0,
        "Basic Average Shares": 115529942.0,
        "Diluted EPS": 1.02,
        "Basic EPS": 1.03,
        "Diluted NI Availto Com Stockholders": 119440000.0,
        "Net Income Common Stockholders": 119440000.0,
        "Net Income": 119440000.0,
        "Net Income Including Noncontrolling Interests": 119440000.0,
        "Net Income Continuous Operations": 119440000.0,
        "Tax Provision": 40867000.0,
        "Pretax Income": 160307000.0,
        "Other Income Expense": NaN,
        "Special Income Charges": NaN,
        "Gain On Sale Of Ppe": NaN,
        "Other Special Charges": NaN,
        "Write Off": NaN,
        "Net Non Operating Interest Income Expense": -12117000.0,
        "Interest Expense Non Operating": 12117000.0,
        "Operating Income": 172424000.0,
        "Operating Expense": 167975000.0,
        "Selling General And Administration": 167975000.0,
        "Gross Profit": 340399000.0,
        "Cost Of Revenue": 1738086000.0,
        "Total Revenue": 2078485000.0,
        "Operating Revenue": 2078485000.0
    },
    "2024-08-31": {
        "Tax Effect Of Unusual Items": 0.0,
        "Tax Rate For Calcs": 0.222946,
        "Normalized EBITDA": 218082000.0,
        "Total Unusual Items": NaN,
        "Total Unusual Items Excluding Goodwill": NaN,
        "Net Income From Continuing Operation Net Minority Interest": 103931000.0,
        "Reconciled Depreciation": 72190000.0,
        "Reconciled Cost Of Revenue": 1673087000.0,
        "EBITDA": 218082000.0,
        "EBIT": 145892000.0,
        "Net Interest Income": -12142000.0,
        "Interest Expense": 12142000.0,
        "Normalized Income": 103931000.0,
        "Net Income From Continuing And Discontinued Operation": 103931000.0,
        "Total Expenses": 1840217000.0,
        "Diluted Average Shares": NaN,
        "Basic Average Shares": NaN,
        "Diluted EPS": NaN,
        "Basic EPS": NaN,
        "Diluted NI Availto Com Stockholders": 103931000.0,
        "Net Income Common Stockholders": 103931000.0,
        "Net Income": 103931000.0,
        "Net Income Including Noncontrolling Interests": 103931000.0,
        "Net Income Continuous Operations": 103931000.0,
        "Tax Provision": 29819000.0,
        "Pretax Income": 133750000.0,
        "Other Income Expense": NaN,
        "Special Income Charges": NaN,
        "Gain On Sale Of Ppe": NaN,
        "Other Special Charges": NaN,
        "Write Off": NaN,
        "Net Non Operating Interest Income Expense": -12142000.0,
        "Interest Expense Non Operating": 12142000.0,
        "Operating Income": 155932000.0,
        "Operating Expense": 167130000.0,
        "Selling General And Administration": 167130000.0,
        "Gross Profit": 323062000.0,
        "Cost Of Revenue": 1673087000.0,
        "Total Revenue": 1996149000.0,
        "Operating Revenue": 1996149000.0
    },
    "2024-11-30": {
        "Tax Effect Of Unusual Items": -84000000.0,
        "Tax Rate For Calcs": 0.24,
        "Normalized EBITDA": 200459000.0,
        "Total Unusual Items": -350000000.0,
        "Total Unusual Items Excluding Goodwill": -350000000.0,
        "Net Income From Continuing Operation Net Minority Interest": -175718000.0,
        "Reconciled Depreciation": 70437000.0,
        "Reconciled Cost Of Revenue": 1601722000.0,
        "EBITDA": -149541000.0,
        "EBIT": -219978000.0,
        "Net Interest Income": -11322000.0,
        "Interest Expense": 11322000.0,
        "Normalized Income": 90282000.0,
        "Net Income From Continuing And Discontinued Operation": -175718000.0,
        "Total Expenses": 1779580000.0,
        "Diluted Average Shares": 114053455.0,
        "Basic Average Shares": 114053455.0,
        "Diluted EPS": -1.54,
        "Basic EPS": -1.54,
        "Diluted NI Availto Com Stockholders": -175718000.0,
        "Net Income Common Stockholders": -175718000.0,
        "Net Income": -175718000.0,
        "Net Income Including Noncontrolling Interests": -175718000.0,
        "Net Income Continuous Operations": -175718000.0,
        "Tax Provision": -55582000.0,
        "Pretax Income": -231300000.0,
        "Other Income Expense": -350000000.0,
        "Special Income Charges": -350000000.0,
        "Gain On Sale Of Ppe": NaN,
        "Other Special Charges": 350000000.0,
        "Write Off": NaN,
        "Net Non Operating Interest Income Expense": -11322000.0,
        "Interest Expense Non Operating": 11322000.0,
        "Operating Income": 130022000.0,
        "Operating Expense": 177858000.0,
        "Selling General And Administration": 177858000.0,
        "Gross Profit": 307880000.0,
        "Cost Of Revenue": 1601722000.0,
        "Total Revenue": 1909602000.0,
        "Operating Revenue": 1909602000.0
    }
}