{
    "2023-09-30": {
        "Tax Effect Of Unusual Items": -142911.36172,
        "Tax Rate For Calcs": 0.398082,
        "Normalized EBITDA": 10355000.0,
        "Total Unusual Items": -359000.0,
        "Total Unusual Items Excluding Goodwill": -359000.0,
        "Net Income From Continuing Operation Net Minority Interest": 4506000.0,
        "Reconciled Depreciation": NaN,
        "Reconciled Cost Of Revenue": 27044000.0,
        "EBITDA": 9996000.0,
        "EBIT": 9996000.0,
        "Net Interest Income": -508000.0,
        "Interest Expense": 508000.0,
        "Interest Income": 21000.0,
        "Normalized Income": 4722088.63828,
        "Net Income From Continuing And Discontinued Operation": 4506000.0,
        "Total Expenses": 30131000.0,
        "Total Operating Income As Reported": 9996000.0,
        "Diluted Average Shares": 18775000.0,
        "Basic Average Shares": 18697095.0,
        "Diluted EPS": 0.24,
        "Basic EPS": 0.241,
        "Diluted NI Availto Com Stockholders": 4506000.0,
        "Net Income Common Stockholders": 4506000.0,
        "Net Income": 4506000.0,
        "Minority Interests": -1205000.0,
        "Net Income Including Noncontrolling Interests": 5711000.0,
        "Net Income Continuous Operations": 5711000.0,
        "Tax Provision": 3777000.0,
        "Pretax Income": 9488000.0,
        "Other Income Expense": -1060000.0,
        "Other Non Operating Income Expenses": -701000.0,
        "Special Income Charges": NaN,
        "Impairment Of Capital Assets": NaN,
        "Gain On Sale Of Security": -359000.0,
        "Net Non Operating Interest Income Expense": -508000.0,
        "Interest Expense Non Operating": 508000.0,
        "Interest Income Non Operating": 21000.0,
        "Operating Income": 11056000.0,
        "Operating Expense": 3087000.0,
        "Other Operating Expenses": -62000.0,
        "Other Taxes": NaN,
        "Selling General And Administration": 3149000.0,
        "General And Administrative Expense": 3149000.0,
        "Other Gand A": 2889000.0,
        "Insurance And Claims": NaN,
        "Salaries And Wages": 260000.0,
        "Gross Profit": 14143000.0,
        "Cost Of Revenue": 27044000.0,
        "Total Revenue": 41187000.0,
        "Operating Revenue": 41187000.0
    },
    "2023-06-30": {
        "Tax Effect Of Unusual Items": NaN,
        "Tax Rate For Calcs": NaN,
        "Normalized EBITDA": NaN,
        "Total Unusual Items": NaN,
        "Total Unusual Items Excluding Goodwill": NaN,
        "Net Income From Continuing Operation Net Minority Interest": NaN,
        "Reconciled Depreciation": NaN,
        "Reconciled Cost Of Revenue": NaN,
        "EBITDA": NaN,
        "EBIT": NaN,
        "Net Interest Income": NaN,
        "Interest Expense": NaN,
        "Interest Income": 4000.0,
        "Normalized Income": NaN,
        "Net Income From Continuing And Discontinued Operation": NaN,
        "Total Expenses": NaN,
        "Total Operating Income As Reported": NaN,
        "Diluted Average Shares": 19188073.0,
        "Basic Average Shares": 19188073.0,
        "Diluted EPS": -0.01,
        "Basic EPS": -0.01,
        "Diluted NI Availto Com Stockholders": NaN,
        "Net Income Common Stockholders": NaN,
        "Net Income": NaN,
        "Minority Interests": NaN,
        "Net Income Including Noncontrolling Interests": NaN,
        "Net Income Continuous Operations": NaN,
        "Tax Provision": NaN,
        "Pretax Income": NaN,
        "Other Income Expense": NaN,
        "Other Non Operating Income Expenses": NaN,
        "Special Income Charges": NaN,
        "Impairment Of Capital Assets": NaN,
        "Gain On Sale Of Security": NaN,
        "Net Non Operating Interest Income Expense": NaN,
        "Interest Expense Non Operating": NaN,
        "Interest Income Non Operating": 4000.0,
        "Operating Income": NaN,
        "Operating Expense": NaN,
        "Other Operating Expenses": NaN,
        "Other Taxes": NaN,
        "Selling General And Administration": NaN,
        "General And Administrative Expense": NaN,
        "Other Gand A": NaN,
        "Insurance And Claims": NaN,
        "Salaries And Wages": NaN,
        "Gross Profit": NaN,
        "Cost Of Revenue": NaN,
        "Total Revenue": NaN,
        "Operating Revenue": NaN
    },
    "2023-03-31": {
        "Tax Effect Of Unusual Items": NaN,
        "Tax Rate For Calcs": NaN,
        "Normalized EBITDA": NaN,
        "Total Unusual Items": NaN,
        "Total Unusual Items Excluding Goodwill": NaN,
        "Net Income From Continuing Operation Net Minority Interest": NaN,
        "Reconciled Depreciation": 2255000.0,
        "Reconciled Cost Of Revenue": NaN,
        "EBITDA": NaN,
        "EBIT": NaN,
        "Net Interest Income": NaN,
        "Interest Expense": NaN,
        "Interest Income": NaN,
        "Normalized Income": NaN,
        "Net Income From Continuing And Discontinued Operation": NaN,
        "Total Expenses": NaN,
        "Total Operating Income As Reported": NaN,
        "Diluted Average Shares": NaN,
        "Basic Average Shares": NaN,
        "Diluted EPS": NaN,
        "Basic EPS": NaN,
        "Diluted NI Availto Com Stockholders": NaN,
        "Net Income Common Stockholders": NaN,
        "Net Income": NaN,
        "Minority Interests": NaN,
        "Net Income Including Noncontrolling Interests": NaN,
        "Net Income Continuous Operations": NaN,
        "Tax Provision": NaN,
        "Pretax Income": NaN,
        "Other Income Expense": NaN,
        "Other Non Operating Income Expenses": NaN,
        "Special Income Charges": 0.0,
        "Impairment Of Capital Assets": 0.0,
        "Gain On Sale Of Security": NaN,
        "Net Non Operating Interest Income Expense": NaN,
        "Interest Expense Non Operating": NaN,
        "Interest Income Non Operating": NaN,
        "Operating Income": NaN,
        "Operating Expense": NaN,
        "Other Operating Expenses": NaN,
        "Other Taxes": 382000.0,
        "Selling General And Administration": NaN,
        "General And Administrative Expense": NaN,
        "Other Gand A": NaN,
        "Insurance And Claims": 243000.0,
        "Salaries And Wages": NaN,
        "Gross Profit": NaN,
        "Cost Of Revenue": NaN,
        "Total Revenue": NaN,
        "Operating Revenue": NaN
    },
    "2024-03-31": {
        "Tax Effect Of Unusual Items": -1097815.2,
        "Tax Rate For Calcs": 0.2472,
        "Normalized EBITDA": 14339000.0,
        "Total Unusual Items": -4441000.0,
        "Total Unusual Items Excluding Goodwill": -4441000.0,
        "Net Income From Continuing Operation Net Minority Interest": 2131000.0,
        "Reconciled Depreciation": 3819000.0,
        "Reconciled Cost Of Revenue": 24713000.0,
        "EBITDA": 9898000.0,
        "EBIT": 6079000.0,
        "Net Interest Income": -726000.0,
        "Interest Expense": 732000.0,
        "Interest Income": 6000.0,
        "Normalized Income": 5474184.8,
        "Net Income From Continuing And Discontinued Operation": 2131000.0,
        "Total Expenses": 27585000.0,
        "Total Operating Income As Reported": 6073000.0,
        "Diluted Average Shares": 19194525.0,
        "Basic Average Shares": 19194525.0,
        "Diluted EPS": 0.001,
        "Basic EPS": 0.001,
        "Diluted NI Availto Com Stockholders": 2131000.0,
        "Net Income Common Stockholders": 2131000.0,
        "Net Income": 2131000.0,
        "Minority Interests": -686000.0,
        "Net Income Including Noncontrolling Interests": 2817000.0,
        "Net Income Continuous Operations": 2817000.0,
        "Tax Provision": 2530000.0,
        "Pretax Income": 5347000.0,
        "Other Income Expense": -4787000.0,
        "Other Non Operating Income Expenses": -346000.0,
        "Special Income Charges": NaN,
        "Impairment Of Capital Assets": NaN,
        "Gain On Sale Of Security": -4441000.0,
        "Net Non Operating Interest Income Expense": -726000.0,
        "Interest Expense Non Operating": 732000.0,
        "Interest Income Non Operating": 6000.0,
        "Operating Income": 10943000.0,
        "Operating Expense": 2872000.0,
        "Other Operating Expenses": -164000.0,
        "Other Taxes": 254000.0,
        "Selling General And Administration": 2782000.0,
        "General And Administrative Expense": 2782000.0,
        "Other Gand A": 781000.0,
        "Insurance And Claims": 353000.0,
        "Salaries And Wages": 1648000.0,
        "Gross Profit": 13815000.0,
        "Cost Of Revenue": 24713000.0,
        "Total Revenue": 38528000.0,
        "Operating Revenue": 38528000.0
    },
    "2023-12-31": {
        "Tax Effect Of Unusual Items": -400958.4,
        "Tax Rate For Calcs": 0.2472,
        "Normalized EBITDA": 4261000.0,
        "Total Unusual Items": -1622000.0,
        "Total Unusual Items Excluding Goodwill": -1622000.0,
        "Net Income From Continuing Operation Net Minority Interest": -3162000.0,
        "Reconciled Depreciation": NaN,
        "Reconciled Cost Of Revenue": 28105000.0,
        "EBITDA": 2639000.0,
        "EBIT": 2639000.0,
        "Net Interest Income": -653000.0,
        "Interest Expense": 692000.0,
        "Interest Income": 9000.0,
        "Normalized Income": -1940958.4,
        "Net Income From Continuing And Discontinued Operation": -3162000.0,
        "Total Expenses": 35735000.0,
        "Total Operating Income As Reported": 2600000.0,
        "Diluted Average Shares": NaN,
        "Basic Average Shares": NaN,
        "Diluted EPS": NaN,
        "Basic EPS": NaN,
        "Diluted NI Availto Com Stockholders": -3508000.0,
        "Net Income Common Stockholders": -3508000.0,
        "Net Income": -3162000.0,
        "Minority Interests": -851000.0,
        "Net Income Including Noncontrolling Interests": -2311000.0,
        "Net Income Continuous Operations": -2311000.0,
        "Tax Provision": 4258000.0,
        "Pretax Income": 1947000.0,
        "Other Income Expense": -326000.0,
        "Other Non Operating Income Expenses": 1296000.0,
        "Special Income Charges": 1000.0,
        "Impairment Of Capital Assets": -1000.0,
        "Gain On Sale Of Security": -745000.0,
        "Net Non Operating Interest Income Expense": -653000.0,
        "Interest Expense Non Operating": 692000.0,
        "Interest Income Non Operating": 9000.0,
        "Operating Income": 2926000.0,
        "Operating Expense": 7630000.0,
        "Other Operating Expenses": -136000.0,
        "Other Taxes": 987000.0,
        "Selling General And Administration": 5780000.0,
        "General And Administrative Expense": 5780000.0,
        "Other Gand A": -4508000.0,
        "Insurance And Claims": 221000.0,
        "Salaries And Wages": 9391000.0,
        "Gross Profit": 10556000.0,
        "Cost Of Revenue": 28105000.0,
        "Total Revenue": 38661000.0,
        "Operating Revenue": 38661000.0
    },
    "2022-12-31": {
        "Tax Effect Of Unusual Items": NaN,
        "Tax Rate For Calcs": NaN,
        "Normalized EBITDA": NaN,
        "Total Unusual Items": NaN,
        "Total Unusual Items Excluding Goodwill": NaN,
        "Net Income From Continuing Operation Net Minority Interest": NaN,
        "Reconciled Depreciation": 2769000.0,
        "Reconciled Cost Of Revenue": NaN,
        "EBITDA": NaN,
        "EBIT": NaN,
        "Net Interest Income": NaN,
        "Interest Expense": NaN,
        "Interest Income": NaN,
        "Normalized Income": NaN,
        "Net Income From Continuing And Discontinued Operation": NaN,
        "Total Expenses": NaN,
        "Total Operating Income As Reported": NaN,
        "Diluted Average Shares": NaN,
        "Basic Average Shares": NaN,
        "Diluted EPS": NaN,
        "Basic EPS": NaN,
        "Diluted NI Availto Com Stockholders": NaN,
        "Net Income Common Stockholders": NaN,
        "Net Income": NaN,
        "Minority Interests": NaN,
        "Net Income Including Noncontrolling Interests": NaN,
        "Net Income Continuous Operations": NaN,
        "Tax Provision": NaN,
        "Pretax Income": NaN,
        "Other Income Expense": NaN,
        "Other Non Operating Income Expenses": NaN,
        "Special Income Charges": -8980000.0,
        "Impairment Of Capital Assets": 8150000.0,
        "Gain On Sale Of Security": NaN,
        "Net Non Operating Interest Income Expense": NaN,
        "Interest Expense Non Operating": NaN,
        "Interest Income Non Operating": NaN,
        "Operating Income": NaN,
        "Operating Expense": NaN,
        "Other Operating Expenses": NaN,
        "Other Taxes": 417000.0,
        "Selling General And Administration": NaN,
        "General And Administrative Expense": NaN,
        "Other Gand A": NaN,
        "Insurance And Claims": 226000.0,
        "Salaries And Wages": NaN,
        "Gross Profit": NaN,
        "Cost Of Revenue": NaN,
        "Total Revenue": NaN,
        "Operating Revenue": NaN
    },
    "2022-09-30": {
        "Tax Effect Of Unusual Items": NaN,
        "Tax Rate For Calcs": NaN,
        "Normalized EBITDA": NaN,
        "Total Unusual Items": NaN,
        "Total Unusual Items Excluding Goodwill": NaN,
        "Net Income From Continuing Operation Net Minority Interest": NaN,
        "Reconciled Depreciation": 2670000.0,
        "Reconciled Cost Of Revenue": NaN,
        "EBITDA": NaN,
        "EBIT": NaN,
        "Net Interest Income": NaN,
        "Interest Expense": NaN,
        "Interest Income": NaN,
        "Normalized Income": NaN,
        "Net Income From Continuing And Discontinued Operation": NaN,
        "Total Expenses": NaN,
        "Total Operating Income As Reported": NaN,
        "Diluted Average Shares": 13171254.0,
        "Basic Average Shares": 13171254.0,
        "Diluted EPS": 0.654,
        "Basic EPS": 0.654,
        "Diluted NI Availto Com Stockholders": NaN,
        "Net Income Common Stockholders": NaN,
        "Net Income": NaN,
        "Minority Interests": NaN,
        "Net Income Including Noncontrolling Interests": NaN,
        "Net Income Continuous Operations": NaN,
        "Tax Provision": NaN,
        "Pretax Income": NaN,
        "Other Income Expense": NaN,
        "Other Non Operating Income Expenses": NaN,
        "Special Income Charges": NaN,
        "Impairment Of Capital Assets": NaN,
        "Gain On Sale Of Security": NaN,
        "Net Non Operating Interest Income Expense": NaN,
        "Interest Expense Non Operating": NaN,
        "Interest Income Non Operating": NaN,
        "Operating Income": NaN,
        "Operating Expense": NaN,
        "Other Operating Expenses": NaN,
        "Other Taxes": NaN,
        "Selling General And Administration": NaN,
        "General And Administrative Expense": NaN,
        "Other Gand A": NaN,
        "Insurance And Claims": NaN,
        "Salaries And Wages": NaN,
        "Gross Profit": NaN,
        "Cost Of Revenue": NaN,
        "Total Revenue": NaN,
        "Operating Revenue": NaN
    },
    "2024-06-30": {
        "Tax Effect Of Unusual Items": -727168.720563,
        "Tax Rate For Calcs": 0.332344,
        "Normalized EBITDA": 18481000.0,
        "Total Unusual Items": -2188000.0,
        "Total Unusual Items Excluding Goodwill": -2188000.0,
        "Net Income From Continuing Operation Net Minority Interest": 8429000.0,
        "Reconciled Depreciation": NaN,
        "Reconciled Cost Of Revenue": 27174000.0,
        "EBITDA": 16293000.0,
        "EBIT": 16293000.0,
        "Net Interest Income": -794000.0,
        "Interest Expense": 794000.0,
        "Interest Income": 3000.0,
        "Normalized Income": 9889831.279437,
        "Net Income From Continuing And Discontinued Operation": 8429000.0,
        "Total Expenses": 30962000.0,
        "Total Operating Income As Reported": 16293000.0,
        "Diluted Average Shares": 19602326.0,
        "Basic Average Shares": 19602326.0,
        "Diluted EPS": 0.43,
        "Basic EPS": 0.43,
        "Diluted NI Availto Com Stockholders": 8429000.0,
        "Net Income Common Stockholders": 8429000.0,
        "Net Income": 8429000.0,
        "Minority Interests": -1919000.0,
        "Net Income Including Noncontrolling Interests": 10348000.0,
        "Net Income Continuous Operations": 10348000.0,
        "Tax Provision": 5151000.0,
        "Pretax Income": 15499000.0,
        "Other Income Expense": -2852000.0,
        "Other Non Operating Income Expenses": -664000.0,
        "Special Income Charges": NaN,
        "Impairment Of Capital Assets": NaN,
        "Gain On Sale Of Security": -2188000.0,
        "Net Non Operating Interest Income Expense": -794000.0,
        "Interest Expense Non Operating": 794000.0,
        "Interest Income Non Operating": 3000.0,
        "Operating Income": 19145000.0,
        "Operating Expense": 3788000.0,
        "Other Operating Expenses": -185000.0,
        "Other Taxes": NaN,
        "Selling General And Administration": 3973000.0,
        "General And Administrative Expense": 3973000.0,
        "Other Gand A": 3664000.0,
        "Insurance And Claims": NaN,
        "Salaries And Wages": 309000.0,
        "Gross Profit": 22933000.0,
        "Cost Of Revenue": 27174000.0,
        "Total Revenue": 50107000.0,
        "Operating Revenue": 50107000.0
    },
    "2024-09-30": {
        "Tax Effect Of Unusual Items": -778432.8,
        "Tax Rate For Calcs": 0.2472,
        "Normalized EBITDA": 11860000.0,
        "Total Unusual Items": -3149000.0,
        "Total Unusual Items Excluding Goodwill": -3149000.0,
        "Net Income From Continuing Operation Net Minority Interest": 2267000.0,
        "Reconciled Depreciation": NaN,
        "Reconciled Cost Of Revenue": 27555000.0,
        "EBITDA": 8711000.0,
        "EBIT": 8711000.0,
        "Net Interest Income": -824000.0,
        "Interest Expense": 824000.0,
        "Interest Income": NaN,
        "Normalized Income": 4637567.2,
        "Net Income From Continuing And Discontinued Operation": 2267000.0,
        "Total Expenses": 32194000.0,
        "Total Operating Income As Reported": 8711000.0,
        "Diluted Average Shares": 18891667.0,
        "Basic Average Shares": 18891667.0,
        "Diluted EPS": 0.12,
        "Basic EPS": 0.12,
        "Diluted NI Availto Com Stockholders": 2267000.0,
        "Net Income Common Stockholders": 2267000.0,
        "Net Income": 2267000.0,
        "Minority Interests": -1020000.0,
        "Net Income Including Noncontrolling Interests": 3287000.0,
        "Net Income Continuous Operations": 3287000.0,
        "Tax Provision": 4600000.0,
        "Pretax Income": 7887000.0,
        "Other Income Expense": -5963000.0,
        "Other Non Operating Income Expenses": -2814000.0,
        "Special Income Charges": NaN,
        "Impairment Of Capital Assets": NaN,
        "Gain On Sale Of Security": -3149000.0,
        "Net Non Operating Interest Income Expense": -824000.0,
        "Interest Expense Non Operating": 824000.0,
        "Interest Income Non Operating": NaN,
        "Operating Income": 14674000.0,
        "Operating Expense": 4639000.0,
        "Other Operating Expenses": -16000.0,
        "Other Taxes": NaN,
        "Selling General And Administration": 4655000.0,
        "General And Administrative Expense": 4655000.0,
        "Other Gand A": 3954000.0,
        "Insurance And Claims": NaN,
        "Salaries And Wages": 701000.0,
        "Gross Profit": 19313000.0,
        "Cost Of Revenue": 27555000.0,
        "Total Revenue": 46868000.0,
        "Operating Revenue": 46868000.0
    }
}