{
    "2023-06-30": {
        "Tax Effect Of Unusual Items": NaN,
        "Tax Rate For Calcs": NaN,
        "Normalized EBITDA": NaN,
        "Total Unusual Items": NaN,
        "Total Unusual Items Excluding Goodwill": NaN,
        "Net Income From Continuing Operation Net Minority Interest": NaN,
        "Reconciled Depreciation": NaN,
        "Reconciled Cost Of Revenue": NaN,
        "EBITDA": NaN,
        "EBIT": NaN,
        "Net Interest Income": NaN,
        "Interest Expense": NaN,
        "Normalized Income": NaN,
        "Net Income From Continuing And Discontinued Operation": NaN,
        "Total Expenses": NaN,
        "Total Operating Income As Reported": NaN,
        "Diluted Average Shares": NaN,
        "Basic Average Shares": NaN,
        "Diluted EPS": NaN,
        "Basic EPS": NaN,
        "Diluted NI Availto Com Stockholders": NaN,
        "Net Income Common Stockholders": NaN,
        "Net Income": NaN,
        "Minority Interests": NaN,
        "Net Income Including Noncontrolling Interests": NaN,
        "Net Income Continuous Operations": NaN,
        "Tax Provision": NaN,
        "Pretax Income": NaN,
        "Other Income Expense": NaN,
        "Other Non Operating Income Expenses": NaN,
        "Special Income Charges": NaN,
        "Impairment Of Capital Assets": NaN,
        "Earnings From Equity Interest": NaN,
        "Gain On Sale Of Security": NaN,
        "Net Non Operating Interest Income Expense": NaN,
        "Interest Expense Non Operating": NaN,
        "Operating Income": NaN,
        "Operating Expense": NaN,
        "Other Operating Expenses": NaN,
        "Depreciation Amortization Depletion Income Statement": NaN,
        "Depreciation And Amortization In Income Statement": NaN,
        "Amortization": NaN,
        "Amortization Of Intangibles Income Statement": NaN,
        "Depreciation Income Statement": NaN,
        "Selling General And Administration": NaN,
        "Selling And Marketing Expense": NaN,
        "General And Administrative Expense": 9317000000.0,
        "Other Gand A": 9317000000.0,
        "Gross Profit": NaN,
        "Cost Of Revenue": NaN,
        "Total Revenue": NaN,
        "Operating Revenue": NaN
    },
    "2023-03-31": {
        "Tax Effect Of Unusual Items": NaN,
        "Tax Rate For Calcs": NaN,
        "Normalized EBITDA": NaN,
        "Total Unusual Items": NaN,
        "Total Unusual Items Excluding Goodwill": NaN,
        "Net Income From Continuing Operation Net Minority Interest": NaN,
        "Reconciled Depreciation": NaN,
        "Reconciled Cost Of Revenue": NaN,
        "EBITDA": NaN,
        "EBIT": NaN,
        "Net Interest Income": NaN,
        "Interest Expense": NaN,
        "Normalized Income": NaN,
        "Net Income From Continuing And Discontinued Operation": NaN,
        "Total Expenses": NaN,
        "Total Operating Income As Reported": NaN,
        "Diluted Average Shares": NaN,
        "Basic Average Shares": NaN,
        "Diluted EPS": NaN,
        "Basic EPS": NaN,
        "Diluted NI Availto Com Stockholders": NaN,
        "Net Income Common Stockholders": NaN,
        "Net Income": NaN,
        "Minority Interests": NaN,
        "Net Income Including Noncontrolling Interests": NaN,
        "Net Income Continuous Operations": NaN,
        "Tax Provision": NaN,
        "Pretax Income": NaN,
        "Other Income Expense": NaN,
        "Other Non Operating Income Expenses": NaN,
        "Special Income Charges": NaN,
        "Impairment Of Capital Assets": NaN,
        "Earnings From Equity Interest": NaN,
        "Gain On Sale Of Security": NaN,
        "Net Non Operating Interest Income Expense": NaN,
        "Interest Expense Non Operating": NaN,
        "Operating Income": NaN,
        "Operating Expense": NaN,
        "Other Operating Expenses": 9301000000.0,
        "Depreciation Amortization Depletion Income Statement": NaN,
        "Depreciation And Amortization In Income Statement": NaN,
        "Amortization": NaN,
        "Amortization Of Intangibles Income Statement": NaN,
        "Depreciation Income Statement": NaN,
        "Selling General And Administration": NaN,
        "Selling And Marketing Expense": NaN,
        "General And Administrative Expense": NaN,
        "Other Gand A": NaN,
        "Gross Profit": NaN,
        "Cost Of Revenue": NaN,
        "Total Revenue": NaN,
        "Operating Revenue": NaN
    },
    "2022-12-31": {
        "Tax Effect Of Unusual Items": NaN,
        "Tax Rate For Calcs": NaN,
        "Normalized EBITDA": NaN,
        "Total Unusual Items": NaN,
        "Total Unusual Items Excluding Goodwill": NaN,
        "Net Income From Continuing Operation Net Minority Interest": NaN,
        "Reconciled Depreciation": NaN,
        "Reconciled Cost Of Revenue": NaN,
        "EBITDA": NaN,
        "EBIT": NaN,
        "Net Interest Income": NaN,
        "Interest Expense": NaN,
        "Normalized Income": NaN,
        "Net Income From Continuing And Discontinued Operation": NaN,
        "Total Expenses": NaN,
        "Total Operating Income As Reported": NaN,
        "Diluted Average Shares": NaN,
        "Basic Average Shares": NaN,
        "Diluted EPS": NaN,
        "Basic EPS": NaN,
        "Diluted NI Availto Com Stockholders": NaN,
        "Net Income Common Stockholders": NaN,
        "Net Income": NaN,
        "Minority Interests": NaN,
        "Net Income Including Noncontrolling Interests": NaN,
        "Net Income Continuous Operations": NaN,
        "Tax Provision": NaN,
        "Pretax Income": NaN,
        "Other Income Expense": NaN,
        "Other Non Operating Income Expenses": NaN,
        "Special Income Charges": 0.0,
        "Impairment Of Capital Assets": 0.0,
        "Earnings From Equity Interest": NaN,
        "Gain On Sale Of Security": NaN,
        "Net Non Operating Interest Income Expense": NaN,
        "Interest Expense Non Operating": NaN,
        "Operating Income": NaN,
        "Operating Expense": NaN,
        "Other Operating Expenses": 10562000000.0,
        "Depreciation Amortization Depletion Income Statement": NaN,
        "Depreciation And Amortization In Income Statement": NaN,
        "Amortization": NaN,
        "Amortization Of Intangibles Income Statement": NaN,
        "Depreciation Income Statement": NaN,
        "Selling General And Administration": NaN,
        "Selling And Marketing Expense": NaN,
        "General And Administrative Expense": NaN,
        "Other Gand A": NaN,
        "Gross Profit": NaN,
        "Cost Of Revenue": NaN,
        "Total Revenue": NaN,
        "Operating Revenue": NaN
    },
    "2022-09-30": {
        "Tax Effect Of Unusual Items": NaN,
        "Tax Rate For Calcs": NaN,
        "Normalized EBITDA": NaN,
        "Total Unusual Items": NaN,
        "Total Unusual Items Excluding Goodwill": NaN,
        "Net Income From Continuing Operation Net Minority Interest": NaN,
        "Reconciled Depreciation": NaN,
        "Reconciled Cost Of Revenue": NaN,
        "EBITDA": NaN,
        "EBIT": NaN,
        "Net Interest Income": NaN,
        "Interest Expense": NaN,
        "Normalized Income": NaN,
        "Net Income From Continuing And Discontinued Operation": NaN,
        "Total Expenses": NaN,
        "Total Operating Income As Reported": NaN,
        "Diluted Average Shares": NaN,
        "Basic Average Shares": NaN,
        "Diluted EPS": NaN,
        "Basic EPS": NaN,
        "Diluted NI Availto Com Stockholders": NaN,
        "Net Income Common Stockholders": NaN,
        "Net Income": NaN,
        "Minority Interests": NaN,
        "Net Income Including Noncontrolling Interests": NaN,
        "Net Income Continuous Operations": NaN,
        "Tax Provision": NaN,
        "Pretax Income": NaN,
        "Other Income Expense": NaN,
        "Other Non Operating Income Expenses": NaN,
        "Special Income Charges": -8583000000.0,
        "Impairment Of Capital Assets": 8583000000.0,
        "Earnings From Equity Interest": NaN,
        "Gain On Sale Of Security": NaN,
        "Net Non Operating Interest Income Expense": NaN,
        "Interest Expense Non Operating": NaN,
        "Operating Income": NaN,
        "Operating Expense": NaN,
        "Other Operating Expenses": 9344000000.0,
        "Depreciation Amortization Depletion Income Statement": NaN,
        "Depreciation And Amortization In Income Statement": NaN,
        "Amortization": NaN,
        "Amortization Of Intangibles Income Statement": NaN,
        "Depreciation Income Statement": NaN,
        "Selling General And Administration": NaN,
        "Selling And Marketing Expense": NaN,
        "General And Administrative Expense": NaN,
        "Other Gand A": NaN,
        "Gross Profit": NaN,
        "Cost Of Revenue": NaN,
        "Total Revenue": NaN,
        "Operating Revenue": NaN
    },
    "2022-06-30": {
        "Tax Effect Of Unusual Items": -89911372.723234,
        "Tax Rate For Calcs": 0.280098,
        "Normalized EBITDA": 9259000000.0,
        "Total Unusual Items": -321000000.0,
        "Total Unusual Items Excluding Goodwill": -321000000.0,
        "Net Income From Continuing Operation Net Minority Interest": 3396000000.0,
        "Reconciled Depreciation": 3468000000.0,
        "Reconciled Cost Of Revenue": 8888000000.0,
        "EBITDA": 8938000000.0,
        "EBIT": 5470000000.0,
        "Net Interest Income": -968000000.0,
        "Interest Expense": 968000000.0,
        "Normalized Income": 3627088627.276766,
        "Net Income From Continuing And Discontinued Operation": 3396000000.0,
        "Total Expenses": 23650000000.0,
        "Total Operating Income As Reported": 6367000000.0,
        "Diluted Average Shares": 4482000000.0,
        "Basic Average Shares": 4457000000.0,
        "Diluted EPS": 0.76,
        "Basic EPS": 0.76,
        "Diluted NI Availto Com Stockholders": 3396000000.0,
        "Net Income Common Stockholders": 3396000000.0,
        "Net Income": 3396000000.0,
        "Minority Interests": 155000000.0,
        "Net Income Including Noncontrolling Interests": 3241000000.0,
        "Net Income Continuous Operations": 3241000000.0,
        "Tax Provision": 1261000000.0,
        "Pretax Income": 4502000000.0,
        "Other Income Expense": -896000000.0,
        "Other Non Operating Income Expenses": -162000000.0,
        "Special Income Charges": NaN,
        "Impairment Of Capital Assets": NaN,
        "Earnings From Equity Interest": -413000000.0,
        "Gain On Sale Of Security": -321000000.0,
        "Net Non Operating Interest Income Expense": -968000000.0,
        "Interest Expense Non Operating": 968000000.0,
        "Operating Income": 6366000000.0,
        "Operating Expense": 14762000000.0,
        "Other Operating Expenses": 9098000000.0,
        "Depreciation Amortization Depletion Income Statement": 3468000000.0,
        "Depreciation And Amortization In Income Statement": 3468000000.0,
        "Amortization": 1306000000.0,
        "Amortization Of Intangibles Income Statement": 1306000000.0,
        "Depreciation Income Statement": 2162000000.0,
        "Selling General And Administration": 2196000000.0,
        "Selling And Marketing Expense": 2196000000.0,
        "Gross Profit": 21128000000.0,
        "Cost Of Revenue": 8888000000.0,
        "Total Revenue": 30016000000.0,
        "Operating Revenue": 30016000000.0
    },
    "2022-03-31": {
        "Diluted EPS": 0.78,
        "Total Revenue": NaN,
        "Gross Profit": NaN,
        "Operating Income": NaN,
        "EBIT": NaN,
        "Net Income": NaN
    },
    "2021-12-31": {
        "Diluted EPS": 0.67,
        "Total Revenue": NaN,
        "Gross Profit": NaN,
        "Operating Income": NaN,
        "EBIT": NaN,
        "Net Income": NaN
    },
    "2021-09-30": {
        "Diluted EPS": 0.86,
        "Total Revenue": NaN,
        "Gross Profit": NaN,
        "Operating Income": NaN,
        "EBIT": NaN,
        "Net Income": NaN
    },
    "2021-06-30": {
        "Diluted EPS": 0.8,
        "Total Revenue": NaN,
        "Gross Profit": NaN,
        "Operating Income": NaN,
        "EBIT": NaN,
        "Net Income": NaN
    },
    "2021-03-31": {
        "Diluted EPS": 0.71,
        "Total Revenue": NaN,
        "Gross Profit": NaN,
        "Operating Income": NaN,
        "EBIT": NaN,
        "Net Income": NaN
    },
    "2020-12-31": {
        "Diluted EPS": 0.73,
        "Total Revenue": NaN,
        "Gross Profit": NaN,
        "Operating Income": NaN,
        "EBIT": NaN,
        "Net Income": NaN
    },
    "2020-09-30": {
        "Diluted EPS": 0.44,
        "Total Revenue": NaN,
        "Gross Profit": NaN,
        "Operating Income": NaN,
        "EBIT": NaN,
        "Net Income": NaN
    },
    "2020-06-30": {
        "Diluted EPS": 0.65,
        "Total Revenue": NaN,
        "Gross Profit": NaN,
        "Operating Income": NaN,
        "EBIT": NaN,
        "Net Income": NaN
    },
    "2020-03-31": {
        "Diluted EPS": 0.46,
        "Total Revenue": NaN,
        "Gross Profit": NaN,
        "Operating Income": NaN,
        "EBIT": NaN,
        "Net Income": NaN
    },
    "2019-12-31": {
        "Diluted EPS": 0.68,
        "Total Revenue": NaN,
        "Gross Profit": NaN,
        "Operating Income": NaN,
        "EBIT": NaN,
        "Net Income": NaN
    },
    "2019-09-30": {
        "Diluted EPS": 0.7,
        "Total Revenue": NaN,
        "Gross Profit": NaN,
        "Operating Income": NaN,
        "EBIT": NaN,
        "Net Income": NaN
    },
    "2019-06-30": {
        "Diluted EPS": 0.68,
        "Total Revenue": NaN,
        "Gross Profit": NaN,
        "Operating Income": NaN,
        "EBIT": NaN,
        "Net Income": NaN
    },
    "2019-03-31": {
        "Diluted EPS": 0.77,
        "Total Revenue": NaN,
        "Gross Profit": NaN,
        "Operating Income": NaN,
        "EBIT": NaN,
        "Net Income": NaN
    },
    "2018-12-31": {
        "Diluted EPS": 0.56,
        "Total Revenue": NaN,
        "Gross Profit": NaN,
        "Operating Income": NaN,
        "EBIT": NaN,
        "Net Income": NaN
    },
    "2018-09-30": {
        "Diluted EPS": 0.62,
        "Total Revenue": NaN,
        "Gross Profit": NaN,
        "Operating Income": NaN,
        "EBIT": NaN,
        "Net Income": NaN
    },
    "2018-06-30": {
        "Diluted EPS": 0.69,
        "Total Revenue": NaN,
        "Gross Profit": NaN,
        "Operating Income": NaN,
        "EBIT": NaN,
        "Net Income": NaN
    },
    "2018-03-31": {
        "Diluted EPS": 0.66,
        "Total Revenue": NaN,
        "Gross Profit": NaN,
        "Operating Income": NaN,
        "EBIT": NaN,
        "Net Income": NaN
    },
    "2017-12-31": {
        "Diluted EPS": 3.15,
        "Total Revenue": NaN,
        "Gross Profit": NaN,
        "Operating Income": NaN,
        "EBIT": NaN,
        "Net Income": NaN
    },
    "2017-09-30": {
        "Diluted EPS": 0.55,
        "Total Revenue": NaN,
        "Gross Profit": NaN,
        "Operating Income": NaN,
        "EBIT": NaN,
        "Net Income": NaN
    },
    "2017-06-30": {
        "Diluted EPS": 0.52,
        "Total Revenue": NaN,
        "Gross Profit": NaN,
        "Operating Income": NaN,
        "EBIT": NaN,
        "Net Income": NaN
    },
    "2017-03-31": {
        "Diluted EPS": 0.53,
        "Total Revenue": NaN,
        "Gross Profit": NaN,
        "Operating Income": NaN,
        "EBIT": NaN,
        "Net Income": NaN
    },
    "2016-12-31": {
        "Diluted EPS": 0.48,
        "Total Revenue": NaN,
        "Gross Profit": NaN,
        "Operating Income": NaN,
        "EBIT": NaN,
        "Net Income": NaN
    },
    "2016-09-30": {
        "Diluted EPS": 0.46,
        "Total Revenue": NaN,
        "Gross Profit": NaN,
        "Operating Income": NaN,
        "EBIT": NaN,
        "Net Income": NaN
    },
    "2016-06-30": {
        "Diluted EPS": 0.41,
        "Total Revenue": NaN,
        "Gross Profit": NaN,
        "Operating Income": NaN,
        "EBIT": NaN,
        "Net Income": NaN
    },
    "2016-03-31": {
        "Diluted EPS": 0.43,
        "Total Revenue": NaN,
        "Gross Profit": NaN,
        "Operating Income": NaN,
        "EBIT": NaN,
        "Net Income": NaN
    },
    "2015-12-31": {
        "Diluted EPS": 0.4,
        "Total Revenue": NaN,
        "Gross Profit": NaN,
        "Operating Income": NaN,
        "EBIT": NaN,
        "Net Income": NaN
    },
    "2015-09-30": {
        "Diluted EPS": 0.4,
        "Total Revenue": NaN,
        "Gross Profit": NaN,
        "Operating Income": NaN,
        "EBIT": NaN,
        "Net Income": NaN
    },
    "2015-06-30": {
        "Diluted EPS": 0.42,
        "Total Revenue": NaN,
        "Gross Profit": NaN,
        "Operating Income": NaN,
        "EBIT": NaN,
        "Net Income": NaN
    },
    "2015-03-31": {
        "Diluted EPS": 0.41,
        "Total Revenue": NaN,
        "Gross Profit": NaN,
        "Operating Income": NaN,
        "EBIT": NaN,
        "Net Income": NaN
    },
    "2014-12-31": {
        "Diluted EPS": 0.37,
        "Total Revenue": NaN,
        "Gross Profit": NaN,
        "Operating Income": NaN,
        "EBIT": NaN,
        "Net Income": NaN
    },
    "2014-09-30": {
        "Diluted EPS": 0.5,
        "Total Revenue": NaN,
        "Gross Profit": NaN,
        "Operating Income": NaN,
        "EBIT": NaN,
        "Net Income": NaN
    },
    "2014-06-30": {
        "Diluted EPS": 0.38,
        "Total Revenue": NaN,
        "Gross Profit": NaN,
        "Operating Income": NaN,
        "EBIT": NaN,
        "Net Income": NaN
    },
    "2014-03-31": {
        "Diluted EPS": 0.36,
        "Total Revenue": NaN,
        "Gross Profit": NaN,
        "Operating Income": NaN,
        "EBIT": NaN,
        "Net Income": NaN
    },
    "2013-12-31": {
        "Diluted EPS": 0.36,
        "Total Revenue": NaN,
        "Gross Profit": NaN,
        "Operating Income": NaN,
        "EBIT": NaN,
        "Net Income": NaN
    },
    "2013-09-30": {
        "Diluted EPS": 0.33,
        "Total Revenue": NaN,
        "Gross Profit": NaN,
        "Operating Income": NaN,
        "EBIT": NaN,
        "Net Income": NaN
    },
    "2013-06-30": {
        "Diluted EPS": 0.33,
        "Total Revenue": NaN,
        "Gross Profit": NaN,
        "Operating Income": NaN,
        "EBIT": NaN,
        "Net Income": NaN
    },
    "2013-03-31": {
        "Diluted EPS": 0.27,
        "Total Revenue": NaN,
        "Gross Profit": NaN,
        "Operating Income": NaN,
        "EBIT": NaN,
        "Net Income": NaN
    },
    "2012-12-31": {
        "Diluted EPS": 0.28,
        "Total Revenue": NaN,
        "Gross Profit": NaN,
        "Operating Income": NaN,
        "EBIT": NaN,
        "Net Income": NaN
    },
    "2012-09-30": {
        "Diluted EPS": 0.39,
        "Total Revenue": NaN,
        "Gross Profit": NaN,
        "Operating Income": NaN,
        "EBIT": NaN,
        "Net Income": NaN
    },
    "2012-06-30": {
        "Diluted EPS": 0.25,
        "Total Revenue": NaN,
        "Gross Profit": NaN,
        "Operating Income": NaN,
        "EBIT": NaN,
        "Net Income": NaN
    },
    "2012-03-31": {
        "Diluted EPS": 0.23,
        "Total Revenue": NaN,
        "Gross Profit": NaN,
        "Operating Income": NaN,
        "EBIT": NaN,
        "Net Income": NaN
    },
    "2011-12-31": {
        "Diluted EPS": 0.23,
        "Total Revenue": NaN,
        "Gross Profit": NaN,
        "Operating Income": NaN,
        "EBIT": NaN,
        "Net Income": NaN
    },
    "2011-09-30": {
        "Diluted EPS": 0.17,
        "Total Revenue": NaN,
        "Gross Profit": NaN,
        "Operating Income": NaN,
        "EBIT": NaN,
        "Net Income": 908
    },
    "2011-06-30": {
        "Diluted EPS": 0.19,
        "Total Revenue": NaN,
        "Gross Profit": NaN,
        "Operating Income": NaN,
        "EBIT": NaN,
        "Net Income": NaN
    },
    "2011-03-31": {
        "Diluted EPS": 0.17,
        "Total Revenue": NaN,
        "Gross Profit": NaN,
        "Operating Income": NaN,
        "EBIT": NaN,
        "Net Income": 943
    },
    "2010-12-31": {
        "Diluted EPS": 0.18,
        "Total Revenue": NaN,
        "Gross Profit": NaN,
        "Operating Income": NaN,
        "EBIT": NaN,
        "Net Income": NaN
    },
    "2010-09-30": {
        "Diluted EPS": 0.16,
        "Total Revenue": NaN,
        "Gross Profit": NaN,
        "Operating Income": NaN,
        "EBIT": NaN,
        "Net Income": 867
    },
    "2010-06-30": {
        "Diluted EPS": 0.16,
        "Total Revenue": NaN,
        "Gross Profit": NaN,
        "Operating Income": NaN,
        "EBIT": NaN,
        "Net Income": 884
    },
    "2010-03-31": {
        "Diluted EPS": 0.16,
        "Total Revenue": NaN,
        "Gross Profit": NaN,
        "Operating Income": NaN,
        "EBIT": NaN,
        "Net Income": 866
    },
    "2009-12-31": {
        "Diluted EPS": 0.17,
        "Total Revenue": NaN,
        "Gross Profit": NaN,
        "Operating Income": NaN,
        "EBIT": NaN,
        "Net Income": 955
    },
    "2009-09-30": {
        "Diluted EPS": 0.17,
        "Total Revenue": NaN,
        "Gross Profit": NaN,
        "Operating Income": NaN,
        "EBIT": NaN,
        "Net Income": 944
    },
    "2009-06-30": {
        "Diluted EPS": 0.17,
        "Total Revenue": NaN,
        "Gross Profit": NaN,
        "Operating Income": NaN,
        "EBIT": NaN,
        "Net Income": 967
    },
    "2009-03-31": {
        "Diluted EPS": 0.14,
        "Total Revenue": NaN,
        "Gross Profit": NaN,
        "Operating Income": NaN,
        "EBIT": NaN,
        "Net Income": 772
    },
    "2023-09-30": {
        "Tax Effect Of Unusual Items": -23369807.868253,
        "Tax Rate For Calcs": 0.268618,
        "Normalized EBITDA": 10105000000.0,
        "Total Unusual Items": -87000000.0,
        "Total Unusual Items Excluding Goodwill": -87000000.0,
        "Net Income From Continuing Operation Net Minority Interest": 4046000000.0,
        "Reconciled Depreciation": 3492000000.0,
        "Reconciled Cost Of Revenue": 8653000000.0,
        "EBITDA": 10018000000.0,
        "EBIT": 6525000000.0,
        "Net Interest Income": -1060000000.0,
        "Interest Expense": 1060000000.0,
        "Normalized Income": 4109630192.131747,
        "Net Income From Continuing And Discontinued Operation": 4046000000.0,
        "Total Expenses": 23640000000.0,
        "Total Operating Income As Reported": 6475000000.0,
        "Diluted Average Shares": 4141000000.0,
        "Basic Average Shares": 4109000000.0,
        "Diluted EPS": 0.98,
        "Basic EPS": 0.98,
        "Diluted NI Availto Com Stockholders": 4046000000.0,
        "Net Income Common Stockholders": 4046000000.0,
        "Net Income": 4046000000.0,
        "Minority Interests": 49000000.0,
        "Net Income Including Noncontrolling Interests": 3997000000.0,
        "Net Income Continuous Operations": 3997000000.0,
        "Tax Provision": 1468000000.0,
        "Pretax Income": 5465000000.0,
        "Other Income Expense": 50000000.0,
        "Other Non Operating Income Expenses": 88000000.0,
        "Special Income Charges": 0.0,
        "Impairment Of Capital Assets": 0.0,
        "Earnings From Equity Interest": 49000000.0,
        "Gain On Sale Of Security": -87000000.0,
        "Net Non Operating Interest Income Expense": -1060000000.0,
        "Interest Expense Non Operating": 1060000000.0,
        "Operating Income": 6475000000.0,
        "Operating Expense": 14988000000.0,
        "Other Operating Expenses": 9629000000.0,
        "Depreciation Amortization Depletion Income Statement": 3493000000.0,
        "Depreciation And Amortization In Income Statement": 3493000000.0,
        "Amortization": 1290000000.0,
        "Amortization Of Intangibles Income Statement": 1290000000.0,
        "Depreciation Income Statement": 2203000000.0,
        "Selling General And Administration": 1866000000.0,
        "Selling And Marketing Expense": 1866000000.0,
        "General And Administrative Expense": 9629000000.0,
        "Other Gand A": 9629000000.0,
        "Gross Profit": 21463000000.0,
        "Cost Of Revenue": 8652000000.0,
        "Total Revenue": 30115000000.0,
        "Operating Revenue": 31892000000.0
    },
    "2023-12-31": {
        "Tax Effect Of Unusual Items": 0.0,
        "Tax Rate For Calcs": 0.220079,
        "Normalized EBITDA": 8592000000.0,
        "Total Unusual Items": 0.0,
        "Total Unusual Items Excluding Goodwill": 0.0,
        "Net Income From Continuing Operation Net Minority Interest": 3260000000.0,
        "Reconciled Depreciation": 3529000000.0,
        "Reconciled Cost Of Revenue": 10255000000.0,
        "EBITDA": 8592000000.0,
        "EBIT": 5063000000.0,
        "Net Interest Income": -1019000000.0,
        "Interest Expense": 1019000000.0,
        "Normalized Income": 3260000000.0,
        "Net Income From Continuing And Discontinued Operation": 3260000000.0,
        "Total Expenses": 26769000000.0,
        "Total Operating Income As Reported": 4484000000.0,
        "Diluted Average Shares": 4039000000.0,
        "Basic Average Shares": 3978762306.0,
        "Diluted EPS": 0.81,
        "Basic EPS": 0.81935,
        "Diluted NI Availto Com Stockholders": 3260000000.0,
        "Net Income Common Stockholders": 3260000000.0,
        "Net Income": 3260000000.0,
        "Minority Interests": 107000000.0,
        "Net Income Including Noncontrolling Interests": 3153000000.0,
        "Net Income Continuous Operations": 3154000000.0,
        "Tax Provision": 890000000.0,
        "Pretax Income": 4044000000.0,
        "Other Income Expense": 578000000.0,
        "Other Non Operating Income Expenses": 243000000.0,
        "Special Income Charges": 0.0,
        "Impairment Of Capital Assets": 0.0,
        "Earnings From Equity Interest": 335000000.0,
        "Gain On Sale Of Security": 0.0,
        "Net Non Operating Interest Income Expense": -1019000000.0,
        "Interest Expense Non Operating": 1019000000.0,
        "Operating Income": 4484000000.0,
        "Operating Expense": 16513000000.0,
        "Other Operating Expenses": 10943000000.0,
        "Depreciation Amortization Depletion Income Statement": 3528000000.0,
        "Depreciation And Amortization In Income Statement": 3528000000.0,
        "Amortization": 1336000000.0,
        "Amortization Of Intangibles Income Statement": 1336000000.0,
        "Depreciation Income Statement": 2192000000.0,
        "Selling General And Administration": 2042000000.0,
        "Selling And Marketing Expense": 2042000000.0,
        "General And Administrative Expense": 10943000000.0,
        "Other Gand A": 10943000000.0,
        "Gross Profit": 20997000000.0,
        "Cost Of Revenue": 10256000000.0,
        "Total Revenue": 31253000000.0,
        "Operating Revenue": 31253000000.0
    },
    "2024-03-31": {
        "Tax Effect Of Unusual Items": -13266993.143976,
        "Tax Rate For Calcs": 0.260137,
        "Normalized EBITDA": 9709000000.0,
        "Total Unusual Items": -51000000.0,
        "Total Unusual Items Excluding Goodwill": -51000000.0,
        "Net Income From Continuing Operation Net Minority Interest": 3857000000.0,
        "Reconciled Depreciation": 3551000000.0,
        "Reconciled Cost Of Revenue": 8823000000.0,
        "EBITDA": 9658000000.0,
        "EBIT": 6107000000.0,
        "Net Interest Income": -1002000000.0,
        "Interest Expense": 1002000000.0,
        "Normalized Income": 3894733006.856024,
        "Net Income From Continuing And Discontinued Operation": 3857000000.0,
        "Total Expenses": 24249000000.0,
        "Total Operating Income As Reported": 5810000000.0,
        "Diluted Average Shares": 3992000000.0,
        "Basic Average Shares": 3976288660.0,
        "Diluted EPS": 0.97,
        "Basic EPS": 0.97,
        "Diluted NI Availto Com Stockholders": 3857000000.0,
        "Net Income Common Stockholders": 3857000000.0,
        "Net Income": 3857000000.0,
        "Minority Interests": 79000000.0,
        "Net Income Including Noncontrolling Interests": 3777000000.0,
        "Net Income Continuous Operations": 3777000000.0,
        "Tax Provision": 1328000000.0,
        "Pretax Income": 5105000000.0,
        "Other Income Expense": 298000000.0,
        "Other Non Operating Income Expenses": 191000000.0,
        "Special Income Charges": NaN,
        "Impairment Of Capital Assets": NaN,
        "Earnings From Equity Interest": 158000000.0,
        "Gain On Sale Of Security": -51000000.0,
        "Net Non Operating Interest Income Expense": -1002000000.0,
        "Interest Expense Non Operating": 1002000000.0,
        "Operating Income": 5809000000.0,
        "Operating Expense": 15426000000.0,
        "Other Operating Expenses": 9857000000.0,
        "Depreciation Amortization Depletion Income Statement": 3551000000.0,
        "Depreciation And Amortization In Income Statement": 3551000000.0,
        "Amortization": 1376000000.0,
        "Amortization Of Intangibles Income Statement": 1376000000.0,
        "Depreciation Income Statement": 2175000000.0,
        "Selling General And Administration": 2018000000.0,
        "Selling And Marketing Expense": 2018000000.0,
        "General And Administrative Expense": 9857000000.0,
        "Other Gand A": 9857000000.0,
        "Gross Profit": 21235000000.0,
        "Cost Of Revenue": 8823000000.0,
        "Total Revenue": 30058000000.0,
        "Operating Revenue": 32147000000.0
    },
    "2024-06-30": {
        "Tax Effect Of Unusual Items": -22976618.357488,
        "Tax Rate For Calcs": 0.258164,
        "Normalized EBITDA": 9830000000.0,
        "Total Unusual Items": -89000000.0,
        "Total Unusual Items Excluding Goodwill": -89000000.0,
        "Net Income From Continuing Operation Net Minority Interest": 3929000000.0,
        "Reconciled Depreciation": 3540000000.0,
        "Reconciled Cost Of Revenue": 7961000000.0,
        "EBITDA": 9741000000.0,
        "EBIT": 6201000000.0,
        "Net Interest Income": -1026000000.0,
        "Interest Expense": 1026000000.0,
        "Normalized Income": 3995023381.642512,
        "Net Income From Continuing And Discontinued Operation": 3929000000.0,
        "Total Expenses": 23053000000.0,
        "Total Operating Income As Reported": 6635000000.0,
        "Diluted Average Shares": 3920000000.0,
        "Basic Average Shares": 3881564265.0,
        "Diluted EPS": 1.0,
        "Basic EPS": 1.012221,
        "Diluted NI Availto Com Stockholders": 3929000000.0,
        "Net Income Common Stockholders": 3929000000.0,
        "Net Income": 3929000000.0,
        "Minority Interests": 89000000.0,
        "Net Income Including Noncontrolling Interests": 3839000000.0,
        "Net Income Continuous Operations": 3839000000.0,
        "Tax Provision": 1336000000.0,
        "Pretax Income": 5175000000.0,
        "Other Income Expense": -434000000.0,
        "Other Non Operating Income Expenses": 99000000.0,
        "Special Income Charges": NaN,
        "Impairment Of Capital Assets": NaN,
        "Earnings From Equity Interest": -444000000.0,
        "Gain On Sale Of Security": -89000000.0,
        "Net Non Operating Interest Income Expense": -1026000000.0,
        "Interest Expense Non Operating": 1026000000.0,
        "Operating Income": 6634000000.0,
        "Operating Expense": 15092000000.0,
        "Other Operating Expenses": 9630000000.0,
        "Depreciation Amortization Depletion Income Statement": 3540000000.0,
        "Depreciation And Amortization In Income Statement": 3540000000.0,
        "Amortization": 1387000000.0,
        "Amortization Of Intangibles Income Statement": 1387000000.0,
        "Depreciation Income Statement": 2153000000.0,
        "Selling General And Administration": 1922000000.0,
        "Selling And Marketing Expense": 1922000000.0,
        "General And Administrative Expense": 9630000000.0,
        "Other Gand A": 9630000000.0,
        "Gross Profit": 21726000000.0,
        "Cost Of Revenue": 7961000000.0,
        "Total Revenue": 29687000000.0,
        "Operating Revenue": 31512000000.0
    },
    "2024-09-30": {
        "Tax Effect Of Unusual Items": -5674621.290724,
        "Tax Rate For Calcs": 0.257937,
        "Normalized EBITDA": 9756000000.0,
        "Total Unusual Items": -22000000.0,
        "Total Unusual Items Excluding Goodwill": -22000000.0,
        "Net Income From Continuing Operation Net Minority Interest": 3629000000.0,
        "Reconciled Depreciation": 3878000000.0,
        "Reconciled Cost Of Revenue": 10216000000.0,
        "EBITDA": 9734000000.0,
        "EBIT": 5856000000.0,
        "Net Interest Income": -1037000000.0,
        "Interest Expense": 1037000000.0,
        "Normalized Income": 3645325378.709276,
        "Net Income From Continuing And Discontinued Operation": 3629000000.0,
        "Total Expenses": 26211000000.0,
        "Total Operating Income As Reported": 5859000000.0,
        "Diluted Average Shares": 3880000000.0,
        "Basic Average Shares": 3834395175.0,
        "Diluted EPS": 0.94,
        "Basic EPS": 0.946433,
        "Diluted NI Availto Com Stockholders": 3629000000.0,
        "Net Income Common Stockholders": 3629000000.0,
        "Net Income": 3629000000.0,
        "Minority Interests": 53000000.0,
        "Net Income Including Noncontrolling Interests": 3576000000.0,
        "Net Income Continuous Operations": 3576000000.0,
        "Tax Provision": 1243000000.0,
        "Pretax Income": 4819000000.0,
        "Other Income Expense": -3000000.0,
        "Other Non Operating Income Expenses": 171000000.0,
        "Special Income Charges": NaN,
        "Impairment Of Capital Assets": NaN,
        "Earnings From Equity Interest": -152000000.0,
        "Gain On Sale Of Security": -22000000.0,
        "Net Non Operating Interest Income Expense": -1037000000.0,
        "Interest Expense Non Operating": 1037000000.0,
        "Operating Income": 5859000000.0,
        "Operating Expense": 15995000000.0,
        "Other Operating Expenses": 10128000000.0,
        "Depreciation Amortization Depletion Income Statement": 3878000000.0,
        "Depreciation And Amortization In Income Statement": 3878000000.0,
        "Amortization": 1659000000.0,
        "Amortization Of Intangibles Income Statement": 1659000000.0,
        "Depreciation Income Statement": 2219000000.0,
        "Selling General And Administration": 1989000000.0,
        "Selling And Marketing Expense": 1989000000.0,
        "General And Administrative Expense": NaN,
        "Other Gand A": NaN,
        "Gross Profit": 21854000000.0,
        "Cost Of Revenue": 10216000000.0,
        "Total Revenue": 32070000000.0,
        "Operating Revenue": 34323000000.0
    }
}