{
    "2023-03-31": {
        "Tax Effect Of Unusual Items": 0.0,
        "Tax Rate For Calcs": 0.217,
        "Normalized EBITDA": 1362000000.0,
        "Total Unusual Items": 35000000.0,
        "Total Unusual Items Excluding Goodwill": 35000000.0,
        "Net Income From Continuing Operation Net Minority Interest": 790000000.0,
        "Reconciled Depreciation": 246000000.0,
        "Reconciled Cost Of Revenue": 6424000000.0,
        "EBITDA": 1362000000.0,
        "EBIT": 1116000000.0,
        "Net Interest Income": -87000000.0,
        "Interest Expense": 87000000.0,
        "Interest Income": 18000000.0,
        "Normalized Income": 790000000.0,
        "Net Income From Continuing And Discontinued Operation": 790000000.0,
        "Total Expenses": 7546000000.0,
        "Total Operating Income As Reported": 1026000000.0,
        "Diluted Average Shares": 142400000.0,
        "Basic Average Shares": 141500000.0,
        "Diluted EPS": 5.55,
        "Basic EPS": 5.58,
        "Diluted NI Availto Com Stockholders": 790000000.0,
        "Net Income Common Stockholders": 790000000.0,
        "Net Income": 790000000.0,
        "Minority Interests": -16000000.0,
        "Net Income Including Noncontrolling Interests": 806000000.0,
        "Net Income Continuous Operations": 806000000.0,
        "Tax Provision": 223000000.0,
        "Pretax Income": 1029000000.0,
        "Other Income Expense": 209000000.0,
        "Other Non Operating Income Expenses": 90000000.0,
        "Special Income Charges": 18000000.0,
        "Gain On Sale Of Ppe": NaN,
        "Other Special Charges": -19000000.0,
        "Write Off": 1000000.0,
        "Earnings From Equity Interest": 119000000.0,
        "Gain On Sale Of Security": 17000000.0,
        "Net Non Operating Interest Income Expense": -87000000.0,
        "Interest Expense Non Operating": 87000000.0,
        "Interest Income Non Operating": 18000000.0,
        "Operating Income": 907000000.0,
        "Operating Expense": 1122000000.0,
        "Other Operating Expenses": 19000000.0,
        "Depreciation Amortization Depletion Income Statement": 32000000.0,
        "Depreciation And Amortization In Income Statement": 32000000.0,
        "Amortization": 32000000.0,
        "Amortization Of Intangibles Income Statement": 32000000.0,
        "Research And Development": 350000000.0,
        "Selling General And Administration": 753000000.0,
        "Gross Profit": 2029000000.0,
        "Cost Of Revenue": 6424000000.0,
        "Total Revenue": 8453000000.0,
        "Operating Revenue": 8453000000.0
    },
    "2022-12-31": {
        "Tax Effect Of Unusual Items": 0.0,
        "Tax Rate For Calcs": 0.172,
        "Normalized EBITDA": 865000000.0,
        "Total Unusual Items": 3000000.0,
        "Total Unusual Items Excluding Goodwill": 3000000.0,
        "Net Income From Continuing Operation Net Minority Interest": 631000000.0,
        "Reconciled Depreciation": 240000000.0,
        "Reconciled Cost Of Revenue": 5951000000.0,
        "EBITDA": 865000000.0,
        "EBIT": 865000000.0,
        "Net Interest Income": -87000000.0,
        "Interest Expense": 87000000.0,
        "Interest Income": 20000000.0,
        "Normalized Income": 631000000.0,
        "Net Income From Continuing And Discontinued Operation": 631000000.0,
        "Total Expenses": 7056000000.0,
        "Total Operating Income As Reported": 802000000.0,
        "Diluted Average Shares": 142300000.0,
        "Basic Average Shares": 141300000.0,
        "Diluted EPS": 4.43,
        "Basic EPS": 4.47,
        "Diluted NI Availto Com Stockholders": 631000000.0,
        "Net Income Common Stockholders": 631000000.0,
        "Net Income": 631000000.0,
        "Minority Interests": -13000000.0,
        "Net Income Including Noncontrolling Interests": 644000000.0,
        "Net Income Continuous Operations": 644000000.0,
        "Tax Provision": 134000000.0,
        "Pretax Income": 778000000.0,
        "Other Income Expense": 151000000.0,
        "Other Non Operating Income Expenses": 63000000.0,
        "Special Income Charges": 13000000.0,
        "Gain On Sale Of Ppe": 0.0,
        "Other Special Charges": -12000000.0,
        "Write Off": -1000000.0,
        "Earnings From Equity Interest": 88000000.0,
        "Gain On Sale Of Security": -10000000.0,
        "Net Non Operating Interest Income Expense": -87000000.0,
        "Interest Expense Non Operating": 87000000.0,
        "Interest Income Non Operating": 20000000.0,
        "Operating Income": 714000000.0,
        "Operating Expense": 1105000000.0,
        "Other Operating Expenses": 30000000.0,
        "Depreciation Amortization Depletion Income Statement": 31000000.0,
        "Depreciation And Amortization In Income Statement": 31000000.0,
        "Amortization": 31000000.0,
        "Amortization Of Intangibles Income Statement": 31000000.0,
        "Research And Development": 333000000.0,
        "Selling General And Administration": 742000000.0,
        "Gross Profit": 1819000000.0,
        "Cost Of Revenue": 5951000000.0,
        "Total Revenue": 7770000000.0,
        "Operating Revenue": 7770000000.0
    },
    "2022-09-30": {
        "Tax Effect Of Unusual Items": 0.0,
        "Tax Rate For Calcs": 0.327,
        "Normalized EBITDA": 885000000.0,
        "Total Unusual Items": -12000000.0,
        "Total Unusual Items Excluding Goodwill": -12000000.0,
        "Net Income From Continuing Operation Net Minority Interest": 400000000.0,
        "Reconciled Depreciation": 216000000.0,
        "Reconciled Cost Of Revenue": 5691000000.0,
        "EBITDA": 885000000.0,
        "EBIT": 669000000.0,
        "Net Interest Income": -61000000.0,
        "Interest Expense": 61000000.0,
        "Interest Income": 14000000.0,
        "Normalized Income": 400000000.0,
        "Net Income From Continuing And Discontinued Operation": 400000000.0,
        "Total Expenses": 6777000000.0,
        "Total Operating Income As Reported": 626000000.0,
        "Diluted Average Shares": 142000000.0,
        "Basic Average Shares": 141100000.0,
        "Diluted EPS": 2.82,
        "Basic EPS": 2.83,
        "Diluted NI Availto Com Stockholders": 400000000.0,
        "Net Income Common Stockholders": 400000000.0,
        "Net Income": 400000000.0,
        "Minority Interests": -9000000.0,
        "Net Income Including Noncontrolling Interests": 409000000.0,
        "Net Income Continuous Operations": 409000000.0,
        "Tax Provision": 199000000.0,
        "Pretax Income": 608000000.0,
        "Other Income Expense": 113000000.0,
        "Other Non Operating Income Expenses": 43000000.0,
        "Special Income Charges": -29000000.0,
        "Gain On Sale Of Ppe": 0.0,
        "Other Special Charges": 29000000.0,
        "Write Off": 0.0,
        "Earnings From Equity Interest": 70000000.0,
        "Gain On Sale Of Security": 17000000.0,
        "Net Non Operating Interest Income Expense": -61000000.0,
        "Interest Expense Non Operating": 61000000.0,
        "Interest Income Non Operating": 14000000.0,
        "Operating Income": 556000000.0,
        "Operating Expense": 1086000000.0,
        "Other Operating Expenses": 30000000.0,
        "Depreciation Amortization Depletion Income Statement": 25000000.0,
        "Depreciation And Amortization In Income Statement": 25000000.0,
        "Amortization": 25000000.0,
        "Amortization Of Intangibles Income Statement": 25000000.0,
        "Research And Development": 348000000.0,
        "Selling General And Administration": 708000000.0,
        "Gross Profit": 1642000000.0,
        "Cost Of Revenue": 5691000000.0,
        "Total Revenue": 7333000000.0,
        "Operating Revenue": 7333000000.0
    },
    "2022-06-30": {
        "Tax Effect Of Unusual Items": 0.0,
        "Tax Rate For Calcs": 0.173,
        "Normalized EBITDA": 1056000000.0,
        "Total Unusual Items": -57000000.0,
        "Total Unusual Items Excluding Goodwill": -57000000.0,
        "Net Income From Continuing Operation Net Minority Interest": 702000000.0,
        "Reconciled Depreciation": 167000000.0,
        "Reconciled Cost Of Revenue": 4860000000.0,
        "EBITDA": 1056000000.0,
        "EBIT": 889000000.0,
        "Net Interest Income": -34000000.0,
        "Interest Expense": 34000000.0,
        "Interest Income": 7000000.0,
        "Normalized Income": 702000000.0,
        "Net Income From Continuing And Discontinued Operation": 702000000.0,
        "Total Expenses": 5784000000.0,
        "Total Operating Income As Reported": 897000000.0,
        "Diluted Average Shares": 142000000.0,
        "Basic Average Shares": 141200000.0,
        "Diluted EPS": 4.94,
        "Basic EPS": 4.97,
        "Diluted NI Availto Com Stockholders": 702000000.0,
        "Net Income Common Stockholders": 702000000.0,
        "Net Income": 702000000.0,
        "Minority Interests": -5000000.0,
        "Net Income Including Noncontrolling Interests": 707000000.0,
        "Net Income Continuous Operations": 707000000.0,
        "Tax Provision": 148000000.0,
        "Pretax Income": 855000000.0,
        "Other Income Expense": 87000000.0,
        "Other Non Operating Income Expenses": -8000000.0,
        "Special Income Charges": -51000000.0,
        "Gain On Sale Of Ppe": 0.0,
        "Other Special Charges": 48000000.0,
        "Write Off": 3000000.0,
        "Earnings From Equity Interest": 95000000.0,
        "Gain On Sale Of Security": -6000000.0,
        "Net Non Operating Interest Income Expense": -34000000.0,
        "Interest Expense Non Operating": 34000000.0,
        "Interest Income Non Operating": 7000000.0,
        "Operating Income": 802000000.0,
        "Operating Expense": 924000000.0,
        "Other Operating Expenses": 3000000.0,
        "Depreciation Amortization Depletion Income Statement": 9000000.0,
        "Depreciation And Amortization In Income Statement": 9000000.0,
        "Amortization": 9000000.0,
        "Amortization Of Intangibles Income Statement": 9000000.0,
        "Research And Development": 299000000.0,
        "Selling General And Administration": 622000000.0,
        "Gross Profit": 1726000000.0,
        "Cost Of Revenue": 4860000000.0,
        "Total Revenue": 6586000000.0,
        "Operating Revenue": 6586000000.0
    },
    "2023-06-30": {
        "Tax Effect Of Unusual Items": 0.0,
        "Tax Rate For Calcs": 0.223,
        "Normalized EBITDA": 1305000000.0,
        "Total Unusual Items": -8000000.0,
        "Total Unusual Items Excluding Goodwill": -8000000.0,
        "Net Income From Continuing Operation Net Minority Interest": 720000000.0,
        "Reconciled Depreciation": 257000000.0,
        "Reconciled Cost Of Revenue": 6490000000.0,
        "EBITDA": 1305000000.0,
        "EBIT": 1048000000.0,
        "Net Interest Income": -99000000.0,
        "Interest Expense": 99000000.0,
        "Interest Income": 25000000.0,
        "Normalized Income": 720000000.0,
        "Net Income From Continuing And Discontinued Operation": 720000000.0,
        "Total Expenses": 7774000000.0,
        "Total Operating Income As Reported": 997000000.0,
        "Diluted Average Shares": 142500000.0,
        "Basic Average Shares": 141700000.0,
        "Diluted EPS": 5.05,
        "Basic EPS": 5.08,
        "Diluted NI Availto Com Stockholders": 720000000.0,
        "Net Income Common Stockholders": 720000000.0,
        "Net Income": 720000000.0,
        "Minority Interests": -17000000.0,
        "Net Income Including Noncontrolling Interests": 737000000.0,
        "Net Income Continuous Operations": 737000000.0,
        "Tax Provision": 212000000.0,
        "Pretax Income": 949000000.0,
        "Other Income Expense": 184000000.0,
        "Other Non Operating Income Expenses": 51000000.0,
        "Special Income Charges": 0.0,
        "Gain On Sale Of Ppe": NaN,
        "Other Special Charges": -1000000.0,
        "Write Off": 1000000.0,
        "Earnings From Equity Interest": 133000000.0,
        "Gain On Sale Of Security": -8000000.0,
        "Net Non Operating Interest Income Expense": -99000000.0,
        "Interest Expense Non Operating": 99000000.0,
        "Interest Income Non Operating": 25000000.0,
        "Operating Income": 864000000.0,
        "Operating Expense": 1284000000.0,
        "Other Operating Expenses": 27000000.0,
        "Depreciation Amortization Depletion Income Statement": 34000000.0,
        "Depreciation And Amortization In Income Statement": 34000000.0,
        "Amortization": 34000000.0,
        "Amortization Of Intangibles Income Statement": 34000000.0,
        "Research And Development": 384000000.0,
        "Selling General And Administration": 873000000.0,
        "Gross Profit": 2148000000.0,
        "Cost Of Revenue": 6490000000.0,
        "Total Revenue": 8638000000.0,
        "Operating Revenue": 8638000000.0
    },
    "2022-03-31": {
        "Diluted EPS": 2.92,
        "Total Revenue": NaN,
        "Gross Profit": NaN,
        "Operating Income": 604,
        "EBIT": 765,
        "Net Income": 418
    },
    "2021-12-31": {
        "Diluted EPS": 2.75,
        "Total Revenue": NaN,
        "Gross Profit": NaN,
        "Operating Income": 495,
        "EBIT": 660,
        "Net Income": 394
    },
    "2021-09-30": {
        "Diluted EPS": 3.69,
        "Total Revenue": NaN,
        "Gross Profit": NaN,
        "Operating Income": 666,
        "EBIT": 826,
        "Net Income": 534
    },
    "2021-06-30": {
        "Diluted EPS": 4.1,
        "Total Revenue": NaN,
        "Gross Profit": NaN,
        "Operating Income": 735,
        "EBIT": 902,
        "Net Income": 600
    },
    "2021-03-31": {
        "Diluted EPS": 4.07,
        "Total Revenue": NaN,
        "Gross Profit": NaN,
        "Operating Income": 810,
        "EBIT": 980,
        "Net Income": 603
    },
    "2020-12-31": {
        "Diluted EPS": 3.38,
        "Total Revenue": NaN,
        "Gross Profit": NaN,
        "Operating Income": 629,
        "EBIT": 803,
        "Net Income": 501
    },
    "2020-09-30": {
        "Diluted EPS": 3.36,
        "Total Revenue": NaN,
        "Gross Profit": NaN,
        "Operating Income": 670,
        "EBIT": 836,
        "Net Income": 501
    },
    "2020-06-30": {
        "Diluted EPS": 1.86,
        "Total Revenue": NaN,
        "Gross Profit": 890,
        "Operating Income": 336,
        "EBIT": 501,
        "Net Income": 276
    },
    "2020-03-31": {
        "Diluted EPS": 3.41,
        "Total Revenue": NaN,
        "Gross Profit": NaN,
        "Operating Income": 634,
        "EBIT": 802,
        "Net Income": 511
    },
    "2019-12-31": {
        "Diluted EPS": 2.04,
        "Total Revenue": NaN,
        "Gross Profit": NaN,
        "Operating Income": 354,
        "EBIT": 533,
        "Net Income": 300
    },
    "2019-09-30": {
        "Diluted EPS": 3.97,
        "Total Revenue": NaN,
        "Gross Profit": NaN,
        "Operating Income": 699,
        "EBIT": 877,
        "Net Income": 622
    },
    "2019-06-30": {
        "Diluted EPS": 4.27,
        "Total Revenue": NaN,
        "Gross Profit": NaN,
        "Operating Income": 848,
        "EBIT": NaN,
        "Net Income": 675
    },
    "2019-03-31": {
        "Diluted EPS": 4.2,
        "Total Revenue": NaN,
        "Gross Profit": NaN,
        "Operating Income": 799,
        "EBIT": 956,
        "Net Income": 663
    },
    "2018-12-31": {
        "Diluted EPS": 3.59,
        "Total Revenue": NaN,
        "Gross Profit": NaN,
        "Operating Income": 731,
        "EBIT": 886,
        "Net Income": 579
    },
    "2018-09-30": {
        "Diluted EPS": 4.28,
        "Total Revenue": NaN,
        "Gross Profit": NaN,
        "Operating Income": 803,
        "EBIT": 951,
        "Net Income": 692
    },
    "2018-06-30": {
        "Diluted EPS": 3.32,
        "Total Revenue": NaN,
        "Gross Profit": NaN,
        "Operating Income": 722,
        "EBIT": 876,
        "Net Income": 545
    },
    "2018-03-31": {
        "Diluted EPS": 1.96,
        "Total Revenue": NaN,
        "Gross Profit": NaN,
        "Operating Income": 530,
        "EBIT": 684,
        "Net Income": 325
    },
    "2017-12-31": {
        "Diluted EPS": -1.63,
        "Total Revenue": NaN,
        "Gross Profit": NaN,
        "Operating Income": 586,
        "EBIT": 736,
        "Net Income": -274
    },
    "2017-09-30": {
        "Diluted EPS": 2.71,
        "Total Revenue": NaN,
        "Gross Profit": NaN,
        "Operating Income": 622,
        "EBIT": 771,
        "Net Income": 453
    },
    "2017-06-30": {
        "Diluted EPS": 2.53,
        "Total Revenue": NaN,
        "Gross Profit": NaN,
        "Operating Income": 586,
        "EBIT": 731,
        "Net Income": 424
    },
    "2017-03-31": {
        "Diluted EPS": 2.36,
        "Total Revenue": NaN,
        "Gross Profit": NaN,
        "Operating Income": 540,
        "EBIT": 679,
        "Net Income": 396
    },
    "2016-12-31": {
        "Diluted EPS": 2.24,
        "Total Revenue": NaN,
        "Gross Profit": NaN,
        "Operating Income": 459,
        "EBIT": 598,
        "Net Income": 378
    },
    "2016-09-30": {
        "Diluted EPS": 1.72,
        "Total Revenue": NaN,
        "Gross Profit": NaN,
        "Operating Income": 384,
        "EBIT": 516,
        "Net Income": 289
    },
    "2016-06-30": {
        "Diluted EPS": 2.4,
        "Total Revenue": NaN,
        "Gross Profit": NaN,
        "Operating Income": 567,
        "EBIT": 698,
        "Net Income": 406
    },
    "2016-03-31": {
        "Diluted EPS": 1.87,
        "Total Revenue": NaN,
        "Gross Profit": NaN,
        "Operating Income": 470,
        "EBIT": 598,
        "Net Income": 321
    },
    "2015-12-31": {
        "Diluted EPS": 0.94,
        "Total Revenue": NaN,
        "Gross Profit": NaN,
        "Operating Income": 229,
        "EBIT": 360,
        "Net Income": 161
    },
    "2015-09-30": {
        "Diluted EPS": 2.14,
        "Total Revenue": NaN,
        "Gross Profit": NaN,
        "Operating Income": 557,
        "EBIT": 686,
        "Net Income": 380
    },
    "2015-06-30": {
        "Diluted EPS": 2.62,
        "Total Revenue": NaN,
        "Gross Profit": NaN,
        "Operating Income": 723,
        "EBIT": 849,
        "Net Income": 471
    },
    "2015-03-31": {
        "Diluted EPS": 2.14,
        "Total Revenue": NaN,
        "Gross Profit": NaN,
        "Operating Income": 548,
        "EBIT": 676,
        "Net Income": 387
    },
    "2014-12-31": {
        "Diluted EPS": 2.44,
        "Total Revenue": NaN,
        "Gross Profit": NaN,
        "Operating Income": 581,
        "EBIT": 706,
        "Net Income": 444
    },
    "2014-09-30": {
        "Diluted EPS": 2.32,
        "Total Revenue": NaN,
        "Gross Profit": NaN,
        "Operating Income": 659,
        "EBIT": 772,
        "Net Income": 423
    },
    "2014-06-30": {
        "Diluted EPS": 2.43,
        "Total Revenue": NaN,
        "Gross Profit": NaN,
        "Operating Income": 612,
        "EBIT": 724,
        "Net Income": 446
    },
    "2014-03-31": {
        "Diluted EPS": 1.83,
        "Total Revenue": NaN,
        "Gross Profit": NaN,
        "Operating Income": 513,
        "EBIT": 618,
        "Net Income": 338
    },
    "2013-12-31": {
        "Diluted EPS": 2.32,
        "Total Revenue": NaN,
        "Gross Profit": NaN,
        "Operating Income": 553,
        "EBIT": 655,
        "Net Income": 432
    },
    "2013-09-30": {
        "Diluted EPS": 1.9,
        "Total Revenue": NaN,
        "Gross Profit": NaN,
        "Operating Income": 524,
        "EBIT": 629,
        "Net Income": 355
    },
    "2013-06-30": {
        "Diluted EPS": 2.2,
        "Total Revenue": NaN,
        "Gross Profit": NaN,
        "Operating Income": 610,
        "EBIT": 712,
        "Net Income": 414
    },
    "2013-03-31": {
        "Diluted EPS": 1.49,
        "Total Revenue": NaN,
        "Gross Profit": 957,
        "Operating Income": 414,
        "EBIT": 512,
        "Net Income": 282
    },
    "2012-12-31": {
        "Diluted EPS": 1.96,
        "Total Revenue": NaN,
        "Gross Profit": 966,
        "Operating Income": 465,
        "EBIT": 564,
        "Net Income": 369
    },
    "2012-09-30": {
        "Diluted EPS": 1.86,
        "Total Revenue": NaN,
        "Gross Profit": NaN,
        "Operating Income": 493,
        "EBIT": 584,
        "Net Income": 352
    },
    "2012-06-30": {
        "Diluted EPS": 2.47,
        "Total Revenue": NaN,
        "Gross Profit": NaN,
        "Operating Income": 648,
        "EBIT": 734,
        "Net Income": 469
    },
    "2012-03-31": {
        "Diluted EPS": 2.38,
        "Total Revenue": NaN,
        "Gross Profit": NaN,
        "Operating Income": 648,
        "EBIT": 733,
        "Net Income": 455
    },
    "2011-12-31": {
        "Diluted EPS": 2.85,
        "Total Revenue": NaN,
        "Gross Profit": NaN,
        "Operating Income": 745,
        "EBIT": 827,
        "Net Income": 548
    },
    "2011-09-30": {
        "Diluted EPS": 2.35,
        "Total Revenue": NaN,
        "Gross Profit": NaN,
        "Operating Income": 639,
        "EBIT": 723,
        "Net Income": 452
    },
    "2011-06-30": {
        "Diluted EPS": 2.6,
        "Total Revenue": NaN,
        "Gross Profit": NaN,
        "Operating Income": 768,
        "EBIT": 848,
        "Net Income": 505
    },
    "2011-03-31": {
        "Diluted EPS": 1.75,
        "Total Revenue": NaN,
        "Gross Profit": 957,
        "Operating Income": 529,
        "EBIT": 608,
        "Net Income": 343
    },
    "2010-12-31": {
        "Diluted EPS": 1.84,
        "Total Revenue": NaN,
        "Gross Profit": 984,
        "Operating Income": 525,
        "EBIT": 606,
        "Net Income": 362
    },
    "2010-09-30": {
        "Diluted EPS": 1.44,
        "Total Revenue": NaN,
        "Gross Profit": 830,
        "Operating Income": 435,
        "EBIT": 513,
        "Net Income": 283
    },
    "2010-06-30": {
        "Diluted EPS": 1.25,
        "Total Revenue": NaN,
        "Gross Profit": 753,
        "Operating Income": 396,
        "EBIT": 478,
        "Net Income": 246
    },
    "2010-03-31": {
        "Diluted EPS": 0.75,
        "Total Revenue": NaN,
        "Gross Profit": 601,
        "Operating Income": 246,
        "EBIT": 325,
        "Net Income": 149
    },
    "2009-12-31": {
        "Diluted EPS": 1.36,
        "Total Revenue": NaN,
        "Gross Profit": 773,
        "Operating Income": 385,
        "EBIT": 473,
        "Net Income": 270
    },
    "2009-09-30": {
        "Diluted EPS": 0.48,
        "Total Revenue": NaN,
        "Gross Profit": 503,
        "Operating Income": 147,
        "EBIT": 231,
        "Net Income": 95
    },
    "2009-06-30": {
        "Diluted EPS": 0.28,
        "Total Revenue": NaN,
        "Gross Profit": 448,
        "Operating Income": 121,
        "EBIT": 199,
        "Net Income": 56
    },
    "2009-03-31": {
        "Diluted EPS": 0.04,
        "Total Revenue": NaN,
        "Gross Profit": 445,
        "Operating Income": 29,
        "EBIT": 105,
        "Net Income": 7
    }
}