{
    "2023-03-31": {
        "Tax Effect Of Unusual Items": NaN,
        "Tax Rate For Calcs": NaN,
        "Normalized EBITDA": NaN,
        "Total Unusual Items": NaN,
        "Total Unusual Items Excluding Goodwill": NaN,
        "Net Income From Continuing Operation Net Minority Interest": NaN,
        "Reconciled Depreciation": NaN,
        "EBITDA": NaN,
        "EBIT": NaN,
        "Net Interest Income": 0.0,
        "Interest Expense": 0.0,
        "Interest Income": NaN,
        "Normalized Income": NaN,
        "Net Income From Continuing And Discontinued Operation": NaN,
        "Total Expenses": NaN,
        "Total Operating Income As Reported": NaN,
        "Diluted Average Shares": 42725863.0,
        "Basic Average Shares": 42725863.0,
        "Diluted EPS": -0.57,
        "Basic EPS": -0.57,
        "Diluted NI Availto Com Stockholders": NaN,
        "Net Income Common Stockholders": NaN,
        "Net Income": NaN,
        "Net Income Including Noncontrolling Interests": NaN,
        "Net Income Continuous Operations": NaN,
        "Tax Provision": NaN,
        "Pretax Income": NaN,
        "Other Income Expense": NaN,
        "Other Non Operating Income Expenses": NaN,
        "Gain On Sale Of Security": NaN,
        "Net Non Operating Interest Income Expense": 0.0,
        "Interest Expense Non Operating": 0.0,
        "Interest Income Non Operating": NaN,
        "Operating Income": NaN,
        "Operating Expense": NaN,
        "Other Taxes": NaN,
        "Research And Development": NaN,
        "Selling General And Administration": NaN,
        "General And Administrative Expense": NaN,
        "Other Gand A": NaN,
        "Salaries And Wages": NaN,
        "Total Revenue": NaN,
        "Operating Revenue": NaN
    },
    "2022-12-31": {
        "Tax Effect Of Unusual Items": NaN,
        "Tax Rate For Calcs": NaN,
        "Normalized EBITDA": NaN,
        "Total Unusual Items": NaN,
        "Total Unusual Items Excluding Goodwill": NaN,
        "Net Income From Continuing Operation Net Minority Interest": NaN,
        "Reconciled Depreciation": NaN,
        "EBITDA": NaN,
        "EBIT": NaN,
        "Net Interest Income": NaN,
        "Interest Expense": NaN,
        "Normalized Income": NaN,
        "Net Income From Continuing And Discontinued Operation": NaN,
        "Total Expenses": NaN,
        "Total Operating Income As Reported": NaN,
        "Diluted Average Shares": 42436292.0,
        "Basic Average Shares": 42436292.0,
        "Diluted EPS": -0.73,
        "Basic EPS": -0.73,
        "Diluted NI Availto Com Stockholders": NaN,
        "Net Income Common Stockholders": NaN,
        "Net Income": NaN,
        "Net Income Including Noncontrolling Interests": NaN,
        "Net Income Continuous Operations": NaN,
        "Tax Provision": NaN,
        "Pretax Income": NaN,
        "Other Income Expense": NaN,
        "Other Non Operating Income Expenses": NaN,
        "Gain On Sale Of Security": NaN,
        "Net Non Operating Interest Income Expense": NaN,
        "Interest Expense Non Operating": NaN,
        "Operating Income": NaN,
        "Operating Expense": NaN,
        "Other Taxes": NaN,
        "Research And Development": NaN,
        "Selling General And Administration": NaN,
        "General And Administrative Expense": NaN,
        "Other Gand A": NaN,
        "Salaries And Wages": NaN,
        "Total Revenue": NaN,
        "Operating Revenue": NaN
    },
    "2022-09-30": {
        "Tax Effect Of Unusual Items": NaN,
        "Tax Rate For Calcs": NaN,
        "Normalized EBITDA": NaN,
        "Total Unusual Items": NaN,
        "Total Unusual Items Excluding Goodwill": NaN,
        "Net Income From Continuing Operation Net Minority Interest": NaN,
        "Reconciled Depreciation": NaN,
        "EBITDA": NaN,
        "EBIT": NaN,
        "Net Interest Income": 0.0,
        "Interest Expense": 0.0,
        "Normalized Income": NaN,
        "Net Income From Continuing And Discontinued Operation": NaN,
        "Total Expenses": NaN,
        "Total Operating Income As Reported": NaN,
        "Diluted Average Shares": NaN,
        "Basic Average Shares": NaN,
        "Diluted EPS": NaN,
        "Basic EPS": NaN,
        "Diluted NI Availto Com Stockholders": NaN,
        "Net Income Common Stockholders": NaN,
        "Net Income": NaN,
        "Net Income Including Noncontrolling Interests": NaN,
        "Net Income Continuous Operations": NaN,
        "Tax Provision": NaN,
        "Pretax Income": NaN,
        "Other Income Expense": NaN,
        "Other Non Operating Income Expenses": NaN,
        "Gain On Sale Of Security": NaN,
        "Net Non Operating Interest Income Expense": 0.0,
        "Interest Expense Non Operating": 0.0,
        "Operating Income": NaN,
        "Operating Expense": NaN,
        "Other Taxes": NaN,
        "Research And Development": NaN,
        "Selling General And Administration": NaN,
        "General And Administrative Expense": NaN,
        "Other Gand A": NaN,
        "Salaries And Wages": NaN,
        "Total Revenue": NaN,
        "Operating Revenue": NaN
    },
    "2022-06-30": {
        "Tax Effect Of Unusual Items": 783200.0,
        "Tax Rate For Calcs": 0.4,
        "Normalized EBITDA": -25044000.0,
        "Total Unusual Items": 1958000.0,
        "Total Unusual Items Excluding Goodwill": 1958000.0,
        "Net Income From Continuing Operation Net Minority Interest": -21037000.0,
        "Reconciled Depreciation": 93000.0,
        "EBITDA": -23086000.0,
        "EBIT": -23179000.0,
        "Normalized Income": -22211800.0,
        "Net Income From Continuing And Discontinued Operation": -21037000.0,
        "Total Expenses": 23179000.0,
        "Total Operating Income As Reported": -27256000.0,
        "Diluted Average Shares": 42474987.0,
        "Basic Average Shares": 42474987.0,
        "Diluted EPS": -0.5,
        "Basic EPS": -0.5,
        "Diluted NI Availto Com Stockholders": -21037000.0,
        "Net Income Common Stockholders": -21037000.0,
        "Net Income": -21037000.0,
        "Net Income Including Noncontrolling Interests": -21037000.0,
        "Net Income Continuous Operations": -21037000.0,
        "Tax Provision": 56000.0,
        "Pretax Income": -20981000.0,
        "Other Income Expense": 2198000.0,
        "Other Non Operating Income Expenses": 240000.0,
        "Gain On Sale Of Security": 1958000.0,
        "Operating Income": -23179000.0,
        "Operating Expense": 23179000.0,
        "Other Taxes": -4077000.0,
        "Research And Development": 15920000.0,
        "Selling General And Administration": 11336000.0,
        "General And Administrative Expense": 11336000.0,
        "Other Gand A": 6209000.0,
        "Salaries And Wages": 5127000.0,
        "Total Revenue": 0.0,
        "Operating Revenue": 0.0
    },
    "2022-03-31": {
        "Diluted EPS": -0.5,
        "Total Revenue": NaN,
        "Gross Profit": NaN,
        "Operating Income": -25,
        "EBIT": -25,
        "Net Income": -21
    },
    "2021-12-31": {
        "Diluted EPS": -0.62,
        "Total Revenue": NaN,
        "Gross Profit": NaN,
        "Operating Income": -28,
        "EBIT": -28,
        "Net Income": -26
    },
    "2021-09-30": {
        "Diluted EPS": -0.38,
        "Total Revenue": NaN,
        "Gross Profit": NaN,
        "Operating Income": -22,
        "EBIT": -22,
        "Net Income": -16
    },
    "2021-06-30": {
        "Diluted EPS": -0.44,
        "Total Revenue": NaN,
        "Gross Profit": NaN,
        "Operating Income": -20,
        "EBIT": -19,
        "Net Income": -18
    },
    "2021-03-31": {
        "Diluted EPS": -0.35,
        "Total Revenue": NaN,
        "Gross Profit": NaN,
        "Operating Income": -14,
        "EBIT": -14,
        "Net Income": -13
    },
    "2020-12-31": {
        "Diluted EPS": 0.33,
        "Total Revenue": NaN,
        "Gross Profit": NaN,
        "Operating Income": -12,
        "EBIT": -11,
        "Net Income": -19
    },
    "2020-09-30": {
        "Diluted EPS": -1.3,
        "Total Revenue": NaN,
        "Gross Profit": NaN,
        "Operating Income": -13,
        "EBIT": -13,
        "Net Income": -17
    },
    "2020-06-30": {
        "Diluted EPS": 0.0,
        "Total Revenue": NaN,
        "Gross Profit": NaN,
        "Operating Income": NaN,
        "Net Income": NaN
    },
    "2020-03-31": {
        "Diluted EPS": -0.93,
        "Total Revenue": NaN,
        "Gross Profit": NaN,
        "Operating Income": -9,
        "EBIT": -9,
        "Net Income": -9
    },
    "2019-12-31": {
        "Diluted EPS": 0.0,
        "Total Revenue": NaN,
        "Gross Profit": NaN,
        "Operating Income": NaN,
        "EBIT": NaN,
        "Net Income": NaN
    },
    "2019-09-30": {
        "Diluted EPS": -1.0,
        "Total Revenue": NaN,
        "Gross Profit": NaN,
        "Operating Income": -6,
        "EBIT": -6,
        "Net Income": -6
    },
    "2018-12-31": {
        "Diluted EPS": 0.0,
        "Total Revenue": NaN,
        "Gross Profit": NaN,
        "Operating Income": NaN,
        "EBIT": NaN,
        "Net Income": NaN
    },
    "2023-06-30": {
        "Tax Effect Of Unusual Items": 261440.0,
        "Tax Rate For Calcs": 0.19,
        "Normalized EBITDA": -31410000.0,
        "Total Unusual Items": 1376000.0,
        "Total Unusual Items Excluding Goodwill": 1376000.0,
        "Net Income From Continuing Operation Net Minority Interest": -28335000.0,
        "Reconciled Depreciation": 110000.0,
        "EBITDA": -30034000.0,
        "EBIT": -30144000.0,
        "Net Interest Income": NaN,
        "Interest Expense": NaN,
        "Interest Income": NaN,
        "Normalized Income": -29449560.0,
        "Net Income From Continuing And Discontinued Operation": -28335000.0,
        "Total Expenses": 30144000.0,
        "Total Operating Income As Reported": -32664000.0,
        "Diluted Average Shares": 45565991.0,
        "Basic Average Shares": 45565991.0,
        "Diluted EPS": -0.62,
        "Basic EPS": -0.62,
        "Diluted NI Availto Com Stockholders": -28335000.0,
        "Net Income Common Stockholders": -28335000.0,
        "Net Income": -28335000.0,
        "Net Income Including Noncontrolling Interests": -28335000.0,
        "Net Income Continuous Operations": -28335000.0,
        "Tax Provision": 194000.0,
        "Pretax Income": -28141000.0,
        "Other Income Expense": 2003000.0,
        "Other Non Operating Income Expenses": 627000.0,
        "Gain On Sale Of Security": 1376000.0,
        "Net Non Operating Interest Income Expense": NaN,
        "Interest Expense Non Operating": NaN,
        "Interest Income Non Operating": NaN,
        "Operating Income": -30144000.0,
        "Operating Expense": 30144000.0,
        "Other Taxes": -2520000.0,
        "Research And Development": 19818000.0,
        "Selling General And Administration": 12846000.0,
        "General And Administrative Expense": 12846000.0,
        "Other Gand A": 6184000.0,
        "Salaries And Wages": 6662000.0,
        "Total Revenue": 0.0,
        "Operating Revenue": 0.0
    },
    "2023-09-30": {
        "Tax Effect Of Unusual Items": -379430.0,
        "Tax Rate For Calcs": 0.19,
        "Normalized EBITDA": -30064000.0,
        "Total Unusual Items": -1997000.0,
        "Total Unusual Items Excluding Goodwill": -1997000.0,
        "Net Income From Continuing Operation Net Minority Interest": -33389000.0,
        "Reconciled Depreciation": 186000.0,
        "EBITDA": -32061000.0,
        "EBIT": -32247000.0,
        "Net Interest Income": -1080000.0,
        "Interest Expense": 1080000.0,
        "Interest Income": NaN,
        "Normalized Income": -31771430.0,
        "Net Income From Continuing And Discontinued Operation": -33389000.0,
        "Total Expenses": 31377000.0,
        "Total Operating Income As Reported": -34062000.0,
        "Diluted Average Shares": 49633104.0,
        "Basic Average Shares": 49633104.0,
        "Diluted EPS": -0.67,
        "Basic EPS": -0.67,
        "Diluted NI Availto Com Stockholders": -33389000.0,
        "Net Income Common Stockholders": -33389000.0,
        "Net Income": -33389000.0,
        "Net Income Including Noncontrolling Interests": -33389000.0,
        "Net Income Continuous Operations": -33389000.0,
        "Tax Provision": 62000.0,
        "Pretax Income": -33327000.0,
        "Other Income Expense": -870000.0,
        "Other Non Operating Income Expenses": 1127000.0,
        "Gain On Sale Of Security": -1997000.0,
        "Net Non Operating Interest Income Expense": -1080000.0,
        "Interest Expense Non Operating": 1080000.0,
        "Interest Income Non Operating": NaN,
        "Operating Income": -31377000.0,
        "Operating Expense": 31377000.0,
        "Other Taxes": -2685000.0,
        "Research And Development": 21526000.0,
        "Selling General And Administration": 12536000.0,
        "General And Administrative Expense": 12536000.0,
        "Other Gand A": 6187000.0,
        "Salaries And Wages": 6349000.0,
        "Total Revenue": 0.0,
        "Operating Revenue": 0.0
    },
    "2023-12-31": {
        "Tax Effect Of Unusual Items": 308180.0,
        "Tax Rate For Calcs": 0.19,
        "Normalized EBITDA": -32636000.0,
        "Total Unusual Items": 1622000.0,
        "Total Unusual Items Excluding Goodwill": 1622000.0,
        "Net Income From Continuing Operation Net Minority Interest": -32532000.0,
        "Reconciled Depreciation": -102000.0,
        "EBITDA": -31014000.0,
        "EBIT": -31014000.0,
        "Net Interest Income": -1124000.0,
        "Interest Expense": 1124000.0,
        "Interest Income": NaN,
        "Normalized Income": -33845820.0,
        "Net Income From Continuing And Discontinued Operation": -32532000.0,
        "Total Expenses": 35051000.0,
        "Total Operating Income As Reported": -38405000.0,
        "Diluted Average Shares": NaN,
        "Basic Average Shares": NaN,
        "Diluted EPS": NaN,
        "Basic EPS": NaN,
        "Diluted NI Availto Com Stockholders": -32532000.0,
        "Net Income Common Stockholders": -32532000.0,
        "Net Income": -32532000.0,
        "Net Income Including Noncontrolling Interests": -32532000.0,
        "Net Income Continuous Operations": -32532000.0,
        "Tax Provision": 394000.0,
        "Pretax Income": -32138000.0,
        "Other Income Expense": 4037000.0,
        "Other Non Operating Income Expenses": 2415000.0,
        "Gain On Sale Of Security": 1622000.0,
        "Net Non Operating Interest Income Expense": -1124000.0,
        "Interest Expense Non Operating": 1124000.0,
        "Interest Income Non Operating": NaN,
        "Operating Income": -35051000.0,
        "Operating Expense": 35051000.0,
        "Other Taxes": -3354000.0,
        "Research And Development": 27139000.0,
        "Selling General And Administration": 11266000.0,
        "General And Administrative Expense": 11266000.0,
        "Other Gand A": 5260000.0,
        "Salaries And Wages": 6006000.0,
        "Total Revenue": 0.0,
        "Operating Revenue": 0.0
    },
    "2024-03-31": {
        "Tax Effect Of Unusual Items": -313200.0,
        "Tax Rate For Calcs": 0.4,
        "Normalized EBITDA": -33023000.0,
        "Total Unusual Items": -783000.0,
        "Total Unusual Items Excluding Goodwill": -783000.0,
        "Net Income From Continuing Operation Net Minority Interest": -35187000.0,
        "Reconciled Depreciation": 61000.0,
        "EBITDA": -33806000.0,
        "EBIT": -33867000.0,
        "Net Interest Income": -1098000.0,
        "Interest Expense": 1098000.0,
        "Interest Income": NaN,
        "Normalized Income": -34717200.0,
        "Net Income From Continuing And Discontinued Operation": -35187000.0,
        "Total Expenses": 35472000.0,
        "Total Operating Income As Reported": -38573000.0,
        "Diluted Average Shares": 64222178.0,
        "Basic Average Shares": 64222178.0,
        "Diluted EPS": -0.55,
        "Basic EPS": -0.55,
        "Diluted NI Availto Com Stockholders": -35187000.0,
        "Net Income Common Stockholders": -35187000.0,
        "Net Income": -35187000.0,
        "Net Income Including Noncontrolling Interests": -35187000.0,
        "Net Income Continuous Operations": -35187000.0,
        "Tax Provision": 222000.0,
        "Pretax Income": -34965000.0,
        "Other Income Expense": 1605000.0,
        "Other Non Operating Income Expenses": 2388000.0,
        "Gain On Sale Of Security": -783000.0,
        "Net Non Operating Interest Income Expense": -1098000.0,
        "Interest Expense Non Operating": 1098000.0,
        "Interest Income Non Operating": NaN,
        "Operating Income": -35472000.0,
        "Operating Expense": 35472000.0,
        "Other Taxes": -3101000.0,
        "Research And Development": 24901000.0,
        "Selling General And Administration": 13672000.0,
        "General And Administrative Expense": 13672000.0,
        "Other Gand A": 5656000.0,
        "Salaries And Wages": 8016000.0,
        "Total Revenue": 0.0,
        "Operating Revenue": 0.0
    },
    "2024-06-30": {
        "Tax Effect Of Unusual Items": 56250.0,
        "Tax Rate For Calcs": 0.25,
        "Normalized EBITDA": -36975000.0,
        "Total Unusual Items": 225000.0,
        "Total Unusual Items Excluding Goodwill": 225000.0,
        "Net Income From Continuing Operation Net Minority Interest": -38101000.0,
        "Reconciled Depreciation": 63000.0,
        "EBITDA": -36750000.0,
        "EBIT": -36813000.0,
        "Net Interest Income": 1296000.0,
        "Interest Expense": 1112000.0,
        "Interest Income": 2408000.0,
        "Normalized Income": -38269750.0,
        "Net Income From Continuing And Discontinued Operation": -38101000.0,
        "Total Expenses": 39613000.0,
        "Total Operating Income As Reported": -43322000.0,
        "Diluted Average Shares": 68371139.0,
        "Basic Average Shares": 68371139.0,
        "Diluted EPS": -0.56,
        "Basic EPS": -0.56,
        "Diluted NI Availto Com Stockholders": -38101000.0,
        "Net Income Common Stockholders": -38101000.0,
        "Net Income": -38101000.0,
        "Net Income Including Noncontrolling Interests": -38101000.0,
        "Net Income Continuous Operations": -38101000.0,
        "Tax Provision": 176000.0,
        "Pretax Income": -37925000.0,
        "Other Income Expense": 392000.0,
        "Other Non Operating Income Expenses": 167000.0,
        "Gain On Sale Of Security": 225000.0,
        "Net Non Operating Interest Income Expense": 1296000.0,
        "Interest Expense Non Operating": 1112000.0,
        "Interest Income Non Operating": 2408000.0,
        "Operating Income": -39613000.0,
        "Operating Expense": 39613000.0,
        "Other Taxes": -3709000.0,
        "Research And Development": 29069000.0,
        "Selling General And Administration": 14253000.0,
        "General And Administrative Expense": 14253000.0,
        "Other Gand A": 6323000.0,
        "Salaries And Wages": 7930000.0,
        "Total Revenue": 0.0,
        "Operating Revenue": 0.0
    }
}