{
    "2023-03-31": {
        "Tax Effect Of Unusual Items": NaN,
        "Tax Rate For Calcs": NaN,
        "Normalized EBITDA": NaN,
        "Total Unusual Items": NaN,
        "Total Unusual Items Excluding Goodwill": NaN,
        "Net Income From Continuing Operation Net Minority Interest": NaN,
        "Reconciled Depreciation": NaN,
        "Reconciled Cost Of Revenue": 0.0,
        "EBITDA": NaN,
        "EBIT": NaN,
        "Net Interest Income": NaN,
        "Interest Income": NaN,
        "Normalized Income": NaN,
        "Net Income From Continuing And Discontinued Operation": NaN,
        "Total Expenses": NaN,
        "Total Operating Income As Reported": NaN,
        "Diluted Average Shares": 88294624.0,
        "Basic Average Shares": 88294624.0,
        "Diluted EPS": -0.24,
        "Basic EPS": -0.24,
        "Diluted NI Availto Com Stockholders": NaN,
        "Net Income Common Stockholders": NaN,
        "Net Income": NaN,
        "Net Income Including Noncontrolling Interests": NaN,
        "Net Income Continuous Operations": NaN,
        "Tax Provision": NaN,
        "Pretax Income": NaN,
        "Other Income Expense": NaN,
        "Special Income Charges": NaN,
        "Gain On Sale Of Business": NaN,
        "Net Non Operating Interest Income Expense": NaN,
        "Interest Income Non Operating": NaN,
        "Operating Income": NaN,
        "Operating Expense": NaN,
        "Other Operating Expenses": NaN,
        "Research And Development": NaN,
        "Selling General And Administration": NaN,
        "General And Administrative Expense": NaN,
        "Other Gand A": NaN,
        "Gross Profit": 283000.0,
        "Cost Of Revenue": 0.0,
        "Total Revenue": NaN,
        "Operating Revenue": NaN
    },
    "2022-12-31": {
        "Tax Effect Of Unusual Items": NaN,
        "Tax Rate For Calcs": NaN,
        "Normalized EBITDA": NaN,
        "Total Unusual Items": 0.0,
        "Total Unusual Items Excluding Goodwill": 0.0,
        "Net Income From Continuing Operation Net Minority Interest": NaN,
        "Reconciled Depreciation": NaN,
        "Reconciled Cost Of Revenue": 0.0,
        "EBITDA": NaN,
        "EBIT": NaN,
        "Net Interest Income": NaN,
        "Interest Income": NaN,
        "Normalized Income": NaN,
        "Net Income From Continuing And Discontinued Operation": NaN,
        "Total Expenses": NaN,
        "Total Operating Income As Reported": NaN,
        "Diluted Average Shares": NaN,
        "Basic Average Shares": NaN,
        "Diluted EPS": NaN,
        "Basic EPS": NaN,
        "Diluted NI Availto Com Stockholders": NaN,
        "Net Income Common Stockholders": NaN,
        "Net Income": NaN,
        "Net Income Including Noncontrolling Interests": NaN,
        "Net Income Continuous Operations": NaN,
        "Tax Provision": -117000.0,
        "Pretax Income": NaN,
        "Other Income Expense": 0.0,
        "Special Income Charges": 0.0,
        "Gain On Sale Of Business": 0.0,
        "Net Non Operating Interest Income Expense": NaN,
        "Interest Income Non Operating": NaN,
        "Operating Income": NaN,
        "Operating Expense": NaN,
        "Other Operating Expenses": NaN,
        "Research And Development": NaN,
        "Selling General And Administration": NaN,
        "General And Administrative Expense": NaN,
        "Other Gand A": NaN,
        "Gross Profit": 814000.0,
        "Cost Of Revenue": 0.0,
        "Total Revenue": NaN,
        "Operating Revenue": NaN
    },
    "2022-09-30": {
        "Tax Effect Of Unusual Items": NaN,
        "Tax Rate For Calcs": NaN,
        "Normalized EBITDA": NaN,
        "Total Unusual Items": 229670000.0,
        "Total Unusual Items Excluding Goodwill": 229670000.0,
        "Net Income From Continuing Operation Net Minority Interest": NaN,
        "Reconciled Depreciation": NaN,
        "Reconciled Cost Of Revenue": NaN,
        "EBITDA": NaN,
        "EBIT": NaN,
        "Net Interest Income": NaN,
        "Interest Income": NaN,
        "Normalized Income": NaN,
        "Net Income From Continuing And Discontinued Operation": NaN,
        "Total Expenses": NaN,
        "Total Operating Income As Reported": NaN,
        "Diluted Average Shares": NaN,
        "Basic Average Shares": NaN,
        "Diluted EPS": NaN,
        "Basic EPS": NaN,
        "Diluted NI Availto Com Stockholders": NaN,
        "Net Income Common Stockholders": NaN,
        "Net Income": NaN,
        "Net Income Including Noncontrolling Interests": NaN,
        "Net Income Continuous Operations": NaN,
        "Tax Provision": 153000.0,
        "Pretax Income": NaN,
        "Other Income Expense": 229670000.0,
        "Special Income Charges": 229670000.0,
        "Gain On Sale Of Business": 229670000.0,
        "Net Non Operating Interest Income Expense": NaN,
        "Interest Income Non Operating": NaN,
        "Operating Income": NaN,
        "Operating Expense": NaN,
        "Other Operating Expenses": NaN,
        "Research And Development": NaN,
        "Selling General And Administration": NaN,
        "General And Administrative Expense": NaN,
        "Other Gand A": NaN,
        "Gross Profit": NaN,
        "Cost Of Revenue": NaN,
        "Total Revenue": NaN,
        "Operating Revenue": NaN
    },
    "2022-06-30": {
        "Tax Effect Of Unusual Items": 0.0,
        "Tax Rate For Calcs": 0.0,
        "Normalized EBITDA": -23423000.0,
        "Total Unusual Items": 0.0,
        "Total Unusual Items Excluding Goodwill": 0.0,
        "Net Income From Continuing Operation Net Minority Interest": -23468000.0,
        "Reconciled Depreciation": 24000.0,
        "Reconciled Cost Of Revenue": 0.0,
        "EBITDA": -23423000.0,
        "EBIT": -23447000.0,
        "Net Interest Income": -21000.0,
        "Interest Expense": 21000.0,
        "Interest Income": NaN,
        "Normalized Income": -23468000.0,
        "Net Income From Continuing And Discontinued Operation": -23468000.0,
        "Total Expenses": 23887000.0,
        "Total Operating Income As Reported": -23447000.0,
        "Diluted Average Shares": 87436180.0,
        "Basic Average Shares": 87436180.0,
        "Diluted EPS": -0.27,
        "Basic EPS": -0.27,
        "Diluted NI Availto Com Stockholders": -23468000.0,
        "Net Income Common Stockholders": -23468000.0,
        "Net Income": -23468000.0,
        "Net Income Including Noncontrolling Interests": -23468000.0,
        "Net Income Continuous Operations": -23468000.0,
        "Tax Provision": NaN,
        "Pretax Income": -23468000.0,
        "Other Income Expense": NaN,
        "Special Income Charges": 0.0,
        "Gain On Sale Of Business": NaN,
        "Net Non Operating Interest Income Expense": -21000.0,
        "Interest Expense Non Operating": 21000.0,
        "Interest Income Non Operating": NaN,
        "Operating Income": -23447000.0,
        "Operating Expense": 23887000.0,
        "Other Operating Expenses": NaN,
        "Research And Development": 18047000.0,
        "Selling General And Administration": 5840000.0,
        "General And Administrative Expense": 5840000.0,
        "Other Gand A": 5840000.0,
        "Gross Profit": 440000.0,
        "Cost Of Revenue": 0.0,
        "Total Revenue": 440000.0,
        "Operating Revenue": 440000.0
    },
    "2022-03-31": {
        "Diluted EPS": -0.28,
        "Total Revenue": 0,
        "Gross Profit": 0,
        "Operating Income": -25,
        "EBIT": -25,
        "Net Income": -25
    },
    "2021-12-31": {
        "Diluted EPS": -0.41,
        "Total Revenue": 0,
        "Gross Profit": 0,
        "Operating Income": -40,
        "EBIT": -39,
        "Net Income": -39
    },
    "2021-09-30": {
        "Diluted EPS": -0.21,
        "Total Revenue": 0,
        "Gross Profit": 0,
        "Operating Income": -19,
        "EBIT": -18,
        "Net Income": -19
    },
    "2021-06-30": {
        "Diluted EPS": -0.21,
        "Total Revenue": 0,
        "Gross Profit": 0,
        "Operating Income": -18,
        "EBIT": -18,
        "Net Income": -18
    },
    "2021-03-31": {
        "Diluted EPS": -1.21,
        "Total Revenue": 1,
        "Gross Profit": 1,
        "Operating Income": -97,
        "EBIT": -97,
        "Net Income": -97
    },
    "2020-12-31": {
        "Diluted EPS": -0.19,
        "Total Revenue": 1,
        "Gross Profit": 1,
        "Operating Income": -12,
        "EBIT": -12,
        "Net Income": -12
    },
    "2020-09-30": {
        "Diluted EPS": -0.18,
        "Total Revenue": 2,
        "Gross Profit": 2,
        "Operating Income": -12,
        "EBIT": -11,
        "Net Income": -11
    },
    "2020-06-30": {
        "Diluted EPS": -0.16,
        "Total Revenue": 1,
        "Gross Profit": 1,
        "Operating Income": -10,
        "EBIT": -10,
        "Net Income": -10
    },
    "2020-03-31": {
        "Diluted EPS": -0.17,
        "Total Revenue": 1,
        "Gross Profit": 1,
        "Operating Income": -11,
        "EBIT": -11,
        "Net Income": -10
    },
    "2019-12-31": {
        "Diluted EPS": -0.07,
        "Total Revenue": 7,
        "Gross Profit": 7,
        "Operating Income": -4,
        "EBIT": -4,
        "Net Income": -4
    },
    "2019-09-30": {
        "Diluted EPS": -1.26,
        "Total Revenue": 2,
        "Gross Profit": 2,
        "Operating Income": -75,
        "EBIT": -75,
        "Net Income": -74
    },
    "2019-06-30": {
        "Diluted EPS": -0.35,
        "Total Revenue": 1,
        "Gross Profit": 1,
        "Operating Income": -19,
        "EBIT": -19,
        "Net Income": -18
    },
    "2019-03-31": {
        "Diluted EPS": -0.35,
        "Total Revenue": 2,
        "Gross Profit": 2,
        "Operating Income": -19,
        "EBIT": -19,
        "Net Income": -18
    },
    "2018-12-31": {
        "Diluted EPS": -0.29,
        "Total Revenue": 5,
        "Gross Profit": 5,
        "Operating Income": -15,
        "EBIT": -16,
        "Net Income": -15
    },
    "2018-09-30": {
        "Diluted EPS": -0.33,
        "Total Revenue": 0,
        "Gross Profit": 0,
        "Operating Income": -17,
        "EBIT": -17,
        "Net Income": -16
    },
    "2018-06-30": {
        "Diluted EPS": -0.39,
        "Total Revenue": 1,
        "Gross Profit": 1,
        "Operating Income": -19,
        "EBIT": -19,
        "Net Income": -19
    },
    "2018-03-31": {
        "Diluted EPS": -0.42,
        "Total Revenue": 1,
        "Gross Profit": 1,
        "Operating Income": -20,
        "EBIT": -20,
        "Net Income": -20
    },
    "2017-12-31": {
        "Diluted EPS": -0.4,
        "Total Revenue": 2,
        "Gross Profit": 2,
        "Operating Income": -19,
        "EBIT": -18,
        "Net Income": -19
    },
    "2017-09-30": {
        "Diluted EPS": -0.37,
        "Total Revenue": 1,
        "Gross Profit": 1,
        "Operating Income": -18,
        "EBIT": -18,
        "Net Income": -17
    },
    "2017-06-30": {
        "Diluted EPS": -0.36,
        "Total Revenue": 1,
        "Gross Profit": 1,
        "Operating Income": -17,
        "EBIT": -17,
        "Net Income": -17
    },
    "2017-03-31": {
        "Diluted EPS": -0.38,
        "Total Revenue": 1,
        "Gross Profit": 1,
        "Operating Income": -18,
        "EBIT": -18,
        "Net Income": -18
    },
    "2016-12-31": {
        "Diluted EPS": -0.32,
        "Total Revenue": 2,
        "Gross Profit": 2,
        "Operating Income": -15,
        "EBIT": -15,
        "Net Income": -15
    },
    "2016-09-30": {
        "Diluted EPS": -0.37,
        "Total Revenue": 1,
        "Gross Profit": 1,
        "Operating Income": -17,
        "EBIT": -17,
        "Net Income": -17
    },
    "2016-06-30": {
        "Diluted EPS": -0.39,
        "Total Revenue": 2,
        "Gross Profit": 2,
        "Operating Income": -19,
        "EBIT": -18,
        "Net Income": -18
    },
    "2016-03-31": {
        "Diluted EPS": -0.57,
        "Total Revenue": 1,
        "Gross Profit": 1,
        "Operating Income": -27,
        "EBIT": -26,
        "Net Income": -26
    },
    "2015-12-31": {
        "Diluted EPS": -0.84,
        "Total Revenue": 3,
        "Gross Profit": 3,
        "Operating Income": -38,
        "EBIT": -38,
        "Net Income": -38
    },
    "2015-09-30": {
        "Diluted EPS": -0.7,
        "Total Revenue": 2,
        "Gross Profit": 2,
        "Operating Income": -33,
        "EBIT": -32,
        "Net Income": -32
    },
    "2015-06-30": {
        "Diluted EPS": -0.59,
        "Total Revenue": 4,
        "Gross Profit": 4,
        "Operating Income": -25,
        "EBIT": -24,
        "Net Income": -25
    },
    "2015-03-31": {
        "Diluted EPS": -0.54,
        "Total Revenue": 1,
        "Gross Profit": 1,
        "Operating Income": -22,
        "EBIT": -22,
        "Net Income": -22
    },
    "2014-12-31": {
        "Diluted EPS": -0.55,
        "Total Revenue": 1,
        "Gross Profit": 1,
        "Operating Income": -20,
        "EBIT": -20,
        "Net Income": -20
    },
    "2014-09-30": {
        "Diluted EPS": -0.47,
        "Total Revenue": 1,
        "Gross Profit": 1,
        "Operating Income": -17,
        "EBIT": -16,
        "Net Income": -17
    },
    "2014-06-30": {
        "Diluted EPS": -0.39,
        "Total Revenue": 1,
        "Gross Profit": 1,
        "Operating Income": -12,
        "EBIT": -11,
        "Net Income": -12
    },
    "2014-03-31": {
        "Diluted EPS": -0.39,
        "Total Revenue": 1,
        "Gross Profit": 1,
        "Operating Income": -10,
        "EBIT": -10,
        "Net Income": -10
    },
    "2013-12-31": {
        "Diluted EPS": 20.1,
        "Total Revenue": 1,
        "Gross Profit": 1,
        "Operating Income": -8,
        "EBIT": -8,
        "Net Income": -8
    },
    "2013-09-30": {
        "Diluted EPS": -0.26,
        "Total Revenue": 1,
        "Gross Profit": 1,
        "Operating Income": -6,
        "EBIT": -6,
        "Net Income": -7
    },
    "2013-06-30": {
        "Diluted EPS": -0.91,
        "Total Revenue": 1,
        "Gross Profit": 1,
        "Operating Income": -8,
        "EBIT": -8,
        "Net Income": -21
    },
    "2013-03-31": {
        "Diluted EPS": -22.58,
        "Total Revenue": 2,
        "Gross Profit": 2,
        "Operating Income": -7,
        "EBIT": -6,
        "Net Income": -35
    },
    "2012-12-31": {
        "Diluted EPS": -3.9,
        "Total Revenue": 4,
        "Gross Profit": 4,
        "Operating Income": -2,
        "EBIT": -2,
        "Net Income": -4
    },
    "2012-09-30": {
        "Diluted EPS": 0.11,
        "Total Revenue": 21,
        "Gross Profit": 21,
        "Operating Income": 11,
        "EBIT": 11,
        "Net Income": 6
    },
    "2012-06-30": {
        "Diluted EPS": -3.44,
        "Total Revenue": 6,
        "Gross Profit": 6,
        "Operating Income": -4,
        "EBIT": -4,
        "Net Income": -5
    },
    "2012-03-31": {
        "Diluted EPS": -5.14,
        "Total Revenue": 3,
        "Gross Profit": 3,
        "Operating Income": -5,
        "EBIT": -5,
        "Net Income": -8
    },
    "2011-12-31": {
        "Diluted EPS": 0.0,
        "Total Revenue": NaN,
        "Gross Profit": NaN,
        "Operating Income": NaN,
        "EBIT": NaN,
        "Net Income": NaN
    },
    "2010-12-31": {
        "Diluted EPS": 0.0,
        "Total Revenue": NaN,
        "Gross Profit": NaN,
        "Operating Income": NaN,
        "EBIT": NaN,
        "Net Income": NaN
    },
    "2023-06-30": {
        "Tax Effect Of Unusual Items": 0.0,
        "Tax Rate For Calcs": 0.0,
        "Normalized EBITDA": -21325000.0,
        "Total Unusual Items": NaN,
        "Total Unusual Items Excluding Goodwill": NaN,
        "Net Income From Continuing Operation Net Minority Interest": -18576000.0,
        "Reconciled Depreciation": 23000.0,
        "Reconciled Cost Of Revenue": 0.0,
        "EBITDA": -21325000.0,
        "EBIT": -21348000.0,
        "Net Interest Income": 2772000.0,
        "Interest Income": 2772000.0,
        "Normalized Income": -18576000.0,
        "Net Income From Continuing And Discontinued Operation": -18576000.0,
        "Total Expenses": 21374000.0,
        "Total Operating Income As Reported": -21348000.0,
        "Diluted Average Shares": 88583567.0,
        "Basic Average Shares": 88583567.0,
        "Diluted EPS": -0.21,
        "Basic EPS": -0.21,
        "Diluted NI Availto Com Stockholders": -18576000.0,
        "Net Income Common Stockholders": -18576000.0,
        "Net Income": -18576000.0,
        "Net Income Including Noncontrolling Interests": -18576000.0,
        "Net Income Continuous Operations": -18576000.0,
        "Tax Provision": NaN,
        "Pretax Income": -18576000.0,
        "Other Income Expense": NaN,
        "Special Income Charges": NaN,
        "Gain On Sale Of Business": NaN,
        "Net Non Operating Interest Income Expense": 2772000.0,
        "Interest Income Non Operating": 2772000.0,
        "Operating Income": -21348000.0,
        "Operating Expense": 21374000.0,
        "Other Operating Expenses": -26000.0,
        "Research And Development": 16926000.0,
        "Selling General And Administration": 4448000.0,
        "General And Administrative Expense": 4448000.0,
        "Other Gand A": 4448000.0,
        "Gross Profit": 26000.0,
        "Cost Of Revenue": 0.0,
        "Total Revenue": 26000.0,
        "Operating Revenue": 26000.0
    },
    "2023-09-30": {
        "Tax Effect Of Unusual Items": 0.0,
        "Tax Rate For Calcs": 0.0,
        "Normalized EBITDA": -26666000.0,
        "Total Unusual Items": 0.0,
        "Total Unusual Items Excluding Goodwill": 0.0,
        "Net Income From Continuing Operation Net Minority Interest": -23986000.0,
        "Reconciled Depreciation": 23000.0,
        "Reconciled Cost Of Revenue": 0.0,
        "EBITDA": -26666000.0,
        "EBIT": -26689000.0,
        "Net Interest Income": 2703000.0,
        "Interest Income": 2703000.0,
        "Normalized Income": -23986000.0,
        "Net Income From Continuing And Discontinued Operation": -23986000.0,
        "Total Expenses": 26700000.0,
        "Total Operating Income As Reported": -26689000.0,
        "Diluted Average Shares": 88620666.0,
        "Basic Average Shares": 88620666.0,
        "Diluted EPS": -0.27,
        "Basic EPS": -0.27,
        "Diluted NI Availto Com Stockholders": -23986000.0,
        "Net Income Common Stockholders": -23986000.0,
        "Net Income": -23986000.0,
        "Net Income Including Noncontrolling Interests": -23986000.0,
        "Net Income Continuous Operations": -23986000.0,
        "Tax Provision": 0.0,
        "Pretax Income": -23986000.0,
        "Other Income Expense": NaN,
        "Special Income Charges": 0.0,
        "Gain On Sale Of Business": 0.0,
        "Net Non Operating Interest Income Expense": 2703000.0,
        "Interest Income Non Operating": 2703000.0,
        "Operating Income": -26689000.0,
        "Operating Expense": 26700000.0,
        "Other Operating Expenses": NaN,
        "Research And Development": 17396000.0,
        "Selling General And Administration": 9304000.0,
        "General And Administrative Expense": 9304000.0,
        "Other Gand A": 9304000.0,
        "Gross Profit": 11000.0,
        "Cost Of Revenue": 0.0,
        "Total Revenue": 11000.0,
        "Operating Revenue": 11000.0
    },
    "2023-12-31": {
        "Tax Effect Of Unusual Items": 0.0,
        "Tax Rate For Calcs": 0.0,
        "Normalized EBITDA": -20787000.0,
        "Total Unusual Items": 0.0,
        "Total Unusual Items Excluding Goodwill": 0.0,
        "Net Income From Continuing Operation Net Minority Interest": -18161000.0,
        "Reconciled Depreciation": 23000.0,
        "Reconciled Cost Of Revenue": 0.0,
        "EBITDA": -20787000.0,
        "EBIT": -20810000.0,
        "Net Interest Income": 2649000.0,
        "Interest Income": 2649000.0,
        "Normalized Income": -18161000.0,
        "Net Income From Continuing And Discontinued Operation": -18161000.0,
        "Total Expenses": 20814000.0,
        "Total Operating Income As Reported": -20810000.0,
        "Diluted Average Shares": NaN,
        "Basic Average Shares": NaN,
        "Diluted EPS": NaN,
        "Basic EPS": NaN,
        "Diluted NI Availto Com Stockholders": -18161000.0,
        "Net Income Common Stockholders": -18161000.0,
        "Net Income": -18161000.0,
        "Net Income Including Noncontrolling Interests": -18161000.0,
        "Net Income Continuous Operations": -18161000.0,
        "Tax Provision": 0.0,
        "Pretax Income": -18161000.0,
        "Other Income Expense": NaN,
        "Special Income Charges": 0.0,
        "Gain On Sale Of Business": 0.0,
        "Net Non Operating Interest Income Expense": 2649000.0,
        "Interest Income Non Operating": 2649000.0,
        "Operating Income": -20810000.0,
        "Operating Expense": 20814000.0,
        "Other Operating Expenses": NaN,
        "Research And Development": 15644000.0,
        "Selling General And Administration": 5170000.0,
        "General And Administrative Expense": 5170000.0,
        "Other Gand A": 5170000.0,
        "Gross Profit": 4000.0,
        "Cost Of Revenue": 0.0,
        "Total Revenue": 4000.0,
        "Operating Revenue": 4000.0
    },
    "2024-03-31": {
        "Tax Effect Of Unusual Items": 0.0,
        "Tax Rate For Calcs": 0.0,
        "Normalized EBITDA": -24368000.0,
        "Total Unusual Items": NaN,
        "Total Unusual Items Excluding Goodwill": NaN,
        "Net Income From Continuing Operation Net Minority Interest": -21869000.0,
        "Reconciled Depreciation": 22000.0,
        "Reconciled Cost Of Revenue": NaN,
        "EBITDA": -24368000.0,
        "EBIT": -24390000.0,
        "Net Interest Income": 2521000.0,
        "Interest Income": 2521000.0,
        "Normalized Income": -21869000.0,
        "Net Income From Continuing And Discontinued Operation": -21869000.0,
        "Total Expenses": 24390000.0,
        "Total Operating Income As Reported": -24390000.0,
        "Diluted Average Shares": 89259106.0,
        "Basic Average Shares": 89259106.0,
        "Diluted EPS": -0.25,
        "Basic EPS": -0.25,
        "Diluted NI Availto Com Stockholders": -21869000.0,
        "Net Income Common Stockholders": -21869000.0,
        "Net Income": -21869000.0,
        "Net Income Including Noncontrolling Interests": -21869000.0,
        "Net Income Continuous Operations": -21869000.0,
        "Tax Provision": NaN,
        "Pretax Income": -21869000.0,
        "Other Income Expense": NaN,
        "Special Income Charges": NaN,
        "Gain On Sale Of Business": NaN,
        "Net Non Operating Interest Income Expense": 2521000.0,
        "Interest Income Non Operating": 2521000.0,
        "Operating Income": -24390000.0,
        "Operating Expense": 24390000.0,
        "Other Operating Expenses": NaN,
        "Research And Development": 18844000.0,
        "Selling General And Administration": 5546000.0,
        "General And Administrative Expense": 5546000.0,
        "Other Gand A": 5546000.0,
        "Gross Profit": NaN,
        "Cost Of Revenue": NaN,
        "Total Revenue": 0.0,
        "Operating Revenue": 0.0
    },
    "2024-06-30": {
        "Tax Effect Of Unusual Items": 0.0,
        "Tax Rate For Calcs": 0.0,
        "Normalized EBITDA": -22808000.0,
        "Total Unusual Items": NaN,
        "Total Unusual Items Excluding Goodwill": NaN,
        "Net Income From Continuing Operation Net Minority Interest": -20685000.0,
        "Reconciled Depreciation": 24000.0,
        "Reconciled Cost Of Revenue": NaN,
        "EBITDA": -22808000.0,
        "EBIT": -22832000.0,
        "Net Interest Income": 2147000.0,
        "Interest Income": 2147000.0,
        "Normalized Income": -20685000.0,
        "Net Income From Continuing And Discontinued Operation": -20685000.0,
        "Total Expenses": 22961000.0,
        "Total Operating Income As Reported": -22832000.0,
        "Diluted Average Shares": 89630959.0,
        "Basic Average Shares": 89630959.0,
        "Diluted EPS": -0.23,
        "Basic EPS": -0.23,
        "Diluted NI Availto Com Stockholders": -20685000.0,
        "Net Income Common Stockholders": -20685000.0,
        "Net Income": -20685000.0,
        "Net Income Including Noncontrolling Interests": -20685000.0,
        "Net Income Continuous Operations": -20685000.0,
        "Tax Provision": NaN,
        "Pretax Income": -20685000.0,
        "Other Income Expense": NaN,
        "Special Income Charges": NaN,
        "Gain On Sale Of Business": NaN,
        "Net Non Operating Interest Income Expense": 2147000.0,
        "Interest Income Non Operating": 2147000.0,
        "Operating Income": -22832000.0,
        "Operating Expense": 22961000.0,
        "Other Operating Expenses": NaN,
        "Research And Development": 18428000.0,
        "Selling General And Administration": 4533000.0,
        "General And Administrative Expense": 4533000.0,
        "Other Gand A": 4533000.0,
        "Gross Profit": NaN,
        "Cost Of Revenue": NaN,
        "Total Revenue": 129000.0,
        "Operating Revenue": 129000.0
    }
}