{
    "2023-06-30": {
        "Tax Effect Of Unusual Items": 0.0,
        "Tax Rate For Calcs": 0.178261,
        "Normalized EBITDA": 654000000.0,
        "Total Unusual Items": NaN,
        "Total Unusual Items Excluding Goodwill": NaN,
        "Net Income From Continuing Operation Net Minority Interest": 197000000.0,
        "Reconciled Depreciation": 264000000.0,
        "Reconciled Cost Of Revenue": 950000000.0,
        "EBITDA": 654000000.0,
        "EBIT": 390000000.0,
        "Net Interest Income": -160000000.0,
        "Interest Expense": 160000000.0,
        "Normalized Income": 197000000.0,
        "Net Income From Continuing And Discontinued Operation": 198000000.0,
        "Total Expenses": 1266000000.0,
        "Total Operating Income As Reported": 244000000.0,
        "Diluted Average Shares": 291700000.0,
        "Basic Average Shares": 291700000.0,
        "Diluted EPS": 0.668495,
        "Basic EPS": 0.668495,
        "Diluted NI Availto Com Stockholders": 195000000.0,
        "Net Income Common Stockholders": 195000000.0,
        "Preferred Stock Dividends": 3000000.0,
        "Net Income": 198000000.0,
        "Minority Interests": 8000000.0,
        "Net Income Including Noncontrolling Interests": 190000000.0,
        "Net Income Discontinuous Operations": 1000000.0,
        "Net Income Continuous Operations": 189000000.0,
        "Tax Provision": 41000000.0,
        "Pretax Income": 230000000.0,
        "Other Income Expense": 101000000.0,
        "Other Non Operating Income Expenses": 101000000.0,
        "Special Income Charges": NaN,
        "Other Special Charges": NaN,
        "Net Non Operating Interest Income Expense": -160000000.0,
        "Interest Expense Non Operating": 160000000.0,
        "Operating Income": 289000000.0,
        "Operating Expense": 307000000.0,
        "Other Taxes": 97000000.0,
        "Depreciation Amortization Depletion Income Statement": 255000000.0,
        "Depreciation And Amortization In Income Statement": 255000000.0,
        "Selling General And Administration": -45000000.0,
        "General And Administrative Expense": -45000000.0,
        "Salaries And Wages": -45000000.0,
        "Gross Profit": 596000000.0,
        "Cost Of Revenue": 959000000.0,
        "Total Revenue": 1555000000.0,
        "Operating Revenue": 1555000000.0
    },
    "2023-03-31": {
        "Tax Effect Of Unusual Items": NaN,
        "Tax Rate For Calcs": NaN,
        "Normalized EBITDA": NaN,
        "Total Unusual Items": NaN,
        "Total Unusual Items Excluding Goodwill": NaN,
        "Net Income From Continuing Operation Net Minority Interest": NaN,
        "Reconciled Depreciation": NaN,
        "Reconciled Cost Of Revenue": NaN,
        "EBITDA": NaN,
        "EBIT": NaN,
        "Net Interest Income": NaN,
        "Interest Expense": NaN,
        "Normalized Income": NaN,
        "Net Income From Continuing And Discontinued Operation": NaN,
        "Total Expenses": NaN,
        "Total Operating Income As Reported": 314000000.0,
        "Diluted Average Shares": NaN,
        "Basic Average Shares": NaN,
        "Diluted EPS": NaN,
        "Basic EPS": NaN,
        "Diluted NI Availto Com Stockholders": NaN,
        "Net Income Common Stockholders": NaN,
        "Preferred Stock Dividends": NaN,
        "Net Income": NaN,
        "Minority Interests": NaN,
        "Net Income Including Noncontrolling Interests": NaN,
        "Net Income Discontinuous Operations": 0.0,
        "Net Income Continuous Operations": NaN,
        "Tax Provision": NaN,
        "Pretax Income": NaN,
        "Other Income Expense": NaN,
        "Other Non Operating Income Expenses": NaN,
        "Special Income Charges": NaN,
        "Other Special Charges": NaN,
        "Net Non Operating Interest Income Expense": NaN,
        "Interest Expense Non Operating": NaN,
        "Operating Income": NaN,
        "Operating Expense": NaN,
        "Other Taxes": NaN,
        "Depreciation Amortization Depletion Income Statement": NaN,
        "Depreciation And Amortization In Income Statement": NaN,
        "Selling General And Administration": -45000000.0,
        "General And Administrative Expense": -45000000.0,
        "Salaries And Wages": -45000000.0,
        "Gross Profit": NaN,
        "Cost Of Revenue": NaN,
        "Total Revenue": NaN,
        "Operating Revenue": NaN
    },
    "2022-12-31": {
        "Tax Effect Of Unusual Items": NaN,
        "Tax Rate For Calcs": NaN,
        "Normalized EBITDA": NaN,
        "Total Unusual Items": -19000000.0,
        "Total Unusual Items Excluding Goodwill": -19000000.0,
        "Net Income From Continuing Operation Net Minority Interest": NaN,
        "Reconciled Depreciation": NaN,
        "Reconciled Cost Of Revenue": NaN,
        "EBITDA": NaN,
        "EBIT": NaN,
        "Net Interest Income": NaN,
        "Interest Expense": NaN,
        "Normalized Income": NaN,
        "Net Income From Continuing And Discontinued Operation": NaN,
        "Total Expenses": NaN,
        "Total Operating Income As Reported": NaN,
        "Diluted Average Shares": NaN,
        "Basic Average Shares": NaN,
        "Diluted EPS": NaN,
        "Basic EPS": NaN,
        "Diluted NI Availto Com Stockholders": NaN,
        "Net Income Common Stockholders": NaN,
        "Preferred Stock Dividends": NaN,
        "Net Income": NaN,
        "Minority Interests": NaN,
        "Net Income Including Noncontrolling Interests": NaN,
        "Net Income Discontinuous Operations": NaN,
        "Net Income Continuous Operations": NaN,
        "Tax Provision": NaN,
        "Pretax Income": NaN,
        "Other Income Expense": NaN,
        "Other Non Operating Income Expenses": NaN,
        "Special Income Charges": -19000000.0,
        "Other Special Charges": 19000000.0,
        "Net Non Operating Interest Income Expense": NaN,
        "Interest Expense Non Operating": NaN,
        "Operating Income": NaN,
        "Operating Expense": NaN,
        "Other Taxes": NaN,
        "Depreciation Amortization Depletion Income Statement": NaN,
        "Depreciation And Amortization In Income Statement": NaN,
        "Selling General And Administration": NaN,
        "General And Administrative Expense": NaN,
        "Salaries And Wages": NaN,
        "Gross Profit": NaN,
        "Cost Of Revenue": NaN,
        "Total Revenue": NaN,
        "Operating Revenue": NaN
    },
    "2022-09-30": {
        "Tax Effect Of Unusual Items": NaN,
        "Tax Rate For Calcs": NaN,
        "Normalized EBITDA": NaN,
        "Total Unusual Items": 1000000.0,
        "Total Unusual Items Excluding Goodwill": 1000000.0,
        "Net Income From Continuing Operation Net Minority Interest": NaN,
        "Reconciled Depreciation": NaN,
        "Reconciled Cost Of Revenue": NaN,
        "EBITDA": NaN,
        "EBIT": NaN,
        "Net Interest Income": NaN,
        "Interest Expense": NaN,
        "Interest Income": 1000000.0,
        "Normalized Income": NaN,
        "Net Income From Continuing And Discontinued Operation": NaN,
        "Total Expenses": NaN,
        "Total Operating Income As Reported": NaN,
        "Diluted Average Shares": NaN,
        "Basic Average Shares": NaN,
        "Diluted EPS": NaN,
        "Basic EPS": NaN,
        "Diluted NI Availto Com Stockholders": NaN,
        "Net Income Common Stockholders": NaN,
        "Preferred Stock Dividends": NaN,
        "Net Income": NaN,
        "Minority Interests": NaN,
        "Net Income Including Noncontrolling Interests": NaN,
        "Net Income Discontinuous Operations": NaN,
        "Net Income Continuous Operations": NaN,
        "Tax Provision": NaN,
        "Pretax Income": NaN,
        "Other Income Expense": NaN,
        "Other Non Operating Income Expenses": NaN,
        "Special Income Charges": 1000000.0,
        "Other Special Charges": -1000000.0,
        "Earnings From Equity Interest": 1000000.0,
        "Net Non Operating Interest Income Expense": NaN,
        "Interest Expense Non Operating": NaN,
        "Interest Income Non Operating": 1000000.0,
        "Operating Income": NaN,
        "Operating Expense": NaN,
        "Other Taxes": NaN,
        "Depreciation Amortization Depletion Income Statement": NaN,
        "Depreciation And Amortization In Income Statement": NaN,
        "Selling General And Administration": NaN,
        "General And Administrative Expense": NaN,
        "Salaries And Wages": NaN,
        "Gross Profit": NaN,
        "Cost Of Revenue": NaN,
        "Total Revenue": NaN,
        "Operating Revenue": NaN
    },
    "2022-06-30": {
        "Tax Effect Of Unusual Items": 89743.589744,
        "Tax Rate For Calcs": 0.089744,
        "Normalized EBITDA": 523000000.0,
        "Total Unusual Items": 1000000.0,
        "Total Unusual Items Excluding Goodwill": 1000000.0,
        "Net Income From Continuing Operation Net Minority Interest": 148000000.0,
        "Reconciled Depreciation": 242000000.0,
        "Reconciled Cost Of Revenue": 1350000000.0,
        "EBITDA": 524000000.0,
        "EBIT": 282000000.0,
        "Net Interest Income": -125000000.0,
        "Interest Expense": 126000000.0,
        "Interest Income": 1000000.0,
        "Normalized Income": 147089743.589744,
        "Net Income From Continuing And Discontinued Operation": 148000000.0,
        "Total Expenses": 1681000000.0,
        "Total Operating Income As Reported": 239000000.0,
        "Diluted Average Shares": 290100000.0,
        "Basic Average Shares": 289500000.0,
        "Diluted EPS": 0.5,
        "Basic EPS": 0.5,
        "Diluted NI Availto Com Stockholders": 145000000.0,
        "Net Income Common Stockholders": 145000000.0,
        "Preferred Stock Dividends": 3000000.0,
        "Net Income": 148000000.0,
        "Minority Interests": 6000000.0,
        "Net Income Including Noncontrolling Interests": 142000000.0,
        "Net Income Discontinuous Operations": 0.0,
        "Net Income Continuous Operations": 142000000.0,
        "Tax Provision": 14000000.0,
        "Pretax Income": 156000000.0,
        "Other Income Expense": 42000000.0,
        "Other Non Operating Income Expenses": 41000000.0,
        "Special Income Charges": 1000000.0,
        "Other Special Charges": -1000000.0,
        "Earnings From Equity Interest": 0.0,
        "Net Non Operating Interest Income Expense": -125000000.0,
        "Interest Expense Non Operating": 126000000.0,
        "Interest Income Non Operating": 1000000.0,
        "Operating Income": 239000000.0,
        "Operating Expense": 331000000.0,
        "Other Operating Expenses": NaN,
        "Other Taxes": 89000000.0,
        "Depreciation Amortization Depletion Income Statement": 242000000.0,
        "Depreciation And Amortization In Income Statement": 242000000.0,
        "Gross Profit": 570000000.0,
        "Cost Of Revenue": 1350000000.0,
        "Total Revenue": 1920000000.0,
        "Operating Revenue": 1920000000.0
    },
    "2022-03-31": {
        "Diluted EPS": 1.21,
        "Total Revenue": NaN,
        "Gross Profit": NaN,
        "Operating Income": 456,
        "EBIT": 801,
        "Net Income": 351
    },
    "2021-12-31": {
        "Diluted EPS": 2.2,
        "Total Revenue": NaN,
        "Gross Profit": NaN,
        "Operating Income": 204,
        "EBIT": 486,
        "Net Income": 637
    },
    "2021-09-30": {
        "Diluted EPS": 0.64,
        "Total Revenue": NaN,
        "Gross Profit": NaN,
        "Operating Income": 260,
        "EBIT": 510,
        "Net Income": 186
    },
    "2021-06-30": {
        "Diluted EPS": 0.61,
        "Total Revenue": NaN,
        "Gross Profit": 938,
        "Operating Income": 252,
        "EBIT": 496,
        "Net Income": 176
    },
    "2021-03-31": {
        "Diluted EPS": 1.21,
        "Total Revenue": NaN,
        "Gross Profit": NaN,
        "Operating Income": 430,
        "EBIT": 768,
        "Net Income": 349
    },
    "2020-12-31": {
        "Diluted EPS": 0.55,
        "Total Revenue": NaN,
        "Gross Profit": NaN,
        "Operating Income": 274,
        "EBIT": 554,
        "Net Income": 158
    },
    "2020-09-30": {
        "Diluted EPS": 0.76,
        "Total Revenue": NaN,
        "Gross Profit": 921,
        "Operating Income": 340,
        "EBIT": 566,
        "Net Income": 218
    },
    "2020-06-30": {
        "Diluted EPS": 0.48,
        "Total Revenue": NaN,
        "Gross Profit": 861,
        "Operating Income": 248,
        "EBIT": 469,
        "Net Income": 136
    },
    "2020-03-31": {
        "Diluted EPS": 0.85,
        "Total Revenue": NaN,
        "Gross Profit": NaN,
        "Operating Income": 368,
        "EBIT": 684,
        "Net Income": 243
    },
    "2019-12-31": {
        "Diluted EPS": 0.58,
        "Total Revenue": NaN,
        "Gross Profit": 877,
        "Operating Income": 187,
        "EBIT": 447,
        "Net Income": 167
    },
    "2019-09-30": {
        "Diluted EPS": 0.73,
        "Total Revenue": NaN,
        "Gross Profit": 949,
        "Operating Income": 351,
        "EBIT": 566,
        "Net Income": 207
    },
    "2019-06-30": {
        "Diluted EPS": 0.33,
        "Total Revenue": NaN,
        "Gross Profit": 848,
        "Operating Income": 218,
        "EBIT": 434,
        "Net Income": 93
    },
    "2019-03-31": {
        "Diluted EPS": 0.75,
        "Total Revenue": NaN,
        "Gross Profit": NaN,
        "Operating Income": 359,
        "EBIT": 657,
        "Net Income": 213
    },
    "2018-12-31": {
        "Diluted EPS": 0.38,
        "Total Revenue": NaN,
        "Gross Profit": 990,
        "Operating Income": 250,
        "EBIT": 494,
        "Net Income": 108
    },
    "2018-09-30": {
        "Diluted EPS": 0.59,
        "Total Revenue": NaN,
        "Gross Profit": 933,
        "Operating Income": 294,
        "EBIT": 500,
        "Net Income": 169
    },
    "2018-06-30": {
        "Diluted EPS": 0.49,
        "Total Revenue": NaN,
        "Gross Profit": 853,
        "Operating Income": 255,
        "EBIT": 459,
        "Net Income": 139
    },
    "2018-03-31": {
        "Diluted EPS": 0.86,
        "Total Revenue": NaN,
        "Gross Profit": NaN,
        "Operating Income": 363,
        "EBIT": 642,
        "Net Income": 241
    },
    "2017-12-31": {
        "Diluted EPS": -0.01,
        "Total Revenue": NaN,
        "Gross Profit": NaN,
        "Operating Income": 379,
        "EBIT": 608,
        "Net Income": -3
    },
    "2017-09-30": {
        "Diluted EPS": 0.61,
        "Total Revenue": NaN,
        "Gross Profit": 889,
        "Operating Income": 330,
        "EBIT": 523,
        "Net Income": 172
    },
    "2017-06-30": {
        "Diluted EPS": 0.33,
        "Total Revenue": NaN,
        "Gross Profit": 819,
        "Operating Income": 241,
        "EBIT": 438,
        "Net Income": 92
    },
    "2017-03-31": {
        "Diluted EPS": 0.71,
        "Total Revenue": NaN,
        "Gross Profit": NaN,
        "Operating Income": 388,
        "EBIT": 650,
        "Net Income": 199
    },
    "2016-12-31": {
        "Diluted EPS": 0.27,
        "Total Revenue": NaN,
        "Gross Profit": 924,
        "Operating Income": 280,
        "EBIT": 494,
        "Net Income": 77
    },
    "2016-09-30": {
        "Diluted EPS": 0.67,
        "Total Revenue": NaN,
        "Gross Profit": 921,
        "Operating Income": 375,
        "EBIT": 558,
        "Net Income": 186
    },
    "2016-06-30": {
        "Diluted EPS": 0.45,
        "Total Revenue": NaN,
        "Gross Profit": 797,
        "Operating Income": 275,
        "EBIT": 451,
        "Net Income": 124
    },
    "2016-03-31": {
        "Diluted EPS": 0.59,
        "Total Revenue": NaN,
        "Gross Profit": 954,
        "Operating Income": 326,
        "EBIT": 564,
        "Net Income": 164
    },
    "2015-12-31": {
        "Diluted EPS": 0.38,
        "Total Revenue": NaN,
        "Gross Profit": 825,
        "Operating Income": 260,
        "EBIT": 446,
        "Net Income": 106
    },
    "2015-09-30": {
        "Diluted EPS": 0.53,
        "Total Revenue": NaN,
        "Gross Profit": 860,
        "Operating Income": 317,
        "EBIT": 490,
        "Net Income": 148
    },
    "2015-06-30": {
        "Diluted EPS": 0.25,
        "Total Revenue": NaN,
        "Gross Profit": 745,
        "Operating Income": 204,
        "EBIT": 373,
        "Net Income": 67
    },
    "2015-03-31": {
        "Diluted EPS": 0.73,
        "Total Revenue": NaN,
        "Gross Profit": 983,
        "Operating Income": 397,
        "EBIT": 619,
        "Net Income": 202
    },
    "2014-12-31": {
        "Diluted EPS": 0.35,
        "Total Revenue": NaN,
        "Gross Profit": 852,
        "Operating Income": 273,
        "EBIT": 455,
        "Net Income": 96
    },
    "2014-09-30": {
        "Diluted EPS": 0.34,
        "Total Revenue": NaN,
        "Gross Profit": 775,
        "Operating Income": 236,
        "EBIT": 389,
        "Net Income": 94
    },
    "2014-06-30": {
        "Diluted EPS": 0.3,
        "Total Revenue": NaN,
        "Gross Profit": 746,
        "Operating Income": 235,
        "EBIT": 386,
        "Net Income": 83
    },
    "2014-03-31": {
        "Diluted EPS": 0.75,
        "Total Revenue": NaN,
        "Gross Profit": 948,
        "Operating Income": 408,
        "EBIT": 607,
        "Net Income": 204
    },
    "2013-12-31": {
        "Diluted EPS": 0.38,
        "Total Revenue": NaN,
        "Gross Profit": 855,
        "Operating Income": 264,
        "EBIT": 429,
        "Net Income": 102
    },
    "2013-09-30": {
        "Diluted EPS": 0.46,
        "Total Revenue": NaN,
        "Gross Profit": 800,
        "Operating Income": 317,
        "EBIT": 462,
        "Net Income": 126
    },
    "2013-06-30": {
        "Diluted EPS": 0.29,
        "Total Revenue": NaN,
        "Gross Profit": 723,
        "Operating Income": 232,
        "EBIT": 369,
        "Net Income": 80
    },
    "2013-03-31": {
        "Diluted EPS": 0.53,
        "Total Revenue": NaN,
        "Gross Profit": 862,
        "Operating Income": 329,
        "EBIT": 510,
        "Net Income": 144
    },
    "2012-12-31": {
        "Diluted EPS": 0.25,
        "Total Revenue": NaN,
        "Gross Profit": 782,
        "Operating Income": 212,
        "EBIT": 370,
        "Net Income": 67
    },
    "2012-09-30": {
        "Diluted EPS": 0.55,
        "Total Revenue": NaN,
        "Gross Profit": 828,
        "Operating Income": 343,
        "EBIT": 481,
        "Net Income": 148
    },
    "2012-06-30": {
        "Diluted EPS": 0.37,
        "Total Revenue": NaN,
        "Gross Profit": 720,
        "Operating Income": 260,
        "EBIT": 390,
        "Net Income": 100
    },
    "2012-03-31": {
        "Diluted EPS": 0.25,
        "Total Revenue": NaN,
        "Gross Profit": 724,
        "Operating Income": 188,
        "EBIT": 360,
        "Net Income": 67
    },
    "2011-12-31": {
        "Diluted EPS": 0.15,
        "Total Revenue": NaN,
        "Gross Profit": 739,
        "Operating Income": 174,
        "EBIT": 316,
        "Net Income": 41
    },
    "2011-09-30": {
        "Diluted EPS": 0.53,
        "Total Revenue": NaN,
        "Gross Profit": 770,
        "Operating Income": 316,
        "EBIT": 436,
        "Net Income": 139
    },
    "2011-06-30": {
        "Diluted EPS": 0.38,
        "Total Revenue": NaN,
        "Gross Profit": 668,
        "Operating Income": 207,
        "EBIT": 329,
        "Net Income": 100
    },
    "2011-03-31": {
        "Diluted EPS": 0.52,
        "Total Revenue": NaN,
        "Gross Profit": 814,
        "Operating Income": 306,
        "EBIT": 468,
        "Net Income": 135
    },
    "2010-12-31": {
        "Diluted EPS": 0.09,
        "Total Revenue": NaN,
        "Gross Profit": 714,
        "Operating Income": 158,
        "EBIT": 298,
        "Net Income": 25
    },
    "2010-09-30": {
        "Diluted EPS": 0.53,
        "Total Revenue": NaN,
        "Gross Profit": 772,
        "Operating Income": 319,
        "EBIT": 452,
        "Net Income": 134
    },
    "2010-06-30": {
        "Diluted EPS": 0.32,
        "Total Revenue": NaN,
        "Gross Profit": 676,
        "Operating Income": 262,
        "EBIT": 393,
        "Net Income": 80
    },
    "2010-03-31": {
        "Diluted EPS": 0.34,
        "Total Revenue": NaN,
        "Gross Profit": 752,
        "Operating Income": 239,
        "EBIT": 411,
        "Net Income": 85
    },
    "2009-12-31": {
        "Diluted EPS": 0.01,
        "Total Revenue": NaN,
        "Gross Profit": 619,
        "Operating Income": 108,
        "EBIT": 225,
        "Net Income": 6
    },
    "2009-09-30": {
        "Diluted EPS": 0.28,
        "Total Revenue": NaN,
        "Gross Profit": 682,
        "Operating Income": 230,
        "EBIT": 370,
        "Net Income": 67
    },
    "2009-06-30": {
        "Diluted EPS": 0.32,
        "Total Revenue": NaN,
        "Gross Profit": 617,
        "Operating Income": 150,
        "EBIT": 280,
        "Net Income": 75
    },
    "2009-03-31": {
        "Diluted EPS": 0.3,
        "Total Revenue": NaN,
        "Gross Profit": 717,
        "Operating Income": 210,
        "EBIT": 393,
        "Net Income": 70
    },
    "2023-09-30": {
        "Tax Effect Of Unusual Items": 0.0,
        "Tax Rate For Calcs": 0.059783,
        "Normalized EBITDA": 610000000.0,
        "Total Unusual Items": NaN,
        "Total Unusual Items Excluding Goodwill": NaN,
        "Net Income From Continuing Operation Net Minority Interest": 176000000.0,
        "Reconciled Depreciation": 262000000.0,
        "Reconciled Cost Of Revenue": 1049000000.0,
        "EBITDA": 610000000.0,
        "EBIT": 348000000.0,
        "Net Interest Income": -164000000.0,
        "Interest Expense": 164000000.0,
        "Normalized Income": 176000000.0,
        "Net Income From Continuing And Discontinued Operation": 176000000.0,
        "Total Expenses": 1402000000.0,
        "Total Operating Income As Reported": 271000000.0,
        "Diluted Average Shares": 291800000.0,
        "Basic Average Shares": 291800000.0,
        "Diluted EPS": 0.596299,
        "Basic EPS": 0.596299,
        "Diluted NI Availto Com Stockholders": 174000000.0,
        "Net Income Common Stockholders": 174000000.0,
        "Preferred Stock Dividends": 2000000.0,
        "Net Income": 176000000.0,
        "Minority Interests": 3000000.0,
        "Net Income Including Noncontrolling Interests": 173000000.0,
        "Net Income Discontinuous Operations": 0.0,
        "Net Income Continuous Operations": 173000000.0,
        "Tax Provision": 11000000.0,
        "Pretax Income": 184000000.0,
        "Other Income Expense": 77000000.0,
        "Other Non Operating Income Expenses": 77000000.0,
        "Special Income Charges": NaN,
        "Other Special Charges": NaN,
        "Net Non Operating Interest Income Expense": -164000000.0,
        "Interest Expense Non Operating": 164000000.0,
        "Operating Income": 271000000.0,
        "Operating Expense": 353000000.0,
        "Other Taxes": 91000000.0,
        "Depreciation Amortization Depletion Income Statement": 262000000.0,
        "Depreciation And Amortization In Income Statement": 262000000.0,
        "Selling General And Administration": NaN,
        "General And Administrative Expense": NaN,
        "Salaries And Wages": NaN,
        "Gross Profit": 624000000.0,
        "Cost Of Revenue": 1049000000.0,
        "Total Revenue": 1673000000.0,
        "Operating Revenue": 1673000000.0
    },
    "2023-12-31": {
        "Tax Effect Of Unusual Items": 0.0,
        "Tax Rate For Calcs": 0.208202,
        "Normalized EBITDA": 799000000.0,
        "Total Unusual Items": NaN,
        "Total Unusual Items Excluding Goodwill": NaN,
        "Net Income From Continuing Operation Net Minority Interest": 309000000.0,
        "Reconciled Depreciation": 310000000.0,
        "Reconciled Cost Of Revenue": 1117000000.0,
        "EBITDA": 799000000.0,
        "EBIT": 489000000.0,
        "Net Interest Income": -172000000.0,
        "Interest Expense": 172000000.0,
        "Normalized Income": 309000000.0,
        "Net Income From Continuing And Discontinued Operation": 309000000.0,
        "Total Expenses": 1544000000.0,
        "Total Operating Income As Reported": 406000000.0,
        "Diluted Average Shares": 294400000.0,
        "Basic Average Shares": 294400000.0,
        "Diluted EPS": 1.039402,
        "Basic EPS": 1.039402,
        "Diluted NI Availto Com Stockholders": 306000000.0,
        "Net Income Common Stockholders": 306000000.0,
        "Preferred Stock Dividends": 3000000.0,
        "Net Income": 309000000.0,
        "Minority Interests": 58000000.0,
        "Net Income Including Noncontrolling Interests": 251000000.0,
        "Net Income Discontinuous Operations": 0.0,
        "Net Income Continuous Operations": 251000000.0,
        "Tax Provision": 66000000.0,
        "Pretax Income": 317000000.0,
        "Other Income Expense": 83000000.0,
        "Other Non Operating Income Expenses": 83000000.0,
        "Special Income Charges": NaN,
        "Other Special Charges": NaN,
        "Net Non Operating Interest Income Expense": -172000000.0,
        "Interest Expense Non Operating": 172000000.0,
        "Operating Income": 406000000.0,
        "Operating Expense": 427000000.0,
        "Other Taxes": 117000000.0,
        "Depreciation Amortization Depletion Income Statement": 310000000.0,
        "Depreciation And Amortization In Income Statement": 310000000.0,
        "Selling General And Administration": NaN,
        "General And Administrative Expense": NaN,
        "Salaries And Wages": NaN,
        "Gross Profit": 833000000.0,
        "Cost Of Revenue": 1117000000.0,
        "Total Revenue": 1950000000.0,
        "Operating Revenue": 1950000000.0
    },
    "2024-03-31": {
        "Tax Effect Of Unusual Items": 0.0,
        "Tax Rate For Calcs": 0.181,
        "Normalized EBITDA": 866000000.0,
        "Total Unusual Items": NaN,
        "Total Unusual Items Excluding Goodwill": NaN,
        "Net Income From Continuing Operation Net Minority Interest": 287000000.0,
        "Reconciled Depreciation": 356000000.0,
        "Reconciled Cost Of Revenue": 1253000000.0,
        "EBITDA": 866000000.0,
        "EBIT": 498000000.0,
        "Net Interest Income": -177000000.0,
        "Interest Expense": 177000000.0,
        "Normalized Income": 287000000.0,
        "Net Income From Continuing And Discontinued Operation": 287000000.0,
        "Total Expenses": 1720000000.0,
        "Total Operating Income As Reported": NaN,
        "Diluted Average Shares": 297200000.0,
        "Basic Average Shares": 296500000.0,
        "Diluted EPS": 0.96,
        "Basic EPS": 0.96,
        "Diluted NI Availto Com Stockholders": 285000000.0,
        "Net Income Common Stockholders": 285000000.0,
        "Preferred Stock Dividends": 2000000.0,
        "Net Income": 287000000.0,
        "Minority Interests": 24000000.0,
        "Net Income Including Noncontrolling Interests": 263000000.0,
        "Net Income Discontinuous Operations": NaN,
        "Net Income Continuous Operations": 263000000.0,
        "Tax Provision": 58000000.0,
        "Pretax Income": 321000000.0,
        "Other Income Expense": 42000000.0,
        "Other Non Operating Income Expenses": 42000000.0,
        "Special Income Charges": NaN,
        "Other Special Charges": NaN,
        "Net Non Operating Interest Income Expense": -177000000.0,
        "Interest Expense Non Operating": 177000000.0,
        "Operating Income": 456000000.0,
        "Operating Expense": 479000000.0,
        "Other Taxes": 155000000.0,
        "Depreciation Amortization Depletion Income Statement": 368000000.0,
        "Depreciation And Amortization In Income Statement": 368000000.0,
        "Selling General And Administration": -44000000.0,
        "General And Administrative Expense": -44000000.0,
        "Salaries And Wages": -44000000.0,
        "Gross Profit": 935000000.0,
        "Cost Of Revenue": 1241000000.0,
        "Total Revenue": 2176000000.0,
        "Operating Revenue": 2176000000.0
    },
    "2024-06-30": {
        "Tax Effect Of Unusual Items": 0.0,
        "Tax Rate For Calcs": 0.183857,
        "Normalized EBITDA": 681000000.0,
        "Total Unusual Items": NaN,
        "Total Unusual Items Excluding Goodwill": NaN,
        "Net Income From Continuing Operation Net Minority Interest": 198000000.0,
        "Reconciled Depreciation": 285000000.0,
        "Reconciled Cost Of Revenue": 937000000.0,
        "EBITDA": 681000000.0,
        "EBIT": 396000000.0,
        "Net Interest Income": -173000000.0,
        "Interest Expense": 173000000.0,
        "Normalized Income": 198000000.0,
        "Net Income From Continuing And Discontinued Operation": 198000000.0,
        "Total Expenses": 1283000000.0,
        "Total Operating Income As Reported": 283000000.0,
        "Diluted Average Shares": 298500000.0,
        "Basic Average Shares": 297900000.0,
        "Diluted EPS": 0.65,
        "Basic EPS": 0.65,
        "Diluted NI Availto Com Stockholders": 195000000.0,
        "Net Income Common Stockholders": 195000000.0,
        "Preferred Stock Dividends": 3000000.0,
        "Net Income": 198000000.0,
        "Minority Interests": 16000000.0,
        "Net Income Including Noncontrolling Interests": 182000000.0,
        "Net Income Discontinuous Operations": 0.0,
        "Net Income Continuous Operations": 182000000.0,
        "Tax Provision": 41000000.0,
        "Pretax Income": 223000000.0,
        "Other Income Expense": 72000000.0,
        "Other Non Operating Income Expenses": 72000000.0,
        "Special Income Charges": NaN,
        "Other Special Charges": NaN,
        "Net Non Operating Interest Income Expense": -173000000.0,
        "Interest Expense Non Operating": 173000000.0,
        "Operating Income": 324000000.0,
        "Operating Expense": 334000000.0,
        "Other Taxes": 102000000.0,
        "Depreciation Amortization Depletion Income Statement": 273000000.0,
        "Depreciation And Amortization In Income Statement": 273000000.0,
        "Selling General And Administration": -41000000.0,
        "General And Administrative Expense": -41000000.0,
        "Salaries And Wages": -41000000.0,
        "Gross Profit": 658000000.0,
        "Cost Of Revenue": 949000000.0,
        "Total Revenue": 1607000000.0,
        "Operating Revenue": 1607000000.0
    }
}