{
    "2023-12-31": {
        "Tax Effect Of Unusual Items": 0.0,
        "Tax Rate For Calcs": 0.093101,
        "Normalized EBITDA": 5918000.0,
        "Total Unusual Items": 0.0,
        "Total Unusual Items Excluding Goodwill": 0.0,
        "Net Income From Continuing Operation Net Minority Interest": 2182000.0,
        "Reconciled Depreciation": 3337000.0,
        "Reconciled Cost Of Revenue": 62838000.0,
        "EBITDA": 5918000.0,
        "EBIT": 2581000.0,
        "Net Interest Income": -175000.0,
        "Interest Expense": 175000.0,
        "Interest Income": NaN,
        "Normalized Income": 2182000.0,
        "Net Income From Continuing And Discontinued Operation": 2182000.0,
        "Total Expenses": 71039000.0,
        "Total Operating Income As Reported": 2518000.0,
        "Diluted Average Shares": NaN,
        "Basic Average Shares": NaN,
        "Diluted EPS": NaN,
        "Basic EPS": NaN,
        "Diluted NI Availto Com Stockholders": 2101000.0,
        "Net Income Common Stockholders": 2101000.0,
        "Otherunder Preferred Stock Dividend": 81000.0,
        "Net Income": 2182000.0,
        "Net Income Including Noncontrolling Interests": 2182000.0,
        "Net Income Continuous Operations": 2182000.0,
        "Tax Provision": 224000.0,
        "Pretax Income": 2406000.0,
        "Other Income Expense": NaN,
        "Other Non Operating Income Expenses": NaN,
        "Special Income Charges": 0.0,
        "Net Non Operating Interest Income Expense": -175000.0,
        "Interest Expense Non Operating": 175000.0,
        "Interest Income Non Operating": NaN,
        "Operating Income": 2738000.0,
        "Operating Expense": 8201000.0,
        "Selling General And Administration": 8201000.0,
        "General And Administrative Expense": 8201000.0,
        "Other Gand A": 8421000.0,
        "Salaries And Wages": NaN,
        "Gross Profit": 10939000.0,
        "Cost Of Revenue": 62838000.0,
        "Total Revenue": 73777000.0,
        "Operating Revenue": 73777000.0
    },
    "2023-09-30": {
        "Tax Effect Of Unusual Items": 0.0,
        "Tax Rate For Calcs": 0.241463,
        "Normalized EBITDA": 9156000.0,
        "Total Unusual Items": 0.0,
        "Total Unusual Items Excluding Goodwill": 0.0,
        "Net Income From Continuing Operation Net Minority Interest": 4354000.0,
        "Reconciled Depreciation": 3229000.0,
        "Reconciled Cost Of Revenue": 71450000.0,
        "EBITDA": 9156000.0,
        "EBIT": 5927000.0,
        "Net Interest Income": -187000.0,
        "Interest Expense": 187000.0,
        "Interest Income": NaN,
        "Normalized Income": 4354000.0,
        "Net Income From Continuing And Discontinued Operation": 4354000.0,
        "Total Expenses": 80853000.0,
        "Total Operating Income As Reported": 5875000.0,
        "Diluted Average Shares": 8842000.0,
        "Basic Average Shares": 8623000.0,
        "Diluted EPS": 0.49,
        "Basic EPS": 0.5,
        "Diluted NI Availto Com Stockholders": 4354000.0,
        "Net Income Common Stockholders": 4354000.0,
        "Otherunder Preferred Stock Dividend": 0.0,
        "Net Income": 4354000.0,
        "Net Income Including Noncontrolling Interests": 4354000.0,
        "Net Income Continuous Operations": 4354000.0,
        "Tax Provision": 1386000.0,
        "Pretax Income": 5740000.0,
        "Other Income Expense": 52000.0,
        "Other Non Operating Income Expenses": 52000.0,
        "Special Income Charges": 0.0,
        "Net Non Operating Interest Income Expense": -187000.0,
        "Interest Expense Non Operating": 187000.0,
        "Interest Income Non Operating": NaN,
        "Operating Income": 5875000.0,
        "Operating Expense": 9403000.0,
        "Selling General And Administration": 9403000.0,
        "General And Administrative Expense": 9403000.0,
        "Other Gand A": 9403000.0,
        "Salaries And Wages": NaN,
        "Gross Profit": 15278000.0,
        "Cost Of Revenue": 71450000.0,
        "Total Revenue": 86728000.0,
        "Operating Revenue": 86728000.0
    },
    "2023-06-30": {
        "Tax Effect Of Unusual Items": NaN,
        "Tax Rate For Calcs": NaN,
        "Normalized EBITDA": NaN,
        "Total Unusual Items": NaN,
        "Total Unusual Items Excluding Goodwill": NaN,
        "Net Income From Continuing Operation Net Minority Interest": NaN,
        "Reconciled Depreciation": NaN,
        "Reconciled Cost Of Revenue": NaN,
        "EBITDA": NaN,
        "EBIT": NaN,
        "Net Interest Income": NaN,
        "Interest Expense": 293000.0,
        "Interest Income": NaN,
        "Normalized Income": NaN,
        "Net Income From Continuing And Discontinued Operation": NaN,
        "Total Expenses": NaN,
        "Total Operating Income As Reported": NaN,
        "Diluted Average Shares": 8720879.0,
        "Basic Average Shares": 8533333.0,
        "Diluted EPS": 0.91,
        "Basic EPS": 0.93,
        "Diluted NI Availto Com Stockholders": NaN,
        "Net Income Common Stockholders": NaN,
        "Otherunder Preferred Stock Dividend": 57000.0,
        "Net Income": NaN,
        "Net Income Including Noncontrolling Interests": NaN,
        "Net Income Continuous Operations": NaN,
        "Tax Provision": NaN,
        "Pretax Income": NaN,
        "Other Income Expense": NaN,
        "Other Non Operating Income Expenses": NaN,
        "Special Income Charges": NaN,
        "Net Non Operating Interest Income Expense": NaN,
        "Interest Expense Non Operating": 293000.0,
        "Interest Income Non Operating": NaN,
        "Operating Income": NaN,
        "Operating Expense": NaN,
        "Selling General And Administration": NaN,
        "General And Administrative Expense": 10440000.0,
        "Other Gand A": 10492000.0,
        "Salaries And Wages": -52000.0,
        "Gross Profit": NaN,
        "Cost Of Revenue": NaN,
        "Total Revenue": NaN,
        "Operating Revenue": NaN
    },
    "2023-03-31": {
        "Tax Effect Of Unusual Items": NaN,
        "Tax Rate For Calcs": NaN,
        "Normalized EBITDA": NaN,
        "Total Unusual Items": NaN,
        "Total Unusual Items Excluding Goodwill": NaN,
        "Net Income From Continuing Operation Net Minority Interest": NaN,
        "Reconciled Depreciation": NaN,
        "Reconciled Cost Of Revenue": NaN,
        "EBITDA": NaN,
        "EBIT": NaN,
        "Net Interest Income": NaN,
        "Interest Expense": 356000.0,
        "Interest Income": NaN,
        "Normalized Income": NaN,
        "Net Income From Continuing And Discontinued Operation": NaN,
        "Total Expenses": NaN,
        "Total Operating Income As Reported": NaN,
        "Diluted Average Shares": NaN,
        "Basic Average Shares": NaN,
        "Diluted EPS": NaN,
        "Basic EPS": NaN,
        "Diluted NI Availto Com Stockholders": NaN,
        "Net Income Common Stockholders": NaN,
        "Otherunder Preferred Stock Dividend": NaN,
        "Net Income": NaN,
        "Net Income Including Noncontrolling Interests": NaN,
        "Net Income Continuous Operations": NaN,
        "Tax Provision": NaN,
        "Pretax Income": NaN,
        "Other Income Expense": 52000.0,
        "Other Non Operating Income Expenses": 52000.0,
        "Special Income Charges": NaN,
        "Net Non Operating Interest Income Expense": NaN,
        "Interest Expense Non Operating": 356000.0,
        "Interest Income Non Operating": NaN,
        "Operating Income": NaN,
        "Operating Expense": NaN,
        "Selling General And Administration": NaN,
        "General And Administrative Expense": NaN,
        "Other Gand A": NaN,
        "Salaries And Wages": NaN,
        "Gross Profit": NaN,
        "Cost Of Revenue": NaN,
        "Total Revenue": NaN,
        "Operating Revenue": NaN
    },
    "2024-03-31": {
        "Tax Effect Of Unusual Items": 0.0,
        "Tax Rate For Calcs": 0.214912,
        "Normalized EBITDA": 8162000.0,
        "Total Unusual Items": NaN,
        "Total Unusual Items Excluding Goodwill": NaN,
        "Net Income From Continuing Operation Net Minority Interest": 3759000.0,
        "Reconciled Depreciation": 3292000.0,
        "Reconciled Cost Of Revenue": 64840000.0,
        "EBITDA": 8162000.0,
        "EBIT": 4870000.0,
        "Net Interest Income": -82000.0,
        "Interest Expense": 82000.0,
        "Interest Income": NaN,
        "Normalized Income": 3759000.0,
        "Net Income From Continuing And Discontinued Operation": 3759000.0,
        "Total Expenses": 73413000.0,
        "Total Operating Income As Reported": 4732000.0,
        "Diluted Average Shares": 8832000.0,
        "Basic Average Shares": 8666000.0,
        "Diluted EPS": 0.43,
        "Basic EPS": 0.43,
        "Diluted NI Availto Com Stockholders": 3759000.0,
        "Net Income Common Stockholders": 3759000.0,
        "Otherunder Preferred Stock Dividend": 0.0,
        "Net Income": 3759000.0,
        "Net Income Including Noncontrolling Interests": 3759000.0,
        "Net Income Continuous Operations": 3759000.0,
        "Tax Provision": 1029000.0,
        "Pretax Income": 4788000.0,
        "Other Income Expense": 138000.0,
        "Other Non Operating Income Expenses": 138000.0,
        "Special Income Charges": NaN,
        "Net Non Operating Interest Income Expense": -82000.0,
        "Interest Expense Non Operating": 82000.0,
        "Interest Income Non Operating": NaN,
        "Operating Income": 4732000.0,
        "Operating Expense": 8573000.0,
        "Selling General And Administration": 8573000.0,
        "General And Administrative Expense": 8573000.0,
        "Other Gand A": 8573000.0,
        "Salaries And Wages": NaN,
        "Gross Profit": 13305000.0,
        "Cost Of Revenue": 64840000.0,
        "Total Revenue": 78145000.0,
        "Operating Revenue": 78145000.0
    },
    "2022-12-31": {
        "Tax Effect Of Unusual Items": NaN,
        "Tax Rate For Calcs": NaN,
        "Normalized EBITDA": NaN,
        "Total Unusual Items": 0.0,
        "Total Unusual Items Excluding Goodwill": 0.0,
        "Net Income From Continuing Operation Net Minority Interest": NaN,
        "Reconciled Depreciation": NaN,
        "Reconciled Cost Of Revenue": NaN,
        "EBITDA": NaN,
        "EBIT": NaN,
        "Net Interest Income": NaN,
        "Interest Expense": NaN,
        "Interest Income": NaN,
        "Normalized Income": NaN,
        "Net Income From Continuing And Discontinued Operation": NaN,
        "Total Expenses": NaN,
        "Total Operating Income As Reported": NaN,
        "Diluted Average Shares": NaN,
        "Basic Average Shares": NaN,
        "Diluted EPS": NaN,
        "Basic EPS": NaN,
        "Diluted NI Availto Com Stockholders": NaN,
        "Net Income Common Stockholders": NaN,
        "Otherunder Preferred Stock Dividend": NaN,
        "Net Income": NaN,
        "Net Income Including Noncontrolling Interests": NaN,
        "Net Income Continuous Operations": NaN,
        "Tax Provision": NaN,
        "Pretax Income": NaN,
        "Other Income Expense": 31000.0,
        "Other Non Operating Income Expenses": 31000.0,
        "Special Income Charges": 0.0,
        "Other Special Charges": 0.0,
        "Net Non Operating Interest Income Expense": NaN,
        "Interest Expense Non Operating": NaN,
        "Interest Income Non Operating": NaN,
        "Operating Income": NaN,
        "Operating Expense": NaN,
        "Selling General And Administration": NaN,
        "General And Administrative Expense": NaN,
        "Other Gand A": NaN,
        "Salaries And Wages": NaN,
        "Gross Profit": NaN,
        "Cost Of Revenue": NaN,
        "Total Revenue": NaN,
        "Operating Revenue": NaN
    },
    "2022-09-30": {
        "Tax Effect Of Unusual Items": NaN,
        "Tax Rate For Calcs": NaN,
        "Normalized EBITDA": NaN,
        "Total Unusual Items": -1582000.0,
        "Total Unusual Items Excluding Goodwill": -1582000.0,
        "Net Income From Continuing Operation Net Minority Interest": NaN,
        "Reconciled Depreciation": NaN,
        "Reconciled Cost Of Revenue": NaN,
        "EBITDA": NaN,
        "EBIT": NaN,
        "Net Interest Income": NaN,
        "Interest Expense": NaN,
        "Normalized Income": NaN,
        "Net Income From Continuing And Discontinued Operation": NaN,
        "Total Expenses": NaN,
        "Total Operating Income As Reported": NaN,
        "Diluted Average Shares": NaN,
        "Basic Average Shares": NaN,
        "Diluted EPS": NaN,
        "Basic EPS": NaN,
        "Diluted NI Availto Com Stockholders": NaN,
        "Net Income Common Stockholders": NaN,
        "Otherunder Preferred Stock Dividend": NaN,
        "Net Income": NaN,
        "Net Income Including Noncontrolling Interests": NaN,
        "Net Income Continuous Operations": NaN,
        "Tax Provision": NaN,
        "Pretax Income": NaN,
        "Other Income Expense": -1551000.0,
        "Other Non Operating Income Expenses": 31000.0,
        "Special Income Charges": -1582000.0,
        "Other Special Charges": 1582000.0,
        "Net Non Operating Interest Income Expense": NaN,
        "Interest Expense Non Operating": NaN,
        "Operating Income": NaN,
        "Operating Expense": NaN,
        "Selling General And Administration": NaN,
        "General And Administrative Expense": NaN,
        "Other Gand A": NaN,
        "Salaries And Wages": NaN,
        "Gross Profit": NaN,
        "Cost Of Revenue": NaN,
        "Total Revenue": NaN,
        "Operating Revenue": NaN
    },
    "2024-06-30": {
        "Tax Effect Of Unusual Items": 0.0,
        "Tax Rate For Calcs": 0.162557,
        "Normalized EBITDA": 11063000.0,
        "Total Unusual Items": NaN,
        "Total Unusual Items Excluding Goodwill": NaN,
        "Net Income From Continuing Operation Net Minority Interest": 6419000.0,
        "Reconciled Depreciation": 3436000.0,
        "Reconciled Cost Of Revenue": 71018000.0,
        "EBITDA": 11063000.0,
        "EBIT": 7627000.0,
        "Net Interest Income": 38000.0,
        "Interest Expense": NaN,
        "Interest Income": 38000.0,
        "Normalized Income": 6419000.0,
        "Net Income From Continuing And Discontinued Operation": 6419000.0,
        "Total Expenses": 81116000.0,
        "Total Operating Income As Reported": 7489000.0,
        "Diluted Average Shares": 8773000.0,
        "Basic Average Shares": 8711000.0,
        "Diluted EPS": 0.73,
        "Basic EPS": 0.74,
        "Diluted NI Availto Com Stockholders": 6419000.0,
        "Net Income Common Stockholders": 6419000.0,
        "Otherunder Preferred Stock Dividend": 0.0,
        "Net Income": 6419000.0,
        "Net Income Including Noncontrolling Interests": 6419000.0,
        "Net Income Continuous Operations": 6419000.0,
        "Tax Provision": 1246000.0,
        "Pretax Income": 7665000.0,
        "Other Income Expense": NaN,
        "Other Non Operating Income Expenses": NaN,
        "Special Income Charges": NaN,
        "Net Non Operating Interest Income Expense": 38000.0,
        "Interest Expense Non Operating": NaN,
        "Interest Income Non Operating": 38000.0,
        "Operating Income": 7627000.0,
        "Operating Expense": 10098000.0,
        "Selling General And Administration": 10098000.0,
        "General And Administrative Expense": 10098000.0,
        "Other Gand A": 10236000.0,
        "Salaries And Wages": -138000.0,
        "Gross Profit": 17725000.0,
        "Cost Of Revenue": 71018000.0,
        "Total Revenue": 88743000.0,
        "Operating Revenue": 88743000.0
    },
    "2024-09-30": {
        "Tax Effect Of Unusual Items": 0.0,
        "Tax Rate For Calcs": 0.187034,
        "Normalized EBITDA": 6895000.0,
        "Total Unusual Items": NaN,
        "Total Unusual Items Excluding Goodwill": NaN,
        "Net Income From Continuing Operation Net Minority Interest": 3160000.0,
        "Reconciled Depreciation": 3290000.0,
        "Reconciled Cost Of Revenue": 60647000.0,
        "EBITDA": 6895000.0,
        "EBIT": 3605000.0,
        "Net Interest Income": 144000.0,
        "Interest Expense": NaN,
        "Interest Income": 144000.0,
        "Normalized Income": 3160000.0,
        "Net Income From Continuing And Discontinued Operation": 3160000.0,
        "Total Expenses": 69387000.0,
        "Total Operating Income As Reported": 3605000.0,
        "Diluted Average Shares": 8793000.0,
        "Basic Average Shares": 8716000.0,
        "Diluted EPS": 0.36,
        "Basic EPS": 0.36,
        "Diluted NI Availto Com Stockholders": 3160000.0,
        "Net Income Common Stockholders": 3160000.0,
        "Otherunder Preferred Stock Dividend": NaN,
        "Net Income": 3160000.0,
        "Net Income Including Noncontrolling Interests": 3160000.0,
        "Net Income Continuous Operations": 3160000.0,
        "Tax Provision": 727000.0,
        "Pretax Income": 3887000.0,
        "Other Income Expense": 138000.0,
        "Other Non Operating Income Expenses": 138000.0,
        "Special Income Charges": NaN,
        "Net Non Operating Interest Income Expense": 144000.0,
        "Interest Expense Non Operating": NaN,
        "Interest Income Non Operating": 144000.0,
        "Operating Income": 3605000.0,
        "Operating Expense": 8740000.0,
        "Selling General And Administration": 8740000.0,
        "General And Administrative Expense": NaN,
        "Other Gand A": NaN,
        "Salaries And Wages": NaN,
        "Gross Profit": 12345000.0,
        "Cost Of Revenue": 60647000.0,
        "Total Revenue": 72992000.0,
        "Operating Revenue": 72992000.0
    }
}