{
    "2023-03-31": {
        "Tax Effect Of Unusual Items": -2080000.0,
        "Tax Rate For Calcs": 0.208,
        "Normalized EBITDA": 90000000.0,
        "Total Unusual Items": -10000000.0,
        "Total Unusual Items Excluding Goodwill": -10000000.0,
        "Net Income From Continuing Operation Net Minority Interest": -6000000.0,
        "Reconciled Depreciation": 61000000.0,
        "Reconciled Cost Of Revenue": 720000000.0,
        "EBITDA": 80000000.0,
        "EBIT": 19000000.0,
        "Net Interest Income": -27000000.0,
        "Interest Expense": 27000000.0,
        "Normalized Income": 1920000.0,
        "Net Income From Continuing And Discontinued Operation": -6000000.0,
        "Total Expenses": 893000000.0,
        "Diluted Average Shares": 218410000.0,
        "Basic Average Shares": 218410000.0,
        "Diluted EPS": -0.04,
        "Basic EPS": -0.04,
        "Diluted NI Availto Com Stockholders": -10000000.0,
        "Average Dilution Earnings": -2000000.0,
        "Net Income Common Stockholders": -8000000.0,
        "Preferred Stock Dividends": 2000000.0,
        "Net Income": -6000000.0,
        "Net Income Including Noncontrolling Interests": -6000000.0,
        "Net Income Continuous Operations": -6000000.0,
        "Tax Provision": -2000000.0,
        "Pretax Income": -8000000.0,
        "Other Income Expense": -10000000.0,
        "Other Non Operating Income Expenses": NaN,
        "Special Income Charges": -10000000.0,
        "Gain On Sale Of Business": -2000000.0,
        "Other Special Charges": -21000000.0,
        "Impairment Of Capital Assets": NaN,
        "Restructuring And Mergern Acquisition": 29000000.0,
        "Net Non Operating Interest Income Expense": -27000000.0,
        "Interest Expense Non Operating": 27000000.0,
        "Operating Income": 29000000.0,
        "Operating Expense": 173000000.0,
        "Other Operating Expenses": -1000000.0,
        "Depreciation Amortization Depletion Income Statement": 61000000.0,
        "Depreciation And Amortization In Income Statement": 61000000.0,
        "Research And Development": 2000000.0,
        "Selling General And Administration": 111000000.0,
        "Gross Profit": 202000000.0,
        "Cost Of Revenue": 720000000.0,
        "Total Revenue": 922000000.0,
        "Operating Revenue": 922000000.0
    },
    "2022-12-31": {
        "Tax Effect Of Unusual Items": NaN,
        "Tax Rate For Calcs": NaN,
        "Normalized EBITDA": NaN,
        "Total Unusual Items": NaN,
        "Total Unusual Items Excluding Goodwill": NaN,
        "Net Income From Continuing Operation Net Minority Interest": NaN,
        "Reconciled Depreciation": NaN,
        "Reconciled Cost Of Revenue": NaN,
        "EBITDA": NaN,
        "EBIT": NaN,
        "Net Interest Income": NaN,
        "Interest Expense": NaN,
        "Normalized Income": NaN,
        "Net Income From Continuing And Discontinued Operation": NaN,
        "Total Expenses": NaN,
        "Diluted Average Shares": NaN,
        "Basic Average Shares": NaN,
        "Diluted EPS": NaN,
        "Basic EPS": NaN,
        "Diluted NI Availto Com Stockholders": NaN,
        "Average Dilution Earnings": NaN,
        "Net Income Common Stockholders": NaN,
        "Preferred Stock Dividends": NaN,
        "Net Income": NaN,
        "Net Income Including Noncontrolling Interests": NaN,
        "Net Income Continuous Operations": NaN,
        "Tax Provision": NaN,
        "Pretax Income": NaN,
        "Other Income Expense": NaN,
        "Other Non Operating Income Expenses": NaN,
        "Special Income Charges": NaN,
        "Gain On Sale Of Business": NaN,
        "Other Special Charges": -1000000.0,
        "Impairment Of Capital Assets": NaN,
        "Restructuring And Mergern Acquisition": NaN,
        "Net Non Operating Interest Income Expense": NaN,
        "Interest Expense Non Operating": NaN,
        "Operating Income": NaN,
        "Operating Expense": NaN,
        "Other Operating Expenses": NaN,
        "Depreciation Amortization Depletion Income Statement": NaN,
        "Depreciation And Amortization In Income Statement": NaN,
        "Research And Development": NaN,
        "Selling General And Administration": NaN,
        "Gross Profit": NaN,
        "Cost Of Revenue": NaN,
        "Total Revenue": NaN,
        "Operating Revenue": NaN
    },
    "2022-09-30": {
        "Tax Effect Of Unusual Items": NaN,
        "Tax Rate For Calcs": NaN,
        "Normalized EBITDA": NaN,
        "Total Unusual Items": NaN,
        "Total Unusual Items Excluding Goodwill": NaN,
        "Net Income From Continuing Operation Net Minority Interest": NaN,
        "Reconciled Depreciation": NaN,
        "Reconciled Cost Of Revenue": NaN,
        "EBITDA": NaN,
        "EBIT": NaN,
        "Net Interest Income": NaN,
        "Interest Expense": NaN,
        "Normalized Income": NaN,
        "Net Income From Continuing And Discontinued Operation": NaN,
        "Total Expenses": NaN,
        "Diluted Average Shares": NaN,
        "Basic Average Shares": NaN,
        "Diluted EPS": NaN,
        "Basic EPS": NaN,
        "Diluted NI Availto Com Stockholders": NaN,
        "Average Dilution Earnings": NaN,
        "Net Income Common Stockholders": NaN,
        "Preferred Stock Dividends": NaN,
        "Net Income": NaN,
        "Net Income Including Noncontrolling Interests": NaN,
        "Net Income Continuous Operations": NaN,
        "Tax Provision": NaN,
        "Pretax Income": NaN,
        "Other Income Expense": NaN,
        "Other Non Operating Income Expenses": NaN,
        "Special Income Charges": NaN,
        "Gain On Sale Of Business": NaN,
        "Other Special Charges": NaN,
        "Impairment Of Capital Assets": 0.0,
        "Restructuring And Mergern Acquisition": NaN,
        "Net Non Operating Interest Income Expense": NaN,
        "Interest Expense Non Operating": NaN,
        "Operating Income": NaN,
        "Operating Expense": NaN,
        "Other Operating Expenses": NaN,
        "Depreciation Amortization Depletion Income Statement": NaN,
        "Depreciation And Amortization In Income Statement": NaN,
        "Research And Development": NaN,
        "Selling General And Administration": NaN,
        "Gross Profit": NaN,
        "Cost Of Revenue": NaN,
        "Total Revenue": NaN,
        "Operating Revenue": NaN
    },
    "2022-06-30": {
        "Tax Effect Of Unusual Items": -4400000.0,
        "Tax Rate For Calcs": 0.4,
        "Normalized EBITDA": 87000000.0,
        "Total Unusual Items": -11000000.0,
        "Total Unusual Items Excluding Goodwill": -11000000.0,
        "Net Income From Continuing Operation Net Minority Interest": 0.0,
        "Reconciled Depreciation": 53000000.0,
        "Reconciled Cost Of Revenue": 727000000.0,
        "EBITDA": 76000000.0,
        "EBIT": 23000000.0,
        "Net Interest Income": -18000000.0,
        "Interest Expense": 18000000.0,
        "Normalized Income": 6600000.0,
        "Net Income From Continuing And Discontinued Operation": 0.0,
        "Total Expenses": 895000000.0,
        "Diluted Average Shares": 215629000.0,
        "Basic Average Shares": 215629000.0,
        "Diluted EPS": -0.01,
        "Basic EPS": -0.01,
        "Diluted NI Availto Com Stockholders": -3000000.0,
        "Net Income Common Stockholders": -3000000.0,
        "Preferred Stock Dividends": 3000000.0,
        "Net Income": 0.0,
        "Net Income Including Noncontrolling Interests": 0.0,
        "Net Income Continuous Operations": 0.0,
        "Tax Provision": 5000000.0,
        "Pretax Income": 5000000.0,
        "Other Income Expense": -10000000.0,
        "Other Non Operating Income Expenses": 1000000.0,
        "Special Income Charges": -11000000.0,
        "Gain On Sale Of Business": -3000000.0,
        "Other Special Charges": -3000000.0,
        "Impairment Of Capital Assets": NaN,
        "Restructuring And Mergern Acquisition": 11000000.0,
        "Net Non Operating Interest Income Expense": -18000000.0,
        "Interest Expense Non Operating": 18000000.0,
        "Operating Income": 33000000.0,
        "Operating Expense": 168000000.0,
        "Other Operating Expenses": NaN,
        "Depreciation Amortization Depletion Income Statement": 53000000.0,
        "Depreciation And Amortization In Income Statement": 53000000.0,
        "Research And Development": 2000000.0,
        "Selling General And Administration": 113000000.0,
        "Gross Profit": 201000000.0,
        "Cost Of Revenue": 727000000.0,
        "Total Revenue": 928000000.0,
        "Operating Revenue": 928000000.0
    },
    "2023-06-30": {
        "Tax Effect Of Unusual Items": -495000.0,
        "Tax Rate For Calcs": 0.033,
        "Normalized EBITDA": 92000000.0,
        "Total Unusual Items": -15000000.0,
        "Total Unusual Items Excluding Goodwill": -15000000.0,
        "Net Income From Continuing Operation Net Minority Interest": -7000000.0,
        "Reconciled Depreciation": 57000000.0,
        "Reconciled Cost Of Revenue": 704000000.0,
        "EBITDA": 77000000.0,
        "EBIT": 20000000.0,
        "Net Interest Income": -27000000.0,
        "Interest Expense": 27000000.0,
        "Normalized Income": 7505000.0,
        "Net Income From Continuing And Discontinued Operation": -7000000.0,
        "Total Expenses": 880000000.0,
        "Diluted Average Shares": 218394000.0,
        "Basic Average Shares": 218394000.0,
        "Diluted EPS": -0.04,
        "Basic EPS": -0.04,
        "Diluted NI Availto Com Stockholders": -10000000.0,
        "Average Dilution Earnings": NaN,
        "Net Income Common Stockholders": -10000000.0,
        "Preferred Stock Dividends": 3000000.0,
        "Net Income": -7000000.0,
        "Net Income Including Noncontrolling Interests": -7000000.0,
        "Net Income Continuous Operations": -7000000.0,
        "Tax Provision": 0.0,
        "Pretax Income": -7000000.0,
        "Other Income Expense": -15000000.0,
        "Other Non Operating Income Expenses": NaN,
        "Special Income Charges": -15000000.0,
        "Gain On Sale Of Business": -3000000.0,
        "Other Special Charges": -1000000.0,
        "Impairment Of Capital Assets": NaN,
        "Restructuring And Mergern Acquisition": 13000000.0,
        "Net Non Operating Interest Income Expense": -27000000.0,
        "Interest Expense Non Operating": 27000000.0,
        "Operating Income": 35000000.0,
        "Operating Expense": 176000000.0,
        "Other Operating Expenses": NaN,
        "Depreciation Amortization Depletion Income Statement": 57000000.0,
        "Depreciation And Amortization In Income Statement": 57000000.0,
        "Research And Development": 1000000.0,
        "Selling General And Administration": 118000000.0,
        "Gross Profit": 211000000.0,
        "Cost Of Revenue": 704000000.0,
        "Total Revenue": 915000000.0,
        "Operating Revenue": 915000000.0
    },
    "2022-03-31": {
        "Diluted EPS": 0.61,
        "Total Revenue": 967,
        "Gross Profit": 212,
        "Operating Income": 39,
        "EBIT": 101,
        "Net Income": 136
    },
    "2021-12-31": {
        "Diluted EPS": -0.2,
        "Total Revenue": NaN,
        "Gross Profit": 245,
        "Operating Income": -19,
        "EBIT": 69,
        "Net Income": -48
    },
    "2021-09-30": {
        "Diluted EPS": 0.04,
        "Total Revenue": NaN,
        "Gross Profit": 262,
        "Operating Income": 35,
        "EBIT": 121,
        "Net Income": 11
    },
    "2021-06-30": {
        "Diluted EPS": 0.04,
        "Total Revenue": NaN,
        "Gross Profit": 254,
        "Operating Income": 34,
        "EBIT": 122,
        "Net Income": 12
    },
    "2021-03-31": {
        "Diluted EPS": -0.06,
        "Total Revenue": NaN,
        "Gross Profit": 241,
        "Operating Income": 7,
        "EBIT": 104,
        "Net Income": -13
    },
    "2020-12-31": {
        "Diluted EPS": -0.08,
        "Total Revenue": NaN,
        "Gross Profit": 252,
        "Operating Income": 7,
        "EBIT": 124,
        "Net Income": -14
    },
    "2020-09-30": {
        "Diluted EPS": -0.04,
        "Total Revenue": NaN,
        "Gross Profit": 262,
        "Operating Income": 8,
        "EBIT": 123,
        "Net Income": -9
    },
    "2020-06-30": {
        "Diluted EPS": -0.25,
        "Total Revenue": NaN,
        "Gross Profit": 221,
        "Operating Income": -34,
        "EBIT": 82,
        "Net Income": -54
    },
    "2020-03-31": {
        "Diluted EPS": -0.24,
        "Total Revenue": NaN,
        "Gross Profit": 219,
        "Operating Income": -22,
        "EBIT": 98,
        "Net Income": -51
    },
    "2019-12-31": {
        "Diluted EPS": -2.77,
        "Total Revenue": NaN,
        "Gross Profit": 249,
        "Operating Income": -611,
        "EBIT": 110,
        "Net Income": -588
    },
    "2019-09-30": {
        "Diluted EPS": -0.09,
        "Total Revenue": NaN,
        "Gross Profit": 239,
        "Operating Income": 3,
        "EBIT": 121,
        "Net Income": -16
    },
    "2019-06-30": {
        "Diluted EPS": -4.94,
        "Total Revenue": NaN,
        "Gross Profit": 233,
        "Operating Income": NaN,
        "EBIT": 85,
        "Net Income": NaN
    },
    "2019-03-31": {
        "Diluted EPS": -1.49,
        "Total Revenue": NaN,
        "Gross Profit": 252,
        "Operating Income": -293,
        "EBIT": 109,
        "Net Income": -308
    },
    "2018-12-31": {
        "Diluted EPS": -0.68,
        "Total Revenue": NaN,
        "Gross Profit": 293,
        "Operating Income": -33,
        "EBIT": 85,
        "Net Income": -147
    },
    "2018-09-30": {
        "Diluted EPS": -1.16,
        "Total Revenue": NaN,
        "Gross Profit": 299,
        "Operating Income": 14,
        "EBIT": 128,
        "Net Income": -237
    },
    "2018-06-30": {
        "Diluted EPS": 0.04,
        "Total Revenue": NaN,
        "Gross Profit": 314,
        "Operating Income": 93,
        "EBIT": 216,
        "Net Income": 8
    },
    "2018-03-31": {
        "Diluted EPS": -0.26,
        "Total Revenue": NaN,
        "Gross Profit": 305,
        "Operating Income": 25,
        "EBIT": 144,
        "Net Income": -50
    },
    "2017-12-31": {
        "Diluted EPS": 0.99,
        "Total Revenue": NaN,
        "Gross Profit": 529,
        "Operating Income": 40,
        "EBIT": 161,
        "Net Income": 210
    },
    "2017-09-30": {
        "Diluted EPS": -0.09,
        "Total Revenue": NaN,
        "Gross Profit": 261,
        "Operating Income": 29,
        "EBIT": 155,
        "Net Income": -17
    },
    "2017-06-30": {
        "Diluted EPS": -0.03,
        "Total Revenue": NaN,
        "Gross Profit": 243,
        "Operating Income": -11,
        "EBIT": 121,
        "Net Income": -4
    },
    "2017-03-31": {
        "Diluted EPS": -0.04,
        "Total Revenue": NaN,
        "Gross Profit": 259,
        "Operating Income": 3,
        "EBIT": 130,
        "Net Income": -8
    },
    "2016-12-31": {
        "Diluted EPS": -4.69,
        "Total Revenue": NaN,
        "Gross Profit": 447,
        "Operating Income": NaN,
        "EBIT": 47,
        "Net Income": -951
    },
    "2016-09-30": {
        "Diluted EPS": 0.01,
        "Total Revenue": NaN,
        "Gross Profit": 268,
        "Operating Income": 3,
        "EBIT": 138,
        "Net Income": 1
    },
    "2016-06-30": {
        "Diluted EPS": -0.05,
        "Total Revenue": NaN,
        "Gross Profit": 255,
        "Operating Income": -33,
        "EBIT": 101,
        "Net Income": -10
    },
    "2016-03-31": {
        "Diluted EPS": -0.12,
        "Total Revenue": NaN,
        "Gross Profit": 264,
        "Operating Income": -53,
        "EBIT": 95,
        "Net Income": -23
    },
    "2015-12-31": {
        "Diluted EPS": 0.0,
        "Total Revenue": NaN,
        "Gross Profit": NaN,
        "Operating Income": NaN,
        "EBIT": NaN,
        "Net Income": NaN
    },
    "2015-09-30": {
        "Diluted EPS": 0.0,
        "Total Revenue": NaN,
        "Gross Profit": -111,
        "Operating Income": -390,
        "EBIT": -390,
        "Net Income": -239
    },
    "2015-03-31": {
        "Diluted EPS": 0.0,
        "Total Revenue": NaN,
        "Gross Profit": 258,
        "Operating Income": -20,
        "EBIT": 126,
        "Net Income": 28
    },
    "2014-12-31": {
        "Diluted EPS": 0.0,
        "Total Revenue": NaN,
        "Gross Profit": NaN,
        "Operating Income": NaN,
        "EBIT": NaN,
        "Net Income": NaN
    },
    "2013-12-31": {
        "Diluted EPS": 0.0,
        "Total Revenue": NaN,
        "Gross Profit": NaN,
        "Operating Income": NaN,
        "EBIT": NaN,
        "Net Income": NaN
    },
    "2023-09-30": {
        "Tax Effect Of Unusual Items": -23166000.0,
        "Tax Rate For Calcs": 0.078,
        "Normalized EBITDA": 93000000.0,
        "Total Unusual Items": -297000000.0,
        "Total Unusual Items Excluding Goodwill": -297000000.0,
        "Net Income From Continuing Operation Net Minority Interest": -289000000.0,
        "Reconciled Depreciation": 81000000.0,
        "Reconciled Cost Of Revenue": 724000000.0,
        "EBITDA": -204000000.0,
        "EBIT": -285000000.0,
        "Net Interest Income": -28000000.0,
        "Interest Expense": 28000000.0,
        "Normalized Income": -15166000.0,
        "Net Income From Continuing And Discontinued Operation": -289000000.0,
        "Total Expenses": 922000000.0,
        "Diluted Average Shares": 217348000.0,
        "Basic Average Shares": 217348000.0,
        "Diluted EPS": -1.34,
        "Basic EPS": -1.34,
        "Diluted NI Availto Com Stockholders": -291000000.0,
        "Average Dilution Earnings": NaN,
        "Net Income Common Stockholders": -291000000.0,
        "Preferred Stock Dividends": 2000000.0,
        "Net Income": -289000000.0,
        "Net Income Including Noncontrolling Interests": -289000000.0,
        "Net Income Continuous Operations": -289000000.0,
        "Tax Provision": -24000000.0,
        "Pretax Income": -313000000.0,
        "Other Income Expense": -295000000.0,
        "Other Non Operating Income Expenses": 2000000.0,
        "Special Income Charges": -297000000.0,
        "Gain On Sale Of Business": -3000000.0,
        "Other Special Charges": NaN,
        "Impairment Of Capital Assets": 287000000.0,
        "Restructuring And Mergern Acquisition": 7000000.0,
        "Net Non Operating Interest Income Expense": -28000000.0,
        "Interest Expense Non Operating": 28000000.0,
        "Operating Income": 10000000.0,
        "Operating Expense": 198000000.0,
        "Other Operating Expenses": NaN,
        "Depreciation Amortization Depletion Income Statement": 81000000.0,
        "Depreciation And Amortization In Income Statement": 81000000.0,
        "Research And Development": 2000000.0,
        "Selling General And Administration": 115000000.0,
        "Gross Profit": 208000000.0,
        "Cost Of Revenue": 724000000.0,
        "Total Revenue": 932000000.0,
        "Operating Revenue": 932000000.0
    },
    "2023-12-31": {
        "Tax Effect Of Unusual Items": -1470000.0,
        "Tax Rate For Calcs": 0.21,
        "Normalized EBITDA": 97000000.0,
        "Total Unusual Items": -7000000.0,
        "Total Unusual Items Excluding Goodwill": -7000000.0,
        "Net Income From Continuing Operation Net Minority Interest": 6000000.0,
        "Reconciled Depreciation": 65000000.0,
        "Reconciled Cost Of Revenue": 740000000.0,
        "EBITDA": 90000000.0,
        "EBIT": 25000000.0,
        "Net Interest Income": -11000000.0,
        "Interest Expense": 29000000.0,
        "Normalized Income": 11530000.0,
        "Net Income From Continuing And Discontinued Operation": 6000000.0,
        "Total Expenses": 921000000.0,
        "Diluted Average Shares": 213625000.0,
        "Basic Average Shares": 213625000.0,
        "Diluted EPS": 0.02,
        "Basic EPS": 0.02,
        "Diluted NI Availto Com Stockholders": 3000000.0,
        "Average Dilution Earnings": NaN,
        "Net Income Common Stockholders": 3000000.0,
        "Preferred Stock Dividends": 3000000.0,
        "Net Income": 6000000.0,
        "Net Income Including Noncontrolling Interests": 6000000.0,
        "Net Income Continuous Operations": 6000000.0,
        "Tax Provision": -10000000.0,
        "Pretax Income": -4000000.0,
        "Other Income Expense": -25000000.0,
        "Other Non Operating Income Expenses": -18000000.0,
        "Special Income Charges": -7000000.0,
        "Gain On Sale Of Business": -2000000.0,
        "Other Special Charges": -8000000.0,
        "Impairment Of Capital Assets": 0.0,
        "Restructuring And Mergern Acquisition": 13000000.0,
        "Net Non Operating Interest Income Expense": -11000000.0,
        "Interest Expense Non Operating": 29000000.0,
        "Operating Income": 32000000.0,
        "Operating Expense": 181000000.0,
        "Other Operating Expenses": NaN,
        "Depreciation Amortization Depletion Income Statement": 65000000.0,
        "Depreciation And Amortization In Income Statement": 65000000.0,
        "Research And Development": 2000000.0,
        "Selling General And Administration": 114000000.0,
        "Gross Profit": 213000000.0,
        "Cost Of Revenue": 740000000.0,
        "Total Revenue": 953000000.0,
        "Operating Revenue": 953000000.0
    },
    "2024-03-31": {
        "Tax Effect Of Unusual Items": 31974000.0,
        "Tax Rate For Calcs": 0.219,
        "Normalized EBITDA": 70000000.0,
        "Total Unusual Items": 146000000.0,
        "Total Unusual Items Excluding Goodwill": 146000000.0,
        "Net Income From Continuing Operation Net Minority Interest": 99000000.0,
        "Reconciled Depreciation": 62000000.0,
        "Reconciled Cost Of Revenue": 735000000.0,
        "EBITDA": 216000000.0,
        "EBIT": 154000000.0,
        "Net Interest Income": -27000000.0,
        "Interest Expense": 27000000.0,
        "Normalized Income": -15026000.0,
        "Net Income From Continuing And Discontinued Operation": 99000000.0,
        "Total Expenses": 913000000.0,
        "Diluted Average Shares": 215747000.0,
        "Basic Average Shares": 209160000.0,
        "Diluted EPS": 0.46,
        "Basic EPS": 0.46,
        "Diluted NI Availto Com Stockholders": 97000000.0,
        "Average Dilution Earnings": 0.0,
        "Net Income Common Stockholders": 97000000.0,
        "Preferred Stock Dividends": 2000000.0,
        "Net Income": 99000000.0,
        "Net Income Including Noncontrolling Interests": 99000000.0,
        "Net Income Continuous Operations": 99000000.0,
        "Tax Provision": 28000000.0,
        "Pretax Income": 127000000.0,
        "Other Income Expense": 146000000.0,
        "Other Non Operating Income Expenses": NaN,
        "Special Income Charges": 146000000.0,
        "Gain On Sale Of Business": 161000000.0,
        "Other Special Charges": 6000000.0,
        "Impairment Of Capital Assets": NaN,
        "Restructuring And Mergern Acquisition": 9000000.0,
        "Net Non Operating Interest Income Expense": -27000000.0,
        "Interest Expense Non Operating": 27000000.0,
        "Operating Income": 8000000.0,
        "Operating Expense": 178000000.0,
        "Other Operating Expenses": -2000000.0,
        "Depreciation Amortization Depletion Income Statement": 62000000.0,
        "Depreciation And Amortization In Income Statement": 62000000.0,
        "Research And Development": 2000000.0,
        "Selling General And Administration": 116000000.0,
        "Gross Profit": 186000000.0,
        "Cost Of Revenue": 735000000.0,
        "Total Revenue": 921000000.0,
        "Operating Revenue": 921000000.0
    }
}