{
    "2024-03-31": {
        "Tax Effect Of Unusual Items": -5952000.0,
        "Tax Rate For Calcs": 0.192,
        "Normalized EBITDA": 975000000.0,
        "Total Unusual Items": -31000000.0,
        "Total Unusual Items Excluding Goodwill": -31000000.0,
        "Net Income From Continuing Operation Net Minority Interest": 401000000.0,
        "Reconciled Depreciation": 148000000.0,
        "Reconciled Cost Of Revenue": 3195000000.0,
        "EBITDA": 944000000.0,
        "EBIT": 796000000.0,
        "Net Interest Income": -394000000.0,
        "Interest Expense": 394000000.0,
        "Normalized Income": 426048000.0,
        "Net Income From Continuing And Discontinued Operation": 401000000.0,
        "Total Expenses": 3834000000.0,
        "Diluted Average Shares": 1274000000.0,
        "Basic Average Shares": 1260000000.0,
        "Diluted EPS": 0.31,
        "Basic EPS": 0.32,
        "Diluted NI Availto Com Stockholders": 401000000.0,
        "Net Income Common Stockholders": 401000000.0,
        "Net Income": 401000000.0,
        "Minority Interests": -1000000.0,
        "Net Income Including Noncontrolling Interests": 402000000.0,
        "Net Income Continuous Operations": 402000000.0,
        "Earnings From Equity Interest Net Of Tax": 77000000.0,
        "Tax Provision": 77000000.0,
        "Pretax Income": 402000000.0,
        "Other Income Expense": -188000000.0,
        "Other Non Operating Income Expenses": -157000000.0,
        "Special Income Charges": -31000000.0,
        "Restructuring And Mergern Acquisition": 31000000.0,
        "Net Non Operating Interest Income Expense": -394000000.0,
        "Interest Expense Non Operating": 394000000.0,
        "Operating Income": 984000000.0,
        "Operating Expense": 639000000.0,
        "Research And Development": 228000000.0,
        "Selling General And Administration": 411000000.0,
        "Gross Profit": 1623000000.0,
        "Cost Of Revenue": 3195000000.0,
        "Total Revenue": 4818000000.0,
        "Operating Revenue": 4818000000.0
    },
    "2023-12-31": {
        "Tax Effect Of Unusual Items": -5930675.909879,
        "Tax Rate For Calcs": 0.10052,
        "Normalized EBITDA": 1188000000.0,
        "Total Unusual Items": -59000000.0,
        "Total Unusual Items Excluding Goodwill": -59000000.0,
        "Net Income From Continuing Operation Net Minority Interest": 616000000.0,
        "Reconciled Depreciation": 148000000.0,
        "Reconciled Cost Of Revenue": 4705000000.0,
        "EBITDA": 1129000000.0,
        "EBIT": 981000000.0,
        "Net Interest Income": -404000000.0,
        "Interest Expense": 404000000.0,
        "Normalized Income": 669069324.090121,
        "Net Income From Continuing And Discontinued Operation": 616000000.0,
        "Total Expenses": 5458000000.0,
        "Diluted Average Shares": 1334000000.0,
        "Basic Average Shares": 1317000000.0,
        "Diluted EPS": 0.46,
        "Basic EPS": 0.47,
        "Diluted NI Availto Com Stockholders": 616000000.0,
        "Net Income Common Stockholders": 616000000.0,
        "Net Income": 616000000.0,
        "Minority Interests": -1000000.0,
        "Net Income Including Noncontrolling Interests": 617000000.0,
        "Net Income Continuous Operations": 617000000.0,
        "Earnings From Equity Interest Net Of Tax": 98000000.0,
        "Tax Provision": 58000000.0,
        "Pretax Income": 577000000.0,
        "Other Income Expense": -353000000.0,
        "Other Non Operating Income Expenses": -294000000.0,
        "Special Income Charges": -59000000.0,
        "Restructuring And Mergern Acquisition": 59000000.0,
        "Net Non Operating Interest Income Expense": -404000000.0,
        "Interest Expense Non Operating": 404000000.0,
        "Operating Income": 1334000000.0,
        "Operating Expense": 753000000.0,
        "Research And Development": 275000000.0,
        "Selling General And Administration": 478000000.0,
        "Gross Profit": 2087000000.0,
        "Cost Of Revenue": 4705000000.0,
        "Total Revenue": 6792000000.0,
        "Operating Revenue": 6792000000.0
    },
    "2023-09-30": {
        "Tax Effect Of Unusual Items": -1290000.0,
        "Tax Rate For Calcs": 0.258,
        "Normalized EBITDA": 1159000000.0,
        "Total Unusual Items": -5000000.0,
        "Total Unusual Items Excluding Goodwill": -5000000.0,
        "Net Income From Continuing Operation Net Minority Interest": 567000000.0,
        "Reconciled Depreciation": 146000000.0,
        "Reconciled Cost Of Revenue": 4059000000.0,
        "EBITDA": 1154000000.0,
        "EBIT": 1008000000.0,
        "Net Interest Income": -346000000.0,
        "Interest Expense": 346000000.0,
        "Normalized Income": 570710000.0,
        "Net Income From Continuing And Discontinued Operation": 567000000.0,
        "Total Expenses": 4787000000.0,
        "Diluted Average Shares": 1351000000.0,
        "Basic Average Shares": 1332000000.0,
        "Diluted EPS": 0.42,
        "Basic EPS": 0.43,
        "Diluted NI Availto Com Stockholders": 567000000.0,
        "Net Income Common Stockholders": 567000000.0,
        "Net Income": 567000000.0,
        "Minority Interests": -3000000.0,
        "Net Income Including Noncontrolling Interests": 570000000.0,
        "Net Income Continuous Operations": 570000000.0,
        "Earnings From Equity Interest Net Of Tax": 79000000.0,
        "Tax Provision": 171000000.0,
        "Pretax Income": 662000000.0,
        "Other Income Expense": -191000000.0,
        "Other Non Operating Income Expenses": -186000000.0,
        "Special Income Charges": -5000000.0,
        "Restructuring And Mergern Acquisition": 5000000.0,
        "Net Non Operating Interest Income Expense": -346000000.0,
        "Interest Expense Non Operating": 346000000.0,
        "Operating Income": 1199000000.0,
        "Operating Expense": 728000000.0,
        "Research And Development": 266000000.0,
        "Selling General And Administration": 462000000.0,
        "Gross Profit": 1927000000.0,
        "Cost Of Revenue": 4059000000.0,
        "Total Revenue": 5986000000.0,
        "Operating Revenue": 5986000000.0
    },
    "2023-06-30": {
        "Tax Effect Of Unusual Items": -458000.0,
        "Tax Rate For Calcs": 0.229,
        "Normalized EBITDA": 1301000000.0,
        "Total Unusual Items": -2000000.0,
        "Total Unusual Items Excluding Goodwill": -2000000.0,
        "Net Income From Continuing Operation Net Minority Interest": 706000000.0,
        "Reconciled Depreciation": 138000000.0,
        "Reconciled Cost Of Revenue": 4463000000.0,
        "EBITDA": 1299000000.0,
        "EBIT": 1161000000.0,
        "Net Interest Income": -323000000.0,
        "Interest Expense": 323000000.0,
        "Normalized Income": 707542000.0,
        "Net Income From Continuing And Discontinued Operation": 706000000.0,
        "Total Expenses": 5217000000.0,
        "Diluted Average Shares": 1355000000.0,
        "Basic Average Shares": 1338000000.0,
        "Diluted EPS": 0.52,
        "Basic EPS": 0.53,
        "Diluted NI Availto Com Stockholders": 706000000.0,
        "Net Income Common Stockholders": 706000000.0,
        "Net Income": 706000000.0,
        "Minority Interests": -4000000.0,
        "Net Income Including Noncontrolling Interests": 710000000.0,
        "Net Income Continuous Operations": 710000000.0,
        "Earnings From Equity Interest Net Of Tax": 64000000.0,
        "Tax Provision": 192000000.0,
        "Pretax Income": 838000000.0,
        "Other Income Expense": -189000000.0,
        "Other Non Operating Income Expenses": -187000000.0,
        "Special Income Charges": -2000000.0,
        "Restructuring And Mergern Acquisition": 2000000.0,
        "Net Non Operating Interest Income Expense": -323000000.0,
        "Interest Expense Non Operating": 323000000.0,
        "Operating Income": 1350000000.0,
        "Operating Expense": 754000000.0,
        "Research And Development": 269000000.0,
        "Selling General And Administration": 485000000.0,
        "Gross Profit": 2104000000.0,
        "Cost Of Revenue": 4463000000.0,
        "Total Revenue": 6567000000.0,
        "Operating Revenue": 6567000000.0
    },
    "2023-03-31": {
        "Tax Effect Of Unusual Items": -276000.0,
        "Tax Rate For Calcs": 0.276,
        "Normalized EBITDA": 1031000000.0,
        "Total Unusual Items": -1000000.0,
        "Total Unusual Items Excluding Goodwill": -1000000.0,
        "Net Income From Continuing Operation Net Minority Interest": 482000000.0,
        "Reconciled Depreciation": 132000000.0,
        "Reconciled Cost Of Revenue": 3611000000.0,
        "EBITDA": 1030000000.0,
        "EBIT": 898000000.0,
        "Net Interest Income": -272000000.0,
        "Interest Expense": 272000000.0,
        "Normalized Income": 482724000.0,
        "Net Income From Continuing And Discontinued Operation": 482000000.0,
        "Total Expenses": 4280000000.0,
        "Diluted Average Shares": 1359000000.0,
        "Basic Average Shares": 1342000000.0,
        "Diluted EPS": 0.35,
        "Basic EPS": 0.36,
        "Diluted NI Availto Com Stockholders": 482000000.0,
        "Net Income Common Stockholders": 482000000.0,
        "Net Income": 482000000.0,
        "Minority Interests": -4000000.0,
        "Net Income Including Noncontrolling Interests": 486000000.0,
        "Net Income Discontinuous Operations": NaN,
        "Net Income Continuous Operations": 486000000.0,
        "Earnings From Equity Interest Net Of Tax": 33000000.0,
        "Tax Provision": 173000000.0,
        "Pretax Income": 626000000.0,
        "Other Income Expense": -164000000.0,
        "Other Non Operating Income Expenses": -163000000.0,
        "Special Income Charges": -1000000.0,
        "Restructuring And Mergern Acquisition": 1000000.0,
        "Net Non Operating Interest Income Expense": -272000000.0,
        "Interest Expense Non Operating": 272000000.0,
        "Operating Income": 1062000000.0,
        "Operating Expense": 669000000.0,
        "Research And Development": 231000000.0,
        "Selling General And Administration": 438000000.0,
        "Gross Profit": 1731000000.0,
        "Cost Of Revenue": 3611000000.0,
        "Total Revenue": 5342000000.0,
        "Operating Revenue": 5342000000.0
    },
    "2022-12-31": {
        "Tax Effect Of Unusual Items": NaN,
        "Tax Rate For Calcs": NaN,
        "Normalized EBITDA": NaN,
        "Total Unusual Items": NaN,
        "Total Unusual Items Excluding Goodwill": NaN,
        "Net Income From Continuing Operation Net Minority Interest": NaN,
        "Reconciled Depreciation": NaN,
        "Reconciled Cost Of Revenue": NaN,
        "EBITDA": NaN,
        "EBIT": NaN,
        "Net Interest Income": NaN,
        "Interest Expense": NaN,
        "Normalized Income": NaN,
        "Net Income From Continuing And Discontinued Operation": NaN,
        "Total Expenses": NaN,
        "Diluted Average Shares": NaN,
        "Basic Average Shares": NaN,
        "Diluted EPS": NaN,
        "Basic EPS": NaN,
        "Diluted NI Availto Com Stockholders": NaN,
        "Net Income Common Stockholders": NaN,
        "Net Income": NaN,
        "Minority Interests": NaN,
        "Net Income Including Noncontrolling Interests": NaN,
        "Net Income Discontinuous Operations": 0.0,
        "Net Income Continuous Operations": NaN,
        "Earnings From Equity Interest Net Of Tax": NaN,
        "Tax Provision": NaN,
        "Pretax Income": NaN,
        "Other Income Expense": NaN,
        "Other Non Operating Income Expenses": NaN,
        "Special Income Charges": NaN,
        "Restructuring And Mergern Acquisition": NaN,
        "Net Non Operating Interest Income Expense": NaN,
        "Interest Expense Non Operating": NaN,
        "Operating Income": NaN,
        "Operating Expense": NaN,
        "Research And Development": NaN,
        "Selling General And Administration": NaN,
        "Gross Profit": NaN,
        "Cost Of Revenue": NaN,
        "Total Revenue": NaN,
        "Operating Revenue": NaN
    },
    "2022-09-30": {
        "Tax Effect Of Unusual Items": NaN,
        "Tax Rate For Calcs": NaN,
        "Normalized EBITDA": NaN,
        "Total Unusual Items": NaN,
        "Total Unusual Items Excluding Goodwill": NaN,
        "Net Income From Continuing Operation Net Minority Interest": NaN,
        "Reconciled Depreciation": NaN,
        "Reconciled Cost Of Revenue": NaN,
        "EBITDA": NaN,
        "EBIT": NaN,
        "Net Interest Income": NaN,
        "Interest Expense": NaN,
        "Normalized Income": NaN,
        "Net Income From Continuing And Discontinued Operation": NaN,
        "Total Expenses": NaN,
        "Diluted Average Shares": NaN,
        "Basic Average Shares": NaN,
        "Diluted EPS": NaN,
        "Basic EPS": NaN,
        "Diluted NI Availto Com Stockholders": NaN,
        "Net Income Common Stockholders": NaN,
        "Net Income": NaN,
        "Minority Interests": NaN,
        "Net Income Including Noncontrolling Interests": NaN,
        "Net Income Discontinuous Operations": 0.0,
        "Net Income Continuous Operations": NaN,
        "Earnings From Equity Interest Net Of Tax": NaN,
        "Tax Provision": NaN,
        "Pretax Income": NaN,
        "Other Income Expense": NaN,
        "Other Non Operating Income Expenses": NaN,
        "Special Income Charges": NaN,
        "Restructuring And Mergern Acquisition": NaN,
        "Net Non Operating Interest Income Expense": NaN,
        "Interest Expense Non Operating": NaN,
        "Operating Income": NaN,
        "Operating Expense": NaN,
        "Research And Development": NaN,
        "Selling General And Administration": NaN,
        "Gross Profit": NaN,
        "Cost Of Revenue": NaN,
        "Total Revenue": NaN,
        "Operating Revenue": NaN
    },
    "2024-06-30": {
        "Tax Effect Of Unusual Items": -10671806.167401,
        "Tax Rate For Calcs": 0.209251,
        "Normalized EBITDA": 1074000000.0,
        "Total Unusual Items": -51000000.0,
        "Total Unusual Items Excluding Goodwill": -51000000.0,
        "Net Income From Continuing Operation Net Minority Interest": 433000000.0,
        "Reconciled Depreciation": 151000000.0,
        "Reconciled Cost Of Revenue": 3702000000.0,
        "EBITDA": 1023000000.0,
        "EBIT": 872000000.0,
        "Net Interest Income": -418000000.0,
        "Interest Expense": 418000000.0,
        "Normalized Income": 473328193.832599,
        "Net Income From Continuing And Discontinued Operation": 433000000.0,
        "Total Expenses": 4400000000.0,
        "Diluted Average Shares": 1260000000.0,
        "Basic Average Shares": 1256000000.0,
        "Diluted EPS": 0.34,
        "Basic EPS": 0.34,
        "Diluted NI Availto Com Stockholders": 433000000.0,
        "Net Income Common Stockholders": 433000000.0,
        "Net Income": 433000000.0,
        "Minority Interests": -5000000.0,
        "Net Income Including Noncontrolling Interests": 438000000.0,
        "Net Income Continuous Operations": 438000000.0,
        "Earnings From Equity Interest Net Of Tax": 79000000.0,
        "Tax Provision": 95000000.0,
        "Pretax Income": 454000000.0,
        "Other Income Expense": -216000000.0,
        "Other Non Operating Income Expenses": -165000000.0,
        "Special Income Charges": -51000000.0,
        "Restructuring And Mergern Acquisition": 51000000.0,
        "Net Non Operating Interest Income Expense": -418000000.0,
        "Interest Expense Non Operating": 418000000.0,
        "Operating Income": 1088000000.0,
        "Operating Expense": 698000000.0,
        "Research And Development": 237000000.0,
        "Selling General And Administration": 461000000.0,
        "Gross Profit": 1786000000.0,
        "Cost Of Revenue": 3702000000.0,
        "Total Revenue": 5488000000.0,
        "Operating Revenue": 5488000000.0
    }
}