{
    "2023-06-30": {
        "Tax Effect Of Unusual Items": NaN,
        "Tax Rate For Calcs": NaN,
        "Normalized EBITDA": NaN,
        "Total Unusual Items": NaN,
        "Total Unusual Items Excluding Goodwill": NaN,
        "Net Income From Continuing Operation Net Minority Interest": NaN,
        "Reconciled Depreciation": NaN,
        "Reconciled Cost Of Revenue": NaN,
        "EBITDA": NaN,
        "EBIT": NaN,
        "Net Interest Income": NaN,
        "Interest Expense": NaN,
        "Normalized Income": NaN,
        "Net Income From Continuing And Discontinued Operation": NaN,
        "Total Expenses": NaN,
        "Rent Expense Supplemental": NaN,
        "Total Operating Income As Reported": NaN,
        "Diluted Average Shares": NaN,
        "Basic Average Shares": NaN,
        "Diluted EPS": NaN,
        "Basic EPS": NaN,
        "Diluted NI Availto Com Stockholders": NaN,
        "Net Income Common Stockholders": NaN,
        "Net Income": NaN,
        "Net Income Including Noncontrolling Interests": NaN,
        "Net Income Continuous Operations": NaN,
        "Tax Provision": NaN,
        "Pretax Income": NaN,
        "Other Income Expense": NaN,
        "Other Non Operating Income Expenses": NaN,
        "Special Income Charges": NaN,
        "Gain On Sale Of Ppe": 0.0,
        "Other Special Charges": 122000000.0,
        "Net Non Operating Interest Income Expense": NaN,
        "Interest Expense Non Operating": NaN,
        "Operating Income": NaN,
        "Operating Expense": NaN,
        "Other Operating Expenses": NaN,
        "Selling General And Administration": NaN,
        "General And Administrative Expense": NaN,
        "Salaries And Wages": NaN,
        "Gross Profit": NaN,
        "Cost Of Revenue": NaN,
        "Total Revenue": NaN,
        "Operating Revenue": NaN
    },
    "2023-03-31": {
        "Tax Effect Of Unusual Items": NaN,
        "Tax Rate For Calcs": NaN,
        "Normalized EBITDA": NaN,
        "Total Unusual Items": NaN,
        "Total Unusual Items Excluding Goodwill": NaN,
        "Net Income From Continuing Operation Net Minority Interest": NaN,
        "Reconciled Depreciation": NaN,
        "Reconciled Cost Of Revenue": NaN,
        "EBITDA": NaN,
        "EBIT": NaN,
        "Net Interest Income": NaN,
        "Interest Expense": NaN,
        "Normalized Income": NaN,
        "Net Income From Continuing And Discontinued Operation": NaN,
        "Total Expenses": NaN,
        "Rent Expense Supplemental": NaN,
        "Total Operating Income As Reported": NaN,
        "Diluted Average Shares": NaN,
        "Basic Average Shares": NaN,
        "Diluted EPS": NaN,
        "Basic EPS": NaN,
        "Diluted NI Availto Com Stockholders": NaN,
        "Net Income Common Stockholders": NaN,
        "Net Income": NaN,
        "Net Income Including Noncontrolling Interests": NaN,
        "Net Income Continuous Operations": NaN,
        "Tax Provision": NaN,
        "Pretax Income": NaN,
        "Other Income Expense": NaN,
        "Other Non Operating Income Expenses": NaN,
        "Special Income Charges": NaN,
        "Gain On Sale Of Ppe": NaN,
        "Other Special Charges": 151000000.0,
        "Net Non Operating Interest Income Expense": NaN,
        "Interest Expense Non Operating": NaN,
        "Operating Income": NaN,
        "Operating Expense": NaN,
        "Other Operating Expenses": NaN,
        "Selling General And Administration": NaN,
        "General And Administrative Expense": NaN,
        "Salaries And Wages": NaN,
        "Gross Profit": NaN,
        "Cost Of Revenue": NaN,
        "Total Revenue": NaN,
        "Operating Revenue": NaN
    },
    "2022-12-31": {
        "Tax Effect Of Unusual Items": NaN,
        "Tax Rate For Calcs": NaN,
        "Normalized EBITDA": NaN,
        "Total Unusual Items": NaN,
        "Total Unusual Items Excluding Goodwill": NaN,
        "Net Income From Continuing Operation Net Minority Interest": NaN,
        "Reconciled Depreciation": NaN,
        "Reconciled Cost Of Revenue": NaN,
        "EBITDA": NaN,
        "EBIT": NaN,
        "Net Interest Income": NaN,
        "Interest Expense": NaN,
        "Normalized Income": NaN,
        "Net Income From Continuing And Discontinued Operation": NaN,
        "Total Expenses": NaN,
        "Rent Expense Supplemental": NaN,
        "Total Operating Income As Reported": NaN,
        "Diluted Average Shares": NaN,
        "Basic Average Shares": NaN,
        "Diluted EPS": NaN,
        "Basic EPS": NaN,
        "Diluted NI Availto Com Stockholders": NaN,
        "Net Income Common Stockholders": NaN,
        "Net Income": NaN,
        "Net Income Including Noncontrolling Interests": NaN,
        "Net Income Continuous Operations": NaN,
        "Tax Provision": NaN,
        "Pretax Income": NaN,
        "Other Income Expense": NaN,
        "Other Non Operating Income Expenses": NaN,
        "Special Income Charges": NaN,
        "Gain On Sale Of Ppe": 15000000.0,
        "Other Special Charges": 116000000.0,
        "Restructuring And Mergern Acquisition": 0.0,
        "Net Non Operating Interest Income Expense": NaN,
        "Interest Expense Non Operating": NaN,
        "Operating Income": NaN,
        "Operating Expense": NaN,
        "Other Operating Expenses": NaN,
        "Selling General And Administration": NaN,
        "General And Administrative Expense": NaN,
        "Salaries And Wages": NaN,
        "Gross Profit": NaN,
        "Cost Of Revenue": NaN,
        "Total Revenue": NaN,
        "Operating Revenue": NaN
    },
    "2022-09-30": {
        "Tax Effect Of Unusual Items": NaN,
        "Tax Rate For Calcs": NaN,
        "Normalized EBITDA": NaN,
        "Total Unusual Items": NaN,
        "Total Unusual Items Excluding Goodwill": NaN,
        "Net Income From Continuing Operation Net Minority Interest": NaN,
        "Reconciled Depreciation": NaN,
        "Reconciled Cost Of Revenue": NaN,
        "EBITDA": NaN,
        "EBIT": NaN,
        "Net Interest Income": NaN,
        "Interest Expense": NaN,
        "Normalized Income": NaN,
        "Net Income From Continuing And Discontinued Operation": NaN,
        "Total Expenses": NaN,
        "Rent Expense Supplemental": NaN,
        "Total Operating Income As Reported": NaN,
        "Diluted Average Shares": NaN,
        "Basic Average Shares": NaN,
        "Diluted EPS": NaN,
        "Basic EPS": NaN,
        "Diluted NI Availto Com Stockholders": NaN,
        "Net Income Common Stockholders": NaN,
        "Net Income": NaN,
        "Net Income Including Noncontrolling Interests": NaN,
        "Net Income Continuous Operations": NaN,
        "Tax Provision": NaN,
        "Pretax Income": NaN,
        "Other Income Expense": NaN,
        "Other Non Operating Income Expenses": NaN,
        "Special Income Charges": NaN,
        "Gain On Sale Of Ppe": 0.0,
        "Other Special Charges": NaN,
        "Restructuring And Mergern Acquisition": 0.0,
        "Net Non Operating Interest Income Expense": NaN,
        "Interest Expense Non Operating": NaN,
        "Operating Income": NaN,
        "Operating Expense": NaN,
        "Gross Profit": NaN,
        "Cost Of Revenue": NaN,
        "Total Revenue": NaN,
        "Operating Revenue": NaN
    },
    "2022-06-30": {
        "Tax Effect Of Unusual Items": -37977207.977208,
        "Tax Rate For Calcs": 0.245014,
        "Normalized EBITDA": 2461000000.0,
        "Total Unusual Items": -155000000.0,
        "Total Unusual Items Excluding Goodwill": -155000000.0,
        "Net Income From Continuing Operation Net Minority Interest": 1325000000.0,
        "Reconciled Depreciation": 423000000.0,
        "Reconciled Cost Of Revenue": 2420000000.0,
        "EBITDA": 2306000000.0,
        "EBIT": 1883000000.0,
        "Net Interest Income": -128000000.0,
        "Interest Expense": 128000000.0,
        "Normalized Income": 1442022792.022792,
        "Net Income From Continuing And Discontinued Operation": 1325000000.0,
        "Total Expenses": 4995000000.0,
        "Rent Expense Supplemental": 87000000.0,
        "Total Operating Income As Reported": 1769000000.0,
        "Diluted Average Shares": 691700000.0,
        "Basic Average Shares": 691700000.0,
        "Diluted EPS": 1.92,
        "Basic EPS": 1.92,
        "Diluted NI Availto Com Stockholders": 1325000000.0,
        "Net Income Common Stockholders": 1325000000.0,
        "Net Income": 1325000000.0,
        "Net Income Including Noncontrolling Interests": 1325000000.0,
        "Net Income Continuous Operations": 1325000000.0,
        "Tax Provision": 430000000.0,
        "Pretax Income": 1755000000.0,
        "Other Income Expense": -41000000.0,
        "Other Non Operating Income Expenses": 114000000.0,
        "Special Income Charges": -155000000.0,
        "Gain On Sale Of Ppe": 0.0,
        "Other Special Charges": 155000000.0,
        "Restructuring And Mergern Acquisition": NaN,
        "Net Non Operating Interest Income Expense": -128000000.0,
        "Interest Expense Non Operating": 128000000.0,
        "Operating Income": -651000000.0,
        "Operating Expense": 2575000000.0,
        "Gross Profit": 1924000000.0,
        "Cost Of Revenue": 2420000000.0,
        "Total Revenue": 4344000000.0,
        "Operating Revenue": 4195000000.0
    },
    "2022-03-31": {
        "Diluted EPS": 1.03,
        "Total Revenue": NaN,
        "Gross Profit": NaN,
        "Operating Income": 969,
        "EBIT": NaN,
        "Net Income": 725
    },
    "2021-12-31": {
        "Diluted EPS": 1.34,
        "Total Revenue": NaN,
        "Gross Profit": NaN,
        "Operating Income": NaN,
        "EBIT": NaN,
        "Net Income": 954
    },
    "2021-09-30": {
        "Diluted EPS": 1.88,
        "Total Revenue": NaN,
        "Gross Profit": NaN,
        "Operating Income": NaN,
        "EBIT": NaN,
        "Net Income": NaN
    },
    "2021-06-30": {
        "Diluted EPS": 1.19,
        "Total Revenue": NaN,
        "Gross Profit": NaN,
        "Operating Income": NaN,
        "EBIT": NaN,
        "Net Income": 842
    },
    "2021-03-31": {
        "Diluted EPS": 1.08,
        "Total Revenue": NaN,
        "Gross Profit": NaN,
        "Operating Income": NaN,
        "EBIT": NaN,
        "Net Income": 769
    },
    "2020-12-31": {
        "Diluted EPS": 1.08,
        "Total Revenue": NaN,
        "Gross Profit": NaN,
        "Operating Income": NaN,
        "EBIT": NaN,
        "Net Income": 772
    },
    "2020-09-30": {
        "Diluted EPS": 1.04,
        "Total Revenue": NaN,
        "Gross Profit": NaN,
        "Operating Income": NaN,
        "EBIT": NaN,
        "Net Income": 739
    },
    "2020-06-30": {
        "Diluted EPS": 0.55,
        "Total Revenue": NaN,
        "Gross Profit": NaN,
        "Operating Income": 566,
        "EBIT": 848,
        "Net Income": 393
    },
    "2020-03-31": {
        "Diluted EPS": 1.06,
        "Total Revenue": NaN,
        "Gross Profit": NaN,
        "Operating Income": 906,
        "EBIT": NaN,
        "Net Income": 754
    },
    "2019-12-31": {
        "Diluted EPS": 0.92,
        "Total Revenue": NaN,
        "Gross Profit": NaN,
        "Operating Income": 923,
        "EBIT": NaN,
        "Net Income": 662
    },
    "2019-09-30": {
        "Diluted EPS": 1.26,
        "Total Revenue": NaN,
        "Gross Profit": NaN,
        "Operating Income": NaN,
        "EBIT": NaN,
        "Net Income": 905
    },
    "2019-06-30": {
        "Diluted EPS": 1.41,
        "Total Revenue": NaN,
        "Gross Profit": NaN,
        "Operating Income": NaN,
        "EBIT": NaN,
        "Net Income": NaN
    },
    "2019-03-31": {
        "Diluted EPS": 0.81,
        "Total Revenue": NaN,
        "Gross Profit": NaN,
        "Operating Income": 812,
        "EBIT": NaN,
        "Net Income": 591
    },
    "2018-12-31": {
        "Diluted EPS": 1.19,
        "Total Revenue": NaN,
        "Gross Profit": NaN,
        "Operating Income": NaN,
        "EBIT": NaN,
        "Net Income": 870
    },
    "2018-09-30": {
        "Diluted EPS": 1.18,
        "Total Revenue": NaN,
        "Gross Profit": NaN,
        "Operating Income": NaN,
        "EBIT": NaN,
        "Net Income": 868
    },
    "2018-06-30": {
        "Diluted EPS": 1.37,
        "Total Revenue": NaN,
        "Gross Profit": NaN,
        "Operating Income": NaN,
        "EBIT": NaN,
        "Net Income": NaN
    },
    "2018-03-31": {
        "Diluted EPS": 0.79,
        "Total Revenue": NaN,
        "Gross Profit": NaN,
        "Operating Income": 815,
        "EBIT": NaN,
        "Net Income": 586
    },
    "2017-12-31": {
        "Diluted EPS": 2.68,
        "Total Revenue": NaN,
        "Gross Profit": NaN,
        "Operating Income": NaN,
        "EBIT": NaN,
        "Net Income": NaN
    },
    "2017-09-30": {
        "Diluted EPS": 1.01,
        "Total Revenue": NaN,
        "Gross Profit": NaN,
        "Operating Income": NaN,
        "EBIT": NaN,
        "Net Income": 764
    },
    "2017-06-30": {
        "Diluted EPS": 1.01,
        "Total Revenue": NaN,
        "Gross Profit": NaN,
        "Operating Income": NaN,
        "EBIT": NaN,
        "Net Income": 767
    },
    "2017-03-31": {
        "Diluted EPS": 0.88,
        "Total Revenue": NaN,
        "Gross Profit": NaN,
        "Operating Income": 985,
        "EBIT": NaN,
        "Net Income": 668
    },
    "2016-12-31": {
        "Diluted EPS": 0.99,
        "Total Revenue": NaN,
        "Gross Profit": NaN,
        "Operating Income": NaN,
        "EBIT": NaN,
        "Net Income": 761
    },
    "2016-09-30": {
        "Diluted EPS": 0.96,
        "Total Revenue": NaN,
        "Gross Profit": NaN,
        "Operating Income": NaN,
        "EBIT": NaN,
        "Net Income": 745
    },
    "2016-06-30": {
        "Diluted EPS": 0.85,
        "Total Revenue": NaN,
        "Gross Profit": NaN,
        "Operating Income": NaN,
        "EBIT": NaN,
        "Net Income": 666
    },
    "2016-03-31": {
        "Diluted EPS": 0.73,
        "Total Revenue": NaN,
        "Gross Profit": NaN,
        "Operating Income": 887,
        "EBIT": NaN,
        "Net Income": 577
    },
    "2015-12-31": {
        "Diluted EPS": 0.88,
        "Total Revenue": NaN,
        "Gross Profit": NaN,
        "Operating Income": NaN,
        "EBIT": NaN,
        "Net Income": 705
    },
    "2015-09-30": {
        "Diluted EPS": 0.95,
        "Total Revenue": NaN,
        "Gross Profit": NaN,
        "Operating Income": NaN,
        "EBIT": NaN,
        "Net Income": 763
    },
    "2015-06-30": {
        "Diluted EPS": 0.89,
        "Total Revenue": NaN,
        "Gross Profit": NaN,
        "Operating Income": NaN,
        "EBIT": NaN,
        "Net Income": 720
    },
    "2015-03-31": {
        "Diluted EPS": 0.7,
        "Total Revenue": NaN,
        "Gross Profit": NaN,
        "Operating Income": 494,
        "EBIT": 790,
        "Net Income": 575
    },
    "2014-12-31": {
        "Diluted EPS": 0.9,
        "Total Revenue": NaN,
        "Gross Profit": NaN,
        "Operating Income": NaN,
        "EBIT": NaN,
        "Net Income": 738
    },
    "2014-09-30": {
        "Diluted EPS": 0.93,
        "Total Revenue": NaN,
        "Gross Profit": NaN,
        "Operating Income": NaN,
        "EBIT": 963,
        "Net Income": 760
    },
    "2014-06-30": {
        "Diluted EPS": 0.96,
        "Total Revenue": NaN,
        "Gross Profit": NaN,
        "Operating Income": NaN,
        "EBIT": NaN,
        "Net Income": 789
    },
    "2014-03-31": {
        "Diluted EPS": 0.68,
        "Total Revenue": NaN,
        "Gross Profit": NaN,
        "Operating Income": 742,
        "EBIT": 974,
        "Net Income": 565
    },
    "2013-12-31": {
        "Diluted EPS": 0.68,
        "Total Revenue": NaN,
        "Gross Profit": NaN,
        "Operating Income": 764,
        "EBIT": NaN,
        "Net Income": 569
    },
    "2013-09-30": {
        "Diluted EPS": 0.84,
        "Total Revenue": NaN,
        "Gross Profit": NaN,
        "Operating Income": NaN,
        "EBIT": NaN,
        "Net Income": 705
    },
    "2013-06-30": {
        "Diluted EPS": 0.82,
        "Total Revenue": NaN,
        "Gross Profit": NaN,
        "Operating Income": 982,
        "EBIT": NaN,
        "Net Income": 691
    },
    "2013-03-31": {
        "Diluted EPS": 0.63,
        "Total Revenue": NaN,
        "Gross Profit": NaN,
        "Operating Income": 730,
        "EBIT": 964,
        "Net Income": 541
    },
    "2012-12-31": {
        "Diluted EPS": 0.71,
        "Total Revenue": NaN,
        "Gross Profit": NaN,
        "Operating Income": 890,
        "EBIT": NaN,
        "Net Income": 606
    },
    "2012-09-30": {
        "Diluted EPS": 0.76,
        "Total Revenue": NaN,
        "Gross Profit": NaN,
        "Operating Income": 978,
        "EBIT": NaN,
        "Net Income": 664
    },
    "2012-06-30": {
        "Diluted EPS": 0.71,
        "Total Revenue": NaN,
        "Gross Profit": NaN,
        "Operating Income": 955,
        "EBIT": NaN,
        "Net Income": 620
    },
    "2012-03-31": {
        "Diluted EPS": 0.88,
        "Total Revenue": NaN,
        "Gross Profit": NaN,
        "Operating Income": 802,
        "EBIT": NaN,
        "Net Income": 777
    },
    "2011-12-31": {
        "Diluted EPS": 0.66,
        "Total Revenue": NaN,
        "Gross Profit": 786,
        "Operating Income": 848,
        "EBIT": NaN,
        "Net Income": 587
    },
    "2011-09-30": {
        "Diluted EPS": 0.73,
        "Total Revenue": NaN,
        "Gross Profit": NaN,
        "Operating Income": 907,
        "EBIT": NaN,
        "Net Income": 659
    },
    "2011-06-30": {
        "Diluted EPS": 0.63,
        "Total Revenue": NaN,
        "Gross Profit": NaN,
        "Operating Income": 957,
        "EBIT": NaN,
        "Net Income": 569
    },
    "2011-03-31": {
        "Diluted EPS": 0.69,
        "Total Revenue": NaN,
        "Gross Profit": 884,
        "Operating Income": 526,
        "EBIT": 748,
        "Net Income": 637
    },
    "2010-12-31": {
        "Diluted EPS": 0.54,
        "Total Revenue": NaN,
        "Gross Profit": NaN,
        "Operating Income": 777,
        "EBIT": 996,
        "Net Income": 500
    },
    "2010-09-30": {
        "Diluted EPS": 0.61,
        "Total Revenue": NaN,
        "Gross Profit": NaN,
        "Operating Income": 933,
        "EBIT": NaN,
        "Net Income": 569
    },
    "2010-06-30": {
        "Diluted EPS": 0.54,
        "Total Revenue": NaN,
        "Gross Profit": NaN,
        "Operating Income": 763,
        "EBIT": 965,
        "Net Income": 513
    },
    "2010-03-31": {
        "Diluted EPS": 0.54,
        "Total Revenue": NaN,
        "Gross Profit": 765,
        "Operating Income": 385,
        "EBIT": 582,
        "Net Income": 511
    },
    "2009-12-31": {
        "Diluted EPS": 0.58,
        "Total Revenue": NaN,
        "Gross Profit": 924,
        "Operating Income": 535,
        "EBIT": NaN,
        "Net Income": 548
    },
    "2009-09-30": {
        "Diluted EPS": 0.47,
        "Total Revenue": NaN,
        "Gross Profit": NaN,
        "Operating Income": 795,
        "EBIT": 450,
        "Net Income": 447
    },
    "2009-06-30": {
        "Diluted EPS": 0.37,
        "Total Revenue": NaN,
        "Gross Profit": 892,
        "Operating Income": 585,
        "EBIT": 766,
        "Net Income": 350
    },
    "2009-03-31": {
        "Diluted EPS": 0.37,
        "Total Revenue": NaN,
        "Gross Profit": 762,
        "Operating Income": 399,
        "EBIT": 562,
        "Net Income": 344
    },
    "2023-09-30": {
        "Tax Effect Of Unusual Items": 0.0,
        "Tax Rate For Calcs": 0.236,
        "Normalized EBITDA": 2093000000.0,
        "Total Unusual Items": 0.0,
        "Total Unusual Items Excluding Goodwill": 0.0,
        "Net Income From Continuing Operation Net Minority Interest": 1108000000.0,
        "Reconciled Depreciation": 457000000.0,
        "Reconciled Cost Of Revenue": 2339000000.0,
        "EBITDA": 2093000000.0,
        "EBIT": 1636000000.0,
        "Net Interest Income": -185000000.0,
        "Interest Expense": 185000000.0,
        "Normalized Income": 1108000000.0,
        "Net Income From Continuing And Discontinued Operation": 1108000000.0,
        "Total Expenses": 2349000000.0,
        "Rent Expense Supplemental": 89000000.0,
        "Total Operating Income As Reported": 1517000000.0,
        "Diluted Average Shares": 655600000.0,
        "Basic Average Shares": 654300000.0,
        "Diluted EPS": 1.69,
        "Basic EPS": 1.69,
        "Diluted NI Availto Com Stockholders": 1108000000.0,
        "Net Income Common Stockholders": 1108000000.0,
        "Net Income": 1108000000.0,
        "Net Income Including Noncontrolling Interests": 1108000000.0,
        "Net Income Continuous Operations": 1108000000.0,
        "Tax Provision": 343000000.0,
        "Pretax Income": 1451000000.0,
        "Other Income Expense": -2000000.0,
        "Other Non Operating Income Expenses": -2000000.0,
        "Special Income Charges": 0.0,
        "Gain On Sale Of Ppe": 0.0,
        "Other Special Charges": 131000000.0,
        "Net Non Operating Interest Income Expense": -185000000.0,
        "Interest Expense Non Operating": 185000000.0,
        "Operating Income": 1638000000.0,
        "Operating Expense": 10000000.0,
        "Other Operating Expenses": 131000000.0,
        "Selling General And Administration": -121000000.0,
        "General And Administrative Expense": -121000000.0,
        "Salaries And Wages": -121000000.0,
        "Gross Profit": 1648000000.0,
        "Cost Of Revenue": 2339000000.0,
        "Total Revenue": 3987000000.0,
        "Operating Revenue": 3820000000.0
    },
    "2023-12-31": {
        "Tax Effect Of Unusual Items": 0.0,
        "Tax Rate For Calcs": 0.4,
        "Normalized EBITDA": 2534000000.0,
        "Total Unusual Items": 547000000.0,
        "Total Unusual Items Excluding Goodwill": 547000000.0,
        "Net Income From Continuing Operation Net Minority Interest": 2130000000.0,
        "Reconciled Depreciation": 463000000.0,
        "Reconciled Cost Of Revenue": 2503000000.0,
        "EBITDA": 2534000000.0,
        "EBIT": 2071000000.0,
        "Net Interest Income": -199000000.0,
        "Interest Expense": 199000000.0,
        "Normalized Income": 2130000000.0,
        "Net Income From Continuing And Discontinued Operation": 2130000000.0,
        "Total Expenses": 2534000000.0,
        "Rent Expense Supplemental": 97000000.0,
        "Total Operating Income As Reported": 1818000000.0,
        "Diluted Average Shares": 647600000.0,
        "Basic Average Shares": 646400000.0,
        "Diluted EPS": 3.29,
        "Basic EPS": 3.3,
        "Diluted NI Availto Com Stockholders": 2130000000.0,
        "Net Income Common Stockholders": 2130000000.0,
        "Net Income": 2130000000.0,
        "Net Income Including Noncontrolling Interests": 2130000000.0,
        "Net Income Continuous Operations": 2130000000.0,
        "Tax Provision": -258000000.0,
        "Pretax Income": 1872000000.0,
        "Other Income Expense": 253000000.0,
        "Other Non Operating Income Expenses": 110000000.0,
        "Special Income Charges": 540000000.0,
        "Gain On Sale Of Ppe": NaN,
        "Other Special Charges": NaN,
        "Net Non Operating Interest Income Expense": -199000000.0,
        "Interest Expense Non Operating": 199000000.0,
        "Operating Income": 1937000000.0,
        "Operating Expense": 31000000.0,
        "Other Operating Expenses": 150000000.0,
        "Selling General And Administration": -119000000.0,
        "General And Administrative Expense": -119000000.0,
        "Salaries And Wages": -119000000.0,
        "Gross Profit": 1968000000.0,
        "Cost Of Revenue": 2503000000.0,
        "Total Revenue": 4471000000.0,
        "Operating Revenue": 4303000000.0
    },
    "2024-03-31": {
        "Tax Effect Of Unusual Items": 0.0,
        "Tax Rate For Calcs": 0.24,
        "Normalized EBITDA": 2123000000.0,
        "Total Unusual Items": -163000000.0,
        "Total Unusual Items Excluding Goodwill": -163000000.0,
        "Net Income From Continuing Operation Net Minority Interest": 1103000000.0,
        "Reconciled Depreciation": 462000000.0,
        "Reconciled Cost Of Revenue": 2540000000.0,
        "EBITDA": 2123000000.0,
        "EBIT": 1661000000.0,
        "Net Interest Income": -210000000.0,
        "Interest Expense": 210000000.0,
        "Normalized Income": 1103000000.0,
        "Net Income From Continuing And Discontinued Operation": 1103000000.0,
        "Total Expenses": 2590000000.0,
        "Rent Expense Supplemental": 99000000.0,
        "Total Operating Income As Reported": 1546000000.0,
        "Diluted Average Shares": 641900000.0,
        "Basic Average Shares": 640700000.0,
        "Diluted EPS": 1.72,
        "Basic EPS": 1.72,
        "Diluted NI Availto Com Stockholders": 1103000000.0,
        "Net Income Common Stockholders": 1103000000.0,
        "Net Income": 1103000000.0,
        "Net Income Including Noncontrolling Interests": 1103000000.0,
        "Net Income Continuous Operations": 1103000000.0,
        "Tax Provision": 348000000.0,
        "Pretax Income": 1451000000.0,
        "Other Income Expense": 2000000.0,
        "Other Non Operating Income Expenses": 2000000.0,
        "Special Income Charges": -163000000.0,
        "Gain On Sale Of Ppe": NaN,
        "Other Special Charges": 163000000.0,
        "Net Non Operating Interest Income Expense": -210000000.0,
        "Interest Expense Non Operating": 210000000.0,
        "Operating Income": 1659000000.0,
        "Operating Expense": 50000000.0,
        "Other Operating Expenses": 163000000.0,
        "Selling General And Administration": -113000000.0,
        "General And Administrative Expense": -113000000.0,
        "Salaries And Wages": -113000000.0,
        "Gross Profit": 1709000000.0,
        "Cost Of Revenue": 2540000000.0,
        "Total Revenue": 4249000000.0,
        "Operating Revenue": 4137000000.0
    },
    "2024-06-30": {
        "Tax Effect Of Unusual Items": -19422000.0,
        "Tax Rate For Calcs": 0.249,
        "Normalized EBITDA": 2248000000.0,
        "Total Unusual Items": -78000000.0,
        "Total Unusual Items Excluding Goodwill": -78000000.0,
        "Net Income From Continuing Operation Net Minority Interest": 1114000000.0,
        "Reconciled Depreciation": 466000000.0,
        "Reconciled Cost Of Revenue": 2542000000.0,
        "EBITDA": 2170000000.0,
        "EBIT": 1704000000.0,
        "Net Interest Income": -220000000.0,
        "Interest Expense": 220000000.0,
        "Normalized Income": 1172578000.0,
        "Net Income From Continuing And Discontinued Operation": 1114000000.0,
        "Total Expenses": 2579000000.0,
        "Rent Expense Supplemental": 102000000.0,
        "Total Operating Income As Reported": 1558000000.0,
        "Diluted Average Shares": 636200000.0,
        "Basic Average Shares": 635000000.0,
        "Diluted EPS": 1.75,
        "Basic EPS": 1.75,
        "Diluted NI Availto Com Stockholders": 1114000000.0,
        "Net Income Common Stockholders": 1114000000.0,
        "Net Income": 1114000000.0,
        "Net Income Including Noncontrolling Interests": 1114000000.0,
        "Net Income Continuous Operations": 1114000000.0,
        "Tax Provision": 370000000.0,
        "Pretax Income": 1484000000.0,
        "Other Income Expense": -46000000.0,
        "Other Non Operating Income Expenses": 32000000.0,
        "Special Income Charges": -78000000.0,
        "Gain On Sale Of Ppe": -78000000.0,
        "Other Special Charges": NaN,
        "Net Non Operating Interest Income Expense": -220000000.0,
        "Interest Expense Non Operating": 220000000.0,
        "Operating Income": 1750000000.0,
        "Operating Expense": 37000000.0,
        "Other Operating Expenses": 151000000.0,
        "Selling General And Administration": -114000000.0,
        "General And Administrative Expense": -114000000.0,
        "Salaries And Wages": -114000000.0,
        "Gross Profit": 1787000000.0,
        "Cost Of Revenue": 2542000000.0,
        "Total Revenue": 4329000000.0,
        "Operating Revenue": 4153000000.0
    },
    "2024-09-30": {
        "Tax Effect Of Unusual Items": 0.0,
        "Tax Rate For Calcs": 0.23,
        "Normalized EBITDA": 2114000000.0,
        "Total Unusual Items": 0.0,
        "Total Unusual Items Excluding Goodwill": 0.0,
        "Net Income From Continuing Operation Net Minority Interest": 1085000000.0,
        "Reconciled Depreciation": 475000000.0,
        "Reconciled Cost Of Revenue": 2448000000.0,
        "EBITDA": 2114000000.0,
        "EBIT": 1639000000.0,
        "Net Interest Income": -230000000.0,
        "Interest Expense": 230000000.0,
        "Normalized Income": 1085000000.0,
        "Net Income From Continuing And Discontinued Operation": 1085000000.0,
        "Total Expenses": 2481000000.0,
        "Rent Expense Supplemental": 93000000.0,
        "Total Operating Income As Reported": 1515000000.0,
        "Diluted Average Shares": 630500000.0,
        "Basic Average Shares": 629600000.0,
        "Diluted EPS": 1.72,
        "Basic EPS": 1.72,
        "Diluted NI Availto Com Stockholders": 1085000000.0,
        "Net Income Common Stockholders": 1085000000.0,
        "Net Income": 1085000000.0,
        "Net Income Including Noncontrolling Interests": 1085000000.0,
        "Net Income Continuous Operations": 1085000000.0,
        "Tax Provision": 324000000.0,
        "Pretax Income": 1409000000.0,
        "Other Income Expense": 10000000.0,
        "Other Non Operating Income Expenses": 10000000.0,
        "Special Income Charges": 0.0,
        "Gain On Sale Of Ppe": 0.0,
        "Other Special Charges": NaN,
        "Net Non Operating Interest Income Expense": -230000000.0,
        "Interest Expense Non Operating": 230000000.0,
        "Operating Income": 1629000000.0,
        "Operating Expense": 33000000.0,
        "Other Operating Expenses": 147000000.0,
        "Selling General And Administration": -114000000.0,
        "General And Administrative Expense": -114000000.0,
        "Salaries And Wages": -114000000.0,
        "Gross Profit": 1662000000.0,
        "Cost Of Revenue": 2448000000.0,
        "Total Revenue": 4110000000.0,
        "Operating Revenue": 3922000000.0
    }
}