{
    "2023-06-30": {
        "Tax Effect Of Unusual Items": -3600000.0,
        "Tax Rate For Calcs": 0.4,
        "Normalized EBITDA": 742000000.0,
        "Total Unusual Items": -9000000.0,
        "Total Unusual Items Excluding Goodwill": -9000000.0,
        "Net Income From Continuing Operation Net Minority Interest": 118000000.0,
        "Reconciled Depreciation": 349000000.0,
        "Reconciled Cost Of Revenue": 1016000000.0,
        "EBITDA": 733000000.0,
        "EBIT": 384000000.0,
        "Net Interest Income": -167000000.0,
        "Interest Expense": 167000000.0,
        "Normalized Income": 123400000.0,
        "Net Income From Continuing And Discontinued Operation": 118000000.0,
        "Total Expenses": 1495000000.0,
        "Total Operating Income As Reported": 380000000.0,
        "Diluted Average Shares": 633000000.0,
        "Basic Average Shares": 631000000.0,
        "Diluted EPS": 0.17,
        "Basic EPS": 0.17,
        "Diluted NI Availto Com Stockholders": 106000000.0,
        "Net Income Common Stockholders": 106000000.0,
        "Preferred Stock Dividends": 12000000.0,
        "Net Income": 118000000.0,
        "Net Income Including Noncontrolling Interests": 118000000.0,
        "Net Income Discontinuous Operations": NaN,
        "Net Income Continuous Operations": 118000000.0,
        "Tax Provision": 99000000.0,
        "Pretax Income": 217000000.0,
        "Other Income Expense": 4000000.0,
        "Other Non Operating Income Expenses": 13000000.0,
        "Special Income Charges": -12000000.0,
        "Gain On Sale Of Business": -12000000.0,
        "Gain On Sale Of Security": 3000000.0,
        "Net Non Operating Interest Income Expense": -167000000.0,
        "Interest Expense Non Operating": 167000000.0,
        "Operating Income": 380000000.0,
        "Operating Expense": 479000000.0,
        "Other Taxes": 130000000.0,
        "Depreciation Amortization Depletion Income Statement": 349000000.0,
        "Depreciation And Amortization In Income Statement": 349000000.0,
        "Gross Profit": 859000000.0,
        "Cost Of Revenue": 1016000000.0,
        "Total Revenue": 1875000000.0,
        "Operating Revenue": 1875000000.0
    },
    "2023-03-31": {
        "Tax Effect Of Unusual Items": -193548.387097,
        "Tax Rate For Calcs": 0.193548,
        "Normalized EBITDA": 873000000.0,
        "Total Unusual Items": -1000000.0,
        "Total Unusual Items Excluding Goodwill": -1000000.0,
        "Net Income From Continuing Operation Net Minority Interest": 325000000.0,
        "Reconciled Depreciation": 319000000.0,
        "Reconciled Cost Of Revenue": 1781000000.0,
        "EBITDA": 872000000.0,
        "EBIT": 553000000.0,
        "Net Interest Income": -150000000.0,
        "Interest Expense": 150000000.0,
        "Normalized Income": 325806451.612903,
        "Net Income From Continuing And Discontinued Operation": 325000000.0,
        "Total Expenses": 2238000000.0,
        "Total Operating Income As Reported": 541000000.0,
        "Diluted Average Shares": 633000000.0,
        "Basic Average Shares": 630000000.0,
        "Diluted EPS": 0.49,
        "Basic EPS": 0.5,
        "Diluted NI Availto Com Stockholders": 313000000.0,
        "Net Income Common Stockholders": 313000000.0,
        "Preferred Stock Dividends": 12000000.0,
        "Net Income": 325000000.0,
        "Net Income Including Noncontrolling Interests": 325000000.0,
        "Net Income Discontinuous Operations": NaN,
        "Net Income Continuous Operations": 325000000.0,
        "Tax Provision": 78000000.0,
        "Pretax Income": 403000000.0,
        "Other Income Expense": 12000000.0,
        "Other Non Operating Income Expenses": 13000000.0,
        "Special Income Charges": 0.0,
        "Gain On Sale Of Business": 0.0,
        "Gain On Sale Of Security": -1000000.0,
        "Net Non Operating Interest Income Expense": -150000000.0,
        "Interest Expense Non Operating": 150000000.0,
        "Operating Income": 541000000.0,
        "Operating Expense": 457000000.0,
        "Other Taxes": 138000000.0,
        "Depreciation Amortization Depletion Income Statement": 319000000.0,
        "Depreciation And Amortization In Income Statement": 319000000.0,
        "Gross Profit": 998000000.0,
        "Cost Of Revenue": 1781000000.0,
        "Total Revenue": 2779000000.0,
        "Operating Revenue": 2779000000.0
    },
    "2022-12-31": {
        "Tax Effect Of Unusual Items": 192771.084337,
        "Tax Rate For Calcs": 0.192771,
        "Normalized EBITDA": 617000000.0,
        "Total Unusual Items": 1000000.0,
        "Total Unusual Items Excluding Goodwill": 1000000.0,
        "Net Income From Continuing Operation Net Minority Interest": 134000000.0,
        "Reconciled Depreciation": 314000000.0,
        "Reconciled Cost Of Revenue": 1901000000.0,
        "EBITDA": 618000000.0,
        "EBIT": 304000000.0,
        "Net Interest Income": -138000000.0,
        "Interest Expense": 138000000.0,
        "Normalized Income": 133192771.084337,
        "Net Income From Continuing And Discontinued Operation": 134000000.0,
        "Total Expenses": 2357000000.0,
        "Total Operating Income As Reported": 354000000.0,
        "Diluted Average Shares": 629000000.0,
        "Basic Average Shares": 629000000.0,
        "Diluted EPS": 0.19,
        "Basic EPS": 0.19,
        "Diluted NI Availto Com Stockholders": 122000000.0,
        "Net Income Common Stockholders": 122000000.0,
        "Preferred Stock Dividends": 12000000.0,
        "Net Income": 134000000.0,
        "Net Income Including Noncontrolling Interests": 134000000.0,
        "Net Income Discontinuous Operations": 0.0,
        "Net Income Continuous Operations": 134000000.0,
        "Tax Provision": 32000000.0,
        "Pretax Income": 166000000.0,
        "Other Income Expense": -50000000.0,
        "Other Non Operating Income Expenses": -51000000.0,
        "Special Income Charges": 0.0,
        "Gain On Sale Of Business": 0.0,
        "Gain On Sale Of Security": 1000000.0,
        "Net Non Operating Interest Income Expense": -138000000.0,
        "Interest Expense Non Operating": 138000000.0,
        "Operating Income": 354000000.0,
        "Operating Expense": 456000000.0,
        "Other Taxes": 142000000.0,
        "Depreciation Amortization Depletion Income Statement": 314000000.0,
        "Depreciation And Amortization In Income Statement": 314000000.0,
        "Gross Profit": 810000000.0,
        "Cost Of Revenue": 1901000000.0,
        "Total Revenue": 2711000000.0,
        "Operating Revenue": 2711000000.0
    },
    "2022-09-30": {
        "Tax Effect Of Unusual Items": 1083032.490975,
        "Tax Rate For Calcs": 0.270758,
        "Normalized EBITDA": 721000000.0,
        "Total Unusual Items": 4000000.0,
        "Total Unusual Items Excluding Goodwill": 4000000.0,
        "Net Income From Continuing Operation Net Minority Interest": 202000000.0,
        "Reconciled Depreciation": 329000000.0,
        "Reconciled Cost Of Revenue": 1071000000.0,
        "EBITDA": 725000000.0,
        "EBIT": 396000000.0,
        "Net Interest Income": -119000000.0,
        "Interest Expense": 119000000.0,
        "Normalized Income": 199083032.490975,
        "Net Income From Continuing And Discontinued Operation": 202000000.0,
        "Total Expenses": 1519000000.0,
        "Total Operating Income As Reported": 384000000.0,
        "Diluted Average Shares": 633000000.0,
        "Basic Average Shares": 630000000.0,
        "Diluted EPS": 0.3,
        "Basic EPS": 0.3,
        "Diluted NI Availto Com Stockholders": 189000000.0,
        "Net Income Common Stockholders": 189000000.0,
        "Preferred Stock Dividends": 13000000.0,
        "Net Income": 202000000.0,
        "Net Income Including Noncontrolling Interests": 202000000.0,
        "Net Income Discontinuous Operations": 0.0,
        "Net Income Continuous Operations": 202000000.0,
        "Tax Provision": 75000000.0,
        "Pretax Income": 277000000.0,
        "Other Income Expense": 12000000.0,
        "Other Non Operating Income Expenses": 8000000.0,
        "Special Income Charges": 0.0,
        "Gain On Sale Of Business": 0.0,
        "Gain On Sale Of Security": 4000000.0,
        "Net Non Operating Interest Income Expense": -119000000.0,
        "Interest Expense Non Operating": 119000000.0,
        "Operating Income": 384000000.0,
        "Operating Expense": 448000000.0,
        "Other Taxes": 119000000.0,
        "Depreciation Amortization Depletion Income Statement": 329000000.0,
        "Depreciation And Amortization In Income Statement": 329000000.0,
        "Gross Profit": 832000000.0,
        "Cost Of Revenue": 1071000000.0,
        "Total Revenue": 1903000000.0,
        "Operating Revenue": 1903000000.0
    },
    "2022-06-30": {
        "Tax Effect Of Unusual Items": 885245.901639,
        "Tax Rate For Calcs": 0.221311,
        "Normalized EBITDA": 677000000.0,
        "Total Unusual Items": 4000000.0,
        "Total Unusual Items Excluding Goodwill": 4000000.0,
        "Net Income From Continuing Operation Net Minority Interest": 190000000.0,
        "Reconciled Depreciation": 327000000.0,
        "Reconciled Cost Of Revenue": 1131000000.0,
        "EBITDA": 681000000.0,
        "EBIT": 354000000.0,
        "Net Interest Income": -110000000.0,
        "Interest Expense": 110000000.0,
        "Normalized Income": 186885245.901639,
        "Net Income From Continuing And Discontinued Operation": 190000000.0,
        "Total Expenses": 1593000000.0,
        "Total Operating Income As Reported": 351000000.0,
        "Diluted Average Shares": 632000000.0,
        "Basic Average Shares": 629000000.0,
        "Diluted EPS": 0.28,
        "Basic EPS": 0.28,
        "Diluted NI Availto Com Stockholders": 179000000.0,
        "Net Income Common Stockholders": 179000000.0,
        "Preferred Stock Dividends": 11000000.0,
        "Net Income": 190000000.0,
        "Net Income Including Noncontrolling Interests": 190000000.0,
        "Net Income Discontinuous Operations": 0.0,
        "Net Income Continuous Operations": 190000000.0,
        "Tax Provision": 54000000.0,
        "Pretax Income": 244000000.0,
        "Other Income Expense": 3000000.0,
        "Other Non Operating Income Expenses": -1000000.0,
        "Special Income Charges": 0.0,
        "Gain On Sale Of Business": 0.0,
        "Gain On Sale Of Security": 4000000.0,
        "Net Non Operating Interest Income Expense": -110000000.0,
        "Interest Expense Non Operating": 110000000.0,
        "Operating Income": 351000000.0,
        "Operating Expense": 462000000.0,
        "Other Taxes": 135000000.0,
        "Depreciation Amortization Depletion Income Statement": 327000000.0,
        "Depreciation And Amortization In Income Statement": 327000000.0,
        "Gross Profit": 813000000.0,
        "Cost Of Revenue": 1131000000.0,
        "Total Revenue": 1944000000.0,
        "Operating Revenue": 1944000000.0
    },
    "2022-03-31": {
        "Diluted EPS": 0.82,
        "Total Revenue": NaN,
        "Gross Profit": NaN,
        "Operating Income": 477,
        "EBIT": 795,
        "Net Income": 518
    },
    "2021-12-31": {
        "Diluted EPS": 1.03,
        "Total Revenue": NaN,
        "Gross Profit": NaN,
        "Operating Income": 336,
        "EBIT": 665,
        "Net Income": 641
    },
    "2021-09-30": {
        "Diluted EPS": 0.32,
        "Total Revenue": NaN,
        "Gross Profit": NaN,
        "Operating Income": 278,
        "EBIT": 631,
        "Net Income": 195
    },
    "2021-06-30": {
        "Diluted EPS": 0.37,
        "Total Revenue": NaN,
        "Gross Profit": NaN,
        "Operating Income": 296,
        "EBIT": 623,
        "Net Income": 221
    },
    "2021-03-31": {
        "Diluted EPS": 0.56,
        "Total Revenue": NaN,
        "Gross Profit": NaN,
        "Operating Income": 453,
        "EBIT": 760,
        "Net Income": 334
    },
    "2020-12-31": {
        "Diluted EPS": 0.41,
        "Total Revenue": NaN,
        "Gross Profit": NaN,
        "Operating Income": 285,
        "EBIT": 565,
        "Net Income": 151
    },
    "2020-09-30": {
        "Diluted EPS": 0.13,
        "Total Revenue": NaN,
        "Gross Profit": NaN,
        "Operating Income": 302,
        "EBIT": 616,
        "Net Income": 69
    },
    "2020-06-30": {
        "Diluted EPS": 0.11,
        "Total Revenue": NaN,
        "Gross Profit": NaN,
        "Operating Income": 235,
        "EBIT": 541,
        "Net Income": 59
    },
    "2020-03-31": {
        "Diluted EPS": -2.44,
        "Total Revenue": NaN,
        "Gross Profit": NaN,
        "Operating Income": 217,
        "EBIT": 506,
        "Net Income": NaN
    },
    "2019-12-31": {
        "Diluted EPS": 0.25,
        "Total Revenue": NaN,
        "Gross Profit": NaN,
        "Operating Income": 274,
        "EBIT": 471,
        "Net Income": 128
    },
    "2019-09-30": {
        "Diluted EPS": 0.47,
        "Total Revenue": NaN,
        "Gross Profit": NaN,
        "Operating Income": 357,
        "EBIT": 706,
        "Net Income": 241
    },
    "2019-06-30": {
        "Diluted EPS": 0.33,
        "Total Revenue": NaN,
        "Gross Profit": NaN,
        "Operating Income": 229,
        "EBIT": 579,
        "Net Income": 165
    },
    "2019-03-31": {
        "Diluted EPS": 0.28,
        "Total Revenue": NaN,
        "Gross Profit": NaN,
        "Operating Income": 211,
        "EBIT": 540,
        "Net Income": 140
    },
    "2018-12-31": {
        "Diluted EPS": 0.18,
        "Total Revenue": NaN,
        "Gross Profit": NaN,
        "Operating Income": 204,
        "EBIT": 479,
        "Net Income": 90
    },
    "2018-09-30": {
        "Diluted EPS": 0.35,
        "Total Revenue": NaN,
        "Gross Profit": NaN,
        "Operating Income": 226,
        "EBIT": 568,
        "Net Income": 153
    },
    "2018-06-30": {
        "Diluted EPS": -0.17,
        "Total Revenue": NaN,
        "Gross Profit": NaN,
        "Operating Income": 187,
        "EBIT": 541,
        "Net Income": -75
    },
    "2018-03-31": {
        "Diluted EPS": 0.38,
        "Total Revenue": NaN,
        "Gross Profit": NaN,
        "Operating Income": 251,
        "EBIT": 571,
        "Net Income": 165
    },
    "2017-12-31": {
        "Diluted EPS": 2.99,
        "Total Revenue": NaN,
        "Gross Profit": NaN,
        "Operating Income": 308,
        "EBIT": 601,
        "Net Income": NaN
    },
    "2017-09-30": {
        "Diluted EPS": 0.39,
        "Total Revenue": NaN,
        "Gross Profit": NaN,
        "Operating Income": 297,
        "EBIT": 572,
        "Net Income": 169
    },
    "2017-06-30": {
        "Diluted EPS": 0.31,
        "Total Revenue": NaN,
        "Gross Profit": NaN,
        "Operating Income": 240,
        "EBIT": 500,
        "Net Income": 135
    },
    "2017-03-31": {
        "Diluted EPS": 0.44,
        "Total Revenue": NaN,
        "Gross Profit": NaN,
        "Operating Income": 291,
        "EBIT": 523,
        "Net Income": 192
    },
    "2016-12-31": {
        "Diluted EPS": 0.24,
        "Total Revenue": NaN,
        "Gross Profit": NaN,
        "Operating Income": 307,
        "EBIT": 567,
        "Net Income": 101
    },
    "2016-09-30": {
        "Diluted EPS": 0.41,
        "Total Revenue": NaN,
        "Gross Profit": NaN,
        "Operating Income": 284,
        "EBIT": 614,
        "Net Income": 179
    },
    "2016-06-30": {
        "Diluted EPS": -0.01,
        "Total Revenue": NaN,
        "Gross Profit": NaN,
        "Operating Income": 182,
        "EBIT": 478,
        "Net Income": -2
    },
    "2016-03-31": {
        "Diluted EPS": 0.36,
        "Total Revenue": NaN,
        "Gross Profit": NaN,
        "Operating Income": 250,
        "EBIT": 516,
        "Net Income": 154
    },
    "2015-12-31": {
        "Diluted EPS": -1.18,
        "Total Revenue": NaN,
        "Gross Profit": NaN,
        "Operating Income": 226,
        "EBIT": 478,
        "Net Income": -509
    },
    "2015-09-30": {
        "Diluted EPS": -0.91,
        "Total Revenue": NaN,
        "Gross Profit": NaN,
        "Operating Income": 265,
        "EBIT": 540,
        "Net Income": -391
    },
    "2015-06-30": {
        "Diluted EPS": 0.18,
        "Total Revenue": NaN,
        "Gross Profit": NaN,
        "Operating Income": 186,
        "EBIT": 432,
        "Net Income": 77
    },
    "2015-03-31": {
        "Diluted EPS": 0.3,
        "Total Revenue": NaN,
        "Gross Profit": NaN,
        "Operating Income": 256,
        "EBIT": 480,
        "Net Income": 131
    },
    "2014-12-31": {
        "Diluted EPS": 0.41,
        "Total Revenue": NaN,
        "Gross Profit": NaN,
        "Operating Income": 221,
        "EBIT": 457,
        "Net Income": 176
    },
    "2014-09-30": {
        "Diluted EPS": 0.33,
        "Total Revenue": NaN,
        "Gross Profit": NaN,
        "Operating Income": 233,
        "EBIT": 533,
        "Net Income": 143
    },
    "2014-06-30": {
        "Diluted EPS": 0.25,
        "Total Revenue": NaN,
        "Gross Profit": NaN,
        "Operating Income": 186,
        "EBIT": 449,
        "Net Income": 107
    },
    "2014-03-31": {
        "Diluted EPS": 0.43,
        "Total Revenue": NaN,
        "Gross Profit": NaN,
        "Operating Income": 295,
        "EBIT": 537,
        "Net Income": 185
    },
    "2013-12-31": {
        "Diluted EPS": 0.26,
        "Total Revenue": NaN,
        "Gross Profit": NaN,
        "Operating Income": 211,
        "EBIT": 431,
        "Net Income": 113
    },
    "2013-09-30": {
        "Diluted EPS": 0.35,
        "Total Revenue": NaN,
        "Gross Profit": NaN,
        "Operating Income": 244,
        "EBIT": 499,
        "Net Income": 151
    },
    "2013-06-30": {
        "Diluted EPS": -0.23,
        "Total Revenue": NaN,
        "Gross Profit": NaN,
        "Operating Income": 223,
        "EBIT": 484,
        "Net Income": -100
    },
    "2013-03-31": {
        "Diluted EPS": 0.34,
        "Total Revenue": NaN,
        "Gross Profit": NaN,
        "Operating Income": 332,
        "EBIT": 580,
        "Net Income": 147
    },
    "2012-12-31": {
        "Diluted EPS": 0.32,
        "Total Revenue": NaN,
        "Gross Profit": NaN,
        "Operating Income": 310,
        "EBIT": 569,
        "Net Income": 134
    },
    "2012-09-30": {
        "Diluted EPS": 0.02,
        "Total Revenue": NaN,
        "Gross Profit": NaN,
        "Operating Income": 88,
        "EBIT": 397,
        "Net Income": 10
    },
    "2012-06-30": {
        "Diluted EPS": 0.29,
        "Total Revenue": NaN,
        "Gross Profit": NaN,
        "Operating Income": 302,
        "EBIT": 584,
        "Net Income": 126
    },
    "2012-03-31": {
        "Diluted EPS": 0.34,
        "Total Revenue": NaN,
        "Gross Profit": NaN,
        "Operating Income": 338,
        "EBIT": 570,
        "Net Income": 147
    },
    "2011-12-31": {
        "Diluted EPS": 0.27,
        "Total Revenue": NaN,
        "Gross Profit": NaN,
        "Operating Income": 274,
        "EBIT": 491,
        "Net Income": 117
    },
    "2011-09-30": {
        "Diluted EPS": 2.27,
        "Total Revenue": NaN,
        "Gross Profit": NaN,
        "Operating Income": 357,
        "EBIT": 617,
        "Net Income": 973
    },
    "2011-06-30": {
        "Diluted EPS": 0.28,
        "Total Revenue": NaN,
        "Gross Profit": NaN,
        "Operating Income": 303,
        "EBIT": 534,
        "Net Income": 119
    },
    "2011-03-31": {
        "Diluted EPS": 0.35,
        "Total Revenue": NaN,
        "Gross Profit": NaN,
        "Operating Income": 364,
        "EBIT": 572,
        "Net Income": 148
    },
    "2010-12-31": {
        "Diluted EPS": 0.29,
        "Total Revenue": NaN,
        "Gross Profit": NaN,
        "Operating Income": 302,
        "EBIT": 512,
        "Net Income": 124
    },
    "2010-09-30": {
        "Diluted EPS": 0.29,
        "Total Revenue": NaN,
        "Gross Profit": NaN,
        "Operating Income": 327,
        "EBIT": 577,
        "Net Income": 123
    },
    "2010-06-30": {
        "Diluted EPS": 0.2,
        "Total Revenue": NaN,
        "Gross Profit": 978,
        "Operating Income": 263,
        "EBIT": 487,
        "Net Income": 81
    },
    "2010-03-31": {
        "Diluted EPS": 0.29,
        "Total Revenue": NaN,
        "Gross Profit": NaN,
        "Operating Income": 357,
        "EBIT": 564,
        "Net Income": 114
    },
    "2009-12-31": {
        "Diluted EPS": 0.27,
        "Total Revenue": NaN,
        "Gross Profit": NaN,
        "Operating Income": 299,
        "EBIT": 488,
        "Net Income": 105
    },
    "2009-09-30": {
        "Diluted EPS": 0.31,
        "Total Revenue": NaN,
        "Gross Profit": 994,
        "Operating Income": 287,
        "EBIT": 504,
        "Net Income": 114
    },
    "2009-06-30": {
        "Diluted EPS": 0.24,
        "Total Revenue": NaN,
        "Gross Profit": 930,
        "Operating Income": 253,
        "EBIT": 451,
        "Net Income": 86
    },
    "2009-03-31": {
        "Diluted EPS": 0.19,
        "Total Revenue": NaN,
        "Gross Profit": 977,
        "Operating Income": 285,
        "EBIT": 461,
        "Net Income": 67
    },
    "2023-09-30": {
        "Tax Effect Of Unusual Items": 388571.428571,
        "Tax Rate For Calcs": 0.194286,
        "Normalized EBITDA": 905000000.0,
        "Total Unusual Items": 2000000.0,
        "Total Unusual Items Excluding Goodwill": 2000000.0,
        "Net Income From Continuing Operation Net Minority Interest": 282000000.0,
        "Reconciled Depreciation": 374000000.0,
        "Reconciled Cost Of Revenue": 841000000.0,
        "EBITDA": 907000000.0,
        "EBIT": 533000000.0,
        "Net Interest Income": -183000000.0,
        "Interest Expense": 183000000.0,
        "Normalized Income": 280388571.428571,
        "Net Income From Continuing And Discontinued Operation": 282000000.0,
        "Total Expenses": 1342000000.0,
        "Total Operating Income As Reported": 518000000.0,
        "Diluted Average Shares": 633000000.0,
        "Basic Average Shares": 631000000.0,
        "Diluted EPS": 0.4,
        "Basic EPS": 0.41,
        "Diluted NI Availto Com Stockholders": 256000000.0,
        "Net Income Common Stockholders": 256000000.0,
        "Preferred Stock Dividends": 26000000.0,
        "Net Income": 282000000.0,
        "Net Income Including Noncontrolling Interests": 282000000.0,
        "Net Income Discontinuous Operations": NaN,
        "Net Income Continuous Operations": 282000000.0,
        "Tax Provision": 68000000.0,
        "Pretax Income": 350000000.0,
        "Other Income Expense": 15000000.0,
        "Other Non Operating Income Expenses": 13000000.0,
        "Special Income Charges": 0.0,
        "Gain On Sale Of Business": 0.0,
        "Gain On Sale Of Security": 2000000.0,
        "Net Non Operating Interest Income Expense": -183000000.0,
        "Interest Expense Non Operating": 183000000.0,
        "Operating Income": 518000000.0,
        "Operating Expense": 501000000.0,
        "Other Taxes": 127000000.0,
        "Depreciation Amortization Depletion Income Statement": 374000000.0,
        "Depreciation And Amortization In Income Statement": 374000000.0,
        "Gross Profit": 1019000000.0,
        "Cost Of Revenue": 841000000.0,
        "Total Revenue": 1860000000.0,
        "Operating Revenue": 1860000000.0
    }
}