{
    "2023-03-31": {
        "Tax Effect Of Unusual Items": -1680000.0,
        "Tax Rate For Calcs": 0.21,
        "Normalized EBITDA": 3868000000.0,
        "Total Unusual Items": -8000000.0,
        "Total Unusual Items Excluding Goodwill": -8000000.0,
        "Net Income From Continuing Operation Net Minority Interest": 1799000000.0,
        "Reconciled Depreciation": 1418000000.0,
        "Reconciled Cost Of Revenue": 6834000000.0,
        "EBITDA": 3860000000.0,
        "EBIT": 2442000000.0,
        "Net Interest Income": -154000000.0,
        "Interest Expense": 154000000.0,
        "Normalized Income": 1805320000.0,
        "Net Income From Continuing And Discontinued Operation": 1799000000.0,
        "Total Expenses": 7098000000.0,
        "Diluted NI Availto Com Stockholders": 1799000000.0,
        "Net Income Common Stockholders": 1799000000.0,
        "Net Income": 1799000000.0,
        "Net Income Including Noncontrolling Interests": 1799000000.0,
        "Net Income Continuous Operations": 1799000000.0,
        "Tax Provision": 489000000.0,
        "Pretax Income": 2288000000.0,
        "Other Income Expense": -8000000.0,
        "Special Income Charges": NaN,
        "Restructuring And Mergern Acquisition": NaN,
        "Earnings From Equity Interest": NaN,
        "Gain On Sale Of Security": -8000000.0,
        "Net Non Operating Interest Income Expense": -154000000.0,
        "Interest Expense Non Operating": 154000000.0,
        "Operating Income": 2450000000.0,
        "Operating Expense": 264000000.0,
        "Other Operating Expenses": 92000000.0,
        "Selling General And Administration": 172000000.0,
        "General And Administrative Expense": 172000000.0,
        "Other Gand A": 106000000.0,
        "Salaries And Wages": 66000000.0,
        "Gross Profit": 2714000000.0,
        "Cost Of Revenue": 6834000000.0,
        "Total Revenue": 9548000000.0,
        "Operating Revenue": 9548000000.0
    },
    "2022-12-31": {
        "Tax Effect Of Unusual Items": 69456500.0,
        "Tax Rate For Calcs": 0.2621,
        "Normalized EBITDA": 4391000000.0,
        "Total Unusual Items": 265000000.0,
        "Total Unusual Items Excluding Goodwill": 265000000.0,
        "Net Income From Continuing Operation Net Minority Interest": 1520000000.0,
        "Reconciled Depreciation": 3129000000.0,
        "Reconciled Cost Of Revenue": 9362000000.0,
        "EBITDA": 4656000000.0,
        "EBIT": 1527000000.0,
        "Net Interest Income": -76000000.0,
        "Interest Expense": 197000000.0,
        "Normalized Income": 1324456500.0,
        "Net Income From Continuing And Discontinued Operation": 1520000000.0,
        "Total Expenses": 9871000000.0,
        "Diluted NI Availto Com Stockholders": 1520000000.0,
        "Net Income Common Stockholders": 1520000000.0,
        "Net Income": 1520000000.0,
        "Net Income Including Noncontrolling Interests": 1520000000.0,
        "Net Income Continuous Operations": 1520000000.0,
        "Tax Provision": -190000000.0,
        "Pretax Income": 1330000000.0,
        "Other Income Expense": 265000000.0,
        "Special Income Charges": 0.0,
        "Restructuring And Mergern Acquisition": 0.0,
        "Earnings From Equity Interest": 0.0,
        "Gain On Sale Of Security": 265000000.0,
        "Net Non Operating Interest Income Expense": -76000000.0,
        "Interest Expense Non Operating": 197000000.0,
        "Operating Income": 1141000000.0,
        "Operating Expense": 509000000.0,
        "Other Operating Expenses": 82000000.0,
        "Selling General And Administration": 427000000.0,
        "General And Administrative Expense": 427000000.0,
        "Other Gand A": 108000000.0,
        "Salaries And Wages": 319000000.0,
        "Gross Profit": 1650000000.0,
        "Cost Of Revenue": 9362000000.0,
        "Total Revenue": 11012000000.0,
        "Operating Revenue": 11012000000.0
    },
    "2022-09-30": {
        "Tax Effect Of Unusual Items": -152816733.067729,
        "Tax Rate For Calcs": 0.25259,
        "Normalized EBITDA": 5974000000.0,
        "Total Unusual Items": -605000000.0,
        "Total Unusual Items Excluding Goodwill": -605000000.0,
        "Net Income From Continuing Operation Net Minority Interest": 2814000000.0,
        "Reconciled Depreciation": 1454000000.0,
        "Reconciled Cost Of Revenue": 7882000000.0,
        "EBITDA": 5369000000.0,
        "EBIT": 3915000000.0,
        "Net Interest Income": -150000000.0,
        "Interest Expense": 150000000.0,
        "Normalized Income": 3266183266.932271,
        "Net Income From Continuing And Discontinued Operation": 2814000000.0,
        "Total Expenses": 8054000000.0,
        "Diluted Average Shares": 1131429000.0,
        "Basic Average Shares": 1118717000.0,
        "Diluted EPS": 2.49,
        "Basic EPS": 2.52,
        "Diluted NI Availto Com Stockholders": 2814000000.0,
        "Net Income Common Stockholders": 2814000000.0,
        "Net Income": 2814000000.0,
        "Net Income Including Noncontrolling Interests": 2814000000.0,
        "Net Income Continuous Operations": 2814000000.0,
        "Tax Provision": 951000000.0,
        "Pretax Income": 3765000000.0,
        "Other Income Expense": -605000000.0,
        "Special Income Charges": 0.0,
        "Restructuring And Mergern Acquisition": 0.0,
        "Earnings From Equity Interest": 0.0,
        "Gain On Sale Of Security": -605000000.0,
        "Net Non Operating Interest Income Expense": -150000000.0,
        "Interest Expense Non Operating": 150000000.0,
        "Operating Income": 4520000000.0,
        "Operating Expense": 172000000.0,
        "Other Operating Expenses": 82000000.0,
        "Selling General And Administration": 90000000.0,
        "General And Administrative Expense": 90000000.0,
        "Other Gand A": 94000000.0,
        "Salaries And Wages": -4000000.0,
        "Gross Profit": 4692000000.0,
        "Cost Of Revenue": 7882000000.0,
        "Total Revenue": 12574000000.0,
        "Operating Revenue": 12574000000.0
    },
    "2022-06-30": {
        "Tax Effect Of Unusual Items": -78430000.0,
        "Tax Rate For Calcs": 0.23,
        "Normalized EBITDA": 6396000000.0,
        "Total Unusual Items": -341000000.0,
        "Total Unusual Items Excluding Goodwill": -341000000.0,
        "Net Income From Continuing Operation Net Minority Interest": 3502000000.0,
        "Reconciled Depreciation": 1363000000.0,
        "Reconciled Cost Of Revenue": 8669000000.0,
        "EBITDA": 6055000000.0,
        "EBIT": 4692000000.0,
        "Net Interest Income": -160000000.0,
        "Interest Expense": 160000000.0,
        "Normalized Income": 3764570000.0,
        "Net Income From Continuing And Discontinued Operation": 3502000000.0,
        "Total Expenses": 8779000000.0,
        "Diluted Average Shares": 1166575000.0,
        "Basic Average Shares": 1151111000.0,
        "Diluted EPS": 3.0,
        "Basic EPS": 3.04,
        "Diluted NI Availto Com Stockholders": 3502000000.0,
        "Net Income Common Stockholders": 3502000000.0,
        "Net Income": 3502000000.0,
        "Net Income Including Noncontrolling Interests": 3502000000.0,
        "Net Income Continuous Operations": 3502000000.0,
        "Tax Provision": 1030000000.0,
        "Pretax Income": 4532000000.0,
        "Other Income Expense": -341000000.0,
        "Special Income Charges": NaN,
        "Restructuring And Mergern Acquisition": NaN,
        "Earnings From Equity Interest": 0.0,
        "Gain On Sale Of Security": -341000000.0,
        "Net Non Operating Interest Income Expense": -160000000.0,
        "Interest Expense Non Operating": 160000000.0,
        "Operating Income": 5033000000.0,
        "Operating Expense": 110000000.0,
        "Other Operating Expenses": 58000000.0,
        "Selling General And Administration": 52000000.0,
        "General And Administrative Expense": 52000000.0,
        "Other Gand A": 97000000.0,
        "Salaries And Wages": -45000000.0,
        "Gross Profit": 5143000000.0,
        "Cost Of Revenue": 8669000000.0,
        "Total Revenue": 13812000000.0,
        "Operating Revenue": 13812000000.0
    },
    "2023-06-30": {
        "Tax Effect Of Unusual Items": 47260000.0,
        "Tax Rate For Calcs": 0.17,
        "Normalized EBITDA": 3069000000.0,
        "Total Unusual Items": 278000000.0,
        "Total Unusual Items Excluding Goodwill": 278000000.0,
        "Net Income From Continuing Operation Net Minority Interest": 1463000000.0,
        "Reconciled Depreciation": 1397000000.0,
        "Reconciled Cost Of Revenue": 6894000000.0,
        "EBITDA": 3347000000.0,
        "EBIT": 1950000000.0,
        "Net Interest Income": -178000000.0,
        "Interest Expense": 178000000.0,
        "Normalized Income": 1232260000.0,
        "Net Income From Continuing And Discontinued Operation": 1463000000.0,
        "Total Expenses": 7174000000.0,
        "Diluted NI Availto Com Stockholders": 1463000000.0,
        "Net Income Common Stockholders": 1463000000.0,
        "Net Income": 1463000000.0,
        "Net Income Including Noncontrolling Interests": 1463000000.0,
        "Net Income Continuous Operations": 1463000000.0,
        "Tax Provision": 309000000.0,
        "Pretax Income": 1772000000.0,
        "Other Income Expense": 278000000.0,
        "Special Income Charges": NaN,
        "Restructuring And Mergern Acquisition": NaN,
        "Earnings From Equity Interest": NaN,
        "Gain On Sale Of Security": 278000000.0,
        "Net Non Operating Interest Income Expense": -178000000.0,
        "Interest Expense Non Operating": 178000000.0,
        "Operating Income": 1672000000.0,
        "Operating Expense": 280000000.0,
        "Other Operating Expenses": 91000000.0,
        "Selling General And Administration": 189000000.0,
        "General And Administrative Expense": 189000000.0,
        "Other Gand A": 119000000.0,
        "Salaries And Wages": 70000000.0,
        "Gross Profit": 1952000000.0,
        "Cost Of Revenue": 6894000000.0,
        "Total Revenue": 8846000000.0,
        "Operating Revenue": 8846000000.0
    },
    "2022-03-31": {
        "Diluted EPS": 2.08,
        "Total Revenue": NaN,
        "Gross Profit": NaN,
        "Operating Income": NaN,
        "EBIT": NaN,
        "Net Income": NaN
    },
    "2021-12-31": {
        "Diluted EPS": 1.7,
        "Total Revenue": NaN,
        "Gross Profit": NaN,
        "Operating Income": NaN,
        "EBIT": NaN,
        "Net Income": NaN
    },
    "2021-09-30": {
        "Diluted EPS": 1.48,
        "Total Revenue": NaN,
        "Gross Profit": NaN,
        "Operating Income": NaN,
        "EBIT": NaN,
        "Net Income": NaN
    },
    "2021-06-30": {
        "Diluted EPS": 1.06,
        "Total Revenue": NaN,
        "Gross Profit": NaN,
        "Operating Income": NaN,
        "EBIT": NaN,
        "Net Income": NaN
    },
    "2021-03-31": {
        "Diluted EPS": 0.92,
        "Total Revenue": NaN,
        "Gross Profit": NaN,
        "Operating Income": NaN,
        "EBIT": NaN,
        "Net Income": NaN
    },
    "2020-12-31": {
        "Diluted EPS": 0.45,
        "Total Revenue": NaN,
        "Gross Profit": NaN,
        "Operating Income": 145,
        "EBIT": NaN,
        "Net Income": 549
    },
    "2020-09-30": {
        "Diluted EPS": 0.26,
        "Total Revenue": NaN,
        "Gross Profit": NaN,
        "Operating Income": 309,
        "EBIT": NaN,
        "Net Income": 306
    },
    "2020-06-30": {
        "Diluted EPS": -0.19,
        "Total Revenue": NaN,
        "Gross Profit": 507,
        "Operating Income": -585,
        "EBIT": 389,
        "Net Income": -224
    },
    "2020-03-31": {
        "Diluted EPS": -0.81,
        "Total Revenue": NaN,
        "Gross Profit": NaN,
        "Operating Income": -48,
        "EBIT": NaN,
        "Net Income": -956
    },
    "2019-12-31": {
        "Diluted EPS": 0.4,
        "Total Revenue": NaN,
        "Gross Profit": NaN,
        "Operating Income": 781,
        "EBIT": NaN,
        "Net Income": 464
    },
    "2019-09-30": {
        "Diluted EPS": 0.66,
        "Total Revenue": NaN,
        "Gross Profit": NaN,
        "Operating Income": NaN,
        "EBIT": NaN,
        "Net Income": 778
    },
    "2019-06-30": {
        "Diluted EPS": 1.77,
        "Total Revenue": NaN,
        "Gross Profit": NaN,
        "Operating Income": NaN,
        "EBIT": NaN,
        "Net Income": NaN
    },
    "2019-03-31": {
        "Diluted EPS": 0.6,
        "Total Revenue": NaN,
        "Gross Profit": NaN,
        "Operating Income": 966,
        "EBIT": NaN,
        "Net Income": 723
    },
    "2018-12-31": {
        "Diluted EPS": -0.48,
        "Total Revenue": NaN,
        "Gross Profit": 890,
        "Operating Income": -68,
        "EBIT": 980,
        "Net Income": -603
    },
    "2018-09-30": {
        "Diluted EPS": 1.13,
        "Total Revenue": NaN,
        "Gross Profit": NaN,
        "Operating Income": NaN,
        "EBIT": NaN,
        "Net Income": NaN
    },
    "2018-06-30": {
        "Diluted EPS": 0.62,
        "Total Revenue": NaN,
        "Gross Profit": NaN,
        "Operating Income": NaN,
        "EBIT": NaN,
        "Net Income": 761
    },
    "2018-03-31": {
        "Diluted EPS": 0.37,
        "Total Revenue": NaN,
        "Gross Profit": NaN,
        "Operating Income": NaN,
        "EBIT": NaN,
        "Net Income": 461
    },
    "2017-12-31": {
        "Diluted EPS": 0.26,
        "Total Revenue": NaN,
        "Gross Profit": NaN,
        "Operating Income": 622,
        "EBIT": NaN,
        "Net Income": 321
    },
    "2017-09-30": {
        "Diluted EPS": 0.45,
        "Total Revenue": NaN,
        "Gross Profit": NaN,
        "Operating Income": 437,
        "EBIT": NaN,
        "Net Income": 546
    },
    "2017-06-30": {
        "Diluted EPS": 0.69,
        "Total Revenue": NaN,
        "Gross Profit": NaN,
        "Operating Income": 502,
        "EBIT": NaN,
        "Net Income": 797
    },
    "2017-03-31": {
        "Diluted EPS": 0.17,
        "Total Revenue": NaN,
        "Gross Profit": NaN,
        "Operating Income": 366,
        "EBIT": NaN,
        "Net Income": 185
    },
    "2016-12-31": {
        "Diluted EPS": 0.39,
        "Total Revenue": NaN,
        "Gross Profit": NaN,
        "Operating Income": 317,
        "EBIT": NaN,
        "Net Income": 436
    },
    "2016-09-30": {
        "Diluted EPS": -0.22,
        "Total Revenue": NaN,
        "Gross Profit": 688,
        "Operating Income": -364,
        "EBIT": 547,
        "Net Income": -250
    },
    "2016-06-30": {
        "Diluted EPS": -0.24,
        "Total Revenue": NaN,
        "Gross Profit": 830,
        "Operating Income": -246,
        "EBIT": 722,
        "Net Income": -263
    },
    "2016-03-31": {
        "Diluted EPS": -0.07,
        "Total Revenue": NaN,
        "Gross Profit": 471,
        "Operating Income": -566,
        "EBIT": 323,
        "Net Income": -77
    },
    "2015-12-31": {
        "Diluted EPS": 0.09,
        "Total Revenue": NaN,
        "Gross Profit": 962,
        "Operating Income": -257,
        "EBIT": 969,
        "Net Income": 98
    },
    "2015-09-30": {
        "Diluted EPS": -0.08,
        "Total Revenue": NaN,
        "Gross Profit": NaN,
        "Operating Income": 174,
        "EBIT": NaN,
        "Net Income": -85
    },
    "2015-06-30": {
        "Diluted EPS": -0.3,
        "Total Revenue": NaN,
        "Gross Profit": NaN,
        "Operating Income": 247,
        "EBIT": NaN,
        "Net Income": -329
    },
    "2015-03-31": {
        "Diluted EPS": -0.19,
        "Total Revenue": NaN,
        "Gross Profit": NaN,
        "Operating Income": -77,
        "EBIT": NaN,
        "Net Income": -209
    },
    "2014-12-31": {
        "Diluted EPS": 0.87,
        "Total Revenue": NaN,
        "Gross Profit": NaN,
        "Operating Income": 896,
        "EBIT": NaN,
        "Net Income": 959
    },
    "2014-09-30": {
        "Diluted EPS": 0.82,
        "Total Revenue": NaN,
        "Gross Profit": NaN,
        "Operating Income": NaN,
        "EBIT": NaN,
        "Net Income": 910
    },
    "2014-06-30": {
        "Diluted EPS": 0.89,
        "Total Revenue": NaN,
        "Gross Profit": NaN,
        "Operating Income": NaN,
        "EBIT": NaN,
        "Net Income": 977
    },
    "2014-03-31": {
        "Diluted EPS": 0.52,
        "Total Revenue": NaN,
        "Gross Profit": NaN,
        "Operating Income": NaN,
        "EBIT": NaN,
        "Net Income": 571
    },
    "2013-12-31": {
        "Diluted EPS": 0.34,
        "Total Revenue": NaN,
        "Gross Profit": NaN,
        "Operating Income": 831,
        "EBIT": NaN,
        "Net Income": 373
    },
    "2013-09-30": {
        "Diluted EPS": 1.03,
        "Total Revenue": NaN,
        "Gross Profit": NaN,
        "Operating Income": NaN,
        "EBIT": NaN,
        "Net Income": NaN
    },
    "2013-06-30": {
        "Diluted EPS": 0.42,
        "Total Revenue": NaN,
        "Gross Profit": NaN,
        "Operating Income": 696,
        "EBIT": NaN,
        "Net Income": 461
    },
    "2013-03-31": {
        "Diluted EPS": 0.19,
        "Total Revenue": NaN,
        "Gross Profit": NaN,
        "Operating Income": 758,
        "EBIT": NaN,
        "Net Income": 211
    },
    "2012-12-31": {
        "Diluted EPS": 0.31,
        "Total Revenue": NaN,
        "Gross Profit": NaN,
        "Operating Income": 883,
        "EBIT": NaN,
        "Net Income": 342
    },
    "2012-09-30": {
        "Diluted EPS": 0.33,
        "Total Revenue": NaN,
        "Gross Profit": NaN,
        "Operating Income": NaN,
        "EBIT": NaN,
        "Net Income": 363
    },
    "2012-06-30": {
        "Diluted EPS": 0.68,
        "Total Revenue": NaN,
        "Gross Profit": NaN,
        "Operating Income": 946,
        "EBIT": NaN,
        "Net Income": 756
    },
    "2012-03-31": {
        "Diluted EPS": 0.39,
        "Total Revenue": NaN,
        "Gross Profit": NaN,
        "Operating Income": NaN,
        "EBIT": NaN,
        "Net Income": 434
    },
    "2011-12-31": {
        "Diluted EPS": 0.76,
        "Total Revenue": NaN,
        "Gross Profit": NaN,
        "Operating Income": NaN,
        "EBIT": NaN,
        "Net Income": 831
    },
    "2011-09-30": {
        "Diluted EPS": 0.75,
        "Total Revenue": NaN,
        "Gross Profit": NaN,
        "Operating Income": NaN,
        "EBIT": NaN,
        "Net Income": 826
    },
    "2011-06-30": {
        "Diluted EPS": 0.88,
        "Total Revenue": NaN,
        "Gross Profit": NaN,
        "Operating Income": NaN,
        "EBIT": NaN,
        "Net Income": 968
    },
    "2011-03-31": {
        "Diluted EPS": 0.04,
        "Total Revenue": NaN,
        "Gross Profit": NaN,
        "Operating Income": 526,
        "EBIT": NaN,
        "Net Income": 48
    },
    "2010-12-31": {
        "Diluted EPS": -0.39,
        "Total Revenue": NaN,
        "Gross Profit": NaN,
        "Operating Income": NaN,
        "EBIT": NaN,
        "Net Income": -427
    },
    "2010-09-30": {
        "Diluted EPS": 0.53,
        "Total Revenue": NaN,
        "Gross Profit": NaN,
        "Operating Income": NaN,
        "EBIT": NaN,
        "Net Income": 575
    },
    "2010-06-30": {
        "Diluted EPS": 0.6,
        "Total Revenue": NaN,
        "Gross Profit": NaN,
        "Operating Income": NaN,
        "EBIT": NaN,
        "Net Income": 653
    },
    "2010-03-31": {
        "Diluted EPS": 0.78,
        "Total Revenue": NaN,
        "Gross Profit": NaN,
        "Operating Income": NaN,
        "EBIT": NaN,
        "Net Income": 842
    },
    "2009-12-31": {
        "Diluted EPS": 0.41,
        "Total Revenue": NaN,
        "Gross Profit": NaN,
        "Operating Income": 806,
        "EBIT": NaN,
        "Net Income": 441
    },
    "2009-09-30": {
        "Diluted EPS": 0.57,
        "Total Revenue": NaN,
        "Gross Profit": NaN,
        "Operating Income": NaN,
        "EBIT": NaN,
        "Net Income": 618
    },
    "2009-06-30": {
        "Diluted EPS": 0.13,
        "Total Revenue": NaN,
        "Gross Profit": NaN,
        "Operating Income": 561,
        "EBIT": NaN,
        "Net Income": 139
    },
    "2009-03-31": {
        "Diluted EPS": 0.23,
        "Total Revenue": NaN,
        "Gross Profit": 876,
        "Operating Income": 299,
        "EBIT": 820,
        "Net Income": 246
    },
    "2023-09-30": {
        "Tax Effect Of Unusual Items": -48880000.0,
        "Tax Rate For Calcs": 0.26,
        "Normalized EBITDA": 5059000000.0,
        "Total Unusual Items": -188000000.0,
        "Total Unusual Items Excluding Goodwill": -188000000.0,
        "Net Income From Continuing Operation Net Minority Interest": 2344000000.0,
        "Reconciled Depreciation": 1537000000.0,
        "Reconciled Cost Of Revenue": 7742000000.0,
        "EBITDA": 4871000000.0,
        "EBIT": 3334000000.0,
        "Net Interest Income": -187000000.0,
        "Interest Expense": 187000000.0,
        "Normalized Income": 2483120000.0,
        "Net Income From Continuing And Discontinued Operation": 2344000000.0,
        "Total Expenses": 8240000000.0,
        "Diluted NI Availto Com Stockholders": 2344000000.0,
        "Net Income Common Stockholders": 2344000000.0,
        "Net Income": 2344000000.0,
        "Net Income Including Noncontrolling Interests": 2344000000.0,
        "Net Income Continuous Operations": 2344000000.0,
        "Tax Provision": 803000000.0,
        "Pretax Income": 3147000000.0,
        "Other Income Expense": -188000000.0,
        "Special Income Charges": NaN,
        "Restructuring And Mergern Acquisition": NaN,
        "Earnings From Equity Interest": NaN,
        "Gain On Sale Of Security": -188000000.0,
        "Net Non Operating Interest Income Expense": -187000000.0,
        "Interest Expense Non Operating": 187000000.0,
        "Operating Income": 3522000000.0,
        "Operating Expense": 498000000.0,
        "Other Operating Expenses": 92000000.0,
        "Selling General And Administration": 406000000.0,
        "General And Administrative Expense": 406000000.0,
        "Other Gand A": 108000000.0,
        "Salaries And Wages": 298000000.0,
        "Gross Profit": 4020000000.0,
        "Cost Of Revenue": 7742000000.0,
        "Total Revenue": 11762000000.0,
        "Operating Revenue": 11762000000.0
    }
}