{
    "2023-03-31": {
        "Tax Effect Of Unusual Items": NaN,
        "Tax Rate For Calcs": NaN,
        "Normalized EBITDA": NaN,
        "Total Unusual Items": NaN,
        "Total Unusual Items Excluding Goodwill": NaN,
        "Net Income From Continuing Operation Net Minority Interest": NaN,
        "Reconciled Depreciation": NaN,
        "EBITDA": NaN,
        "EBIT": NaN,
        "Net Interest Income": NaN,
        "Interest Income": NaN,
        "Normalized Income": NaN,
        "Net Income From Continuing And Discontinued Operation": NaN,
        "Total Expenses": NaN,
        "Total Operating Income As Reported": NaN,
        "Diluted Average Shares": 15966053.0,
        "Basic Average Shares": 15966053.0,
        "Diluted EPS": -0.4,
        "Basic EPS": -0.4,
        "Diluted NI Availto Com Stockholders": NaN,
        "Net Income Common Stockholders": NaN,
        "Net Income": NaN,
        "Net Income Including Noncontrolling Interests": NaN,
        "Net Income Continuous Operations": NaN,
        "Pretax Income": NaN,
        "Other Income Expense": NaN,
        "Other Non Operating Income Expenses": NaN,
        "Special Income Charges": NaN,
        "Net Non Operating Interest Income Expense": NaN,
        "Interest Income Non Operating": NaN,
        "Operating Income": NaN,
        "Operating Expense": NaN,
        "Research And Development": NaN,
        "Selling General And Administration": NaN,
        "General And Administrative Expense": NaN,
        "Other Gand A": NaN,
        "Total Revenue": NaN,
        "Operating Revenue": NaN
    },
    "2022-12-31": {
        "Tax Effect Of Unusual Items": NaN,
        "Tax Rate For Calcs": NaN,
        "Normalized EBITDA": NaN,
        "Total Unusual Items": 0.0,
        "Total Unusual Items Excluding Goodwill": 0.0,
        "Net Income From Continuing Operation Net Minority Interest": NaN,
        "Reconciled Depreciation": NaN,
        "EBITDA": NaN,
        "EBIT": NaN,
        "Net Interest Income": NaN,
        "Interest Income": NaN,
        "Normalized Income": NaN,
        "Net Income From Continuing And Discontinued Operation": NaN,
        "Total Expenses": NaN,
        "Total Operating Income As Reported": NaN,
        "Diluted Average Shares": NaN,
        "Basic Average Shares": NaN,
        "Diluted EPS": NaN,
        "Basic EPS": NaN,
        "Diluted NI Availto Com Stockholders": NaN,
        "Net Income Common Stockholders": NaN,
        "Net Income": NaN,
        "Net Income Including Noncontrolling Interests": NaN,
        "Net Income Continuous Operations": NaN,
        "Pretax Income": NaN,
        "Other Income Expense": NaN,
        "Other Non Operating Income Expenses": NaN,
        "Special Income Charges": 0.0,
        "Other Special Charges": 0.0,
        "Net Non Operating Interest Income Expense": NaN,
        "Interest Income Non Operating": NaN,
        "Operating Income": NaN,
        "Operating Expense": NaN,
        "Research And Development": NaN,
        "Selling General And Administration": NaN,
        "General And Administrative Expense": NaN,
        "Other Gand A": NaN,
        "Total Revenue": NaN,
        "Operating Revenue": NaN
    },
    "2022-09-30": {
        "Tax Effect Of Unusual Items": NaN,
        "Tax Rate For Calcs": NaN,
        "Normalized EBITDA": NaN,
        "Total Unusual Items": 0.0,
        "Total Unusual Items Excluding Goodwill": 0.0,
        "Net Income From Continuing Operation Net Minority Interest": NaN,
        "Reconciled Depreciation": NaN,
        "EBITDA": NaN,
        "EBIT": NaN,
        "Net Interest Income": NaN,
        "Interest Income": NaN,
        "Normalized Income": NaN,
        "Net Income From Continuing And Discontinued Operation": NaN,
        "Total Expenses": NaN,
        "Total Operating Income As Reported": NaN,
        "Diluted Average Shares": 15966053.0,
        "Basic Average Shares": 15966053.0,
        "Diluted EPS": -0.24,
        "Basic EPS": -0.24,
        "Diluted NI Availto Com Stockholders": NaN,
        "Net Income Common Stockholders": NaN,
        "Net Income": NaN,
        "Net Income Including Noncontrolling Interests": NaN,
        "Net Income Continuous Operations": NaN,
        "Pretax Income": NaN,
        "Other Income Expense": NaN,
        "Other Non Operating Income Expenses": NaN,
        "Special Income Charges": 0.0,
        "Other Special Charges": NaN,
        "Net Non Operating Interest Income Expense": NaN,
        "Total Other Finance Cost": -192245.0,
        "Interest Income Non Operating": NaN,
        "Operating Income": NaN,
        "Operating Expense": NaN,
        "Research And Development": NaN,
        "Selling General And Administration": NaN,
        "General And Administrative Expense": NaN,
        "Other Gand A": NaN,
        "Total Revenue": NaN,
        "Operating Revenue": NaN
    },
    "2022-06-30": {
        "Tax Effect Of Unusual Items": 0.0,
        "Tax Rate For Calcs": 0.0,
        "Normalized EBITDA": -3007811.0,
        "Total Unusual Items": -500000.0,
        "Total Unusual Items Excluding Goodwill": -500000.0,
        "Net Income From Continuing Operation Net Minority Interest": -3986511.0,
        "Reconciled Depreciation": NaN,
        "EBITDA": -3507811.0,
        "EBIT": -3507811.0,
        "Net Interest Income": 21296.0,
        "Interest Income": NaN,
        "Normalized Income": -3486511.0,
        "Net Income From Continuing And Discontinued Operation": -3986511.0,
        "Total Expenses": 3507811.0,
        "Total Operating Income As Reported": -4007811.0,
        "Diluted Average Shares": 15966053.0,
        "Basic Average Shares": 15966053.0,
        "Diluted EPS": -0.25,
        "Basic EPS": -0.25,
        "Diluted NI Availto Com Stockholders": -3986511.0,
        "Net Income Common Stockholders": -3986511.0,
        "Net Income": -3986511.0,
        "Net Income Including Noncontrolling Interests": -3986511.0,
        "Net Income Continuous Operations": -3986511.0,
        "Pretax Income": -3986511.0,
        "Other Income Expense": -499996.0,
        "Other Non Operating Income Expenses": 4.0,
        "Special Income Charges": -500000.0,
        "Other Special Charges": 500000.0,
        "Net Non Operating Interest Income Expense": 21296.0,
        "Total Other Finance Cost": -21296.0,
        "Interest Income Non Operating": NaN,
        "Operating Income": -3507811.0,
        "Operating Expense": 3507811.0,
        "Research And Development": 1517243.0,
        "Selling General And Administration": 1990568.0,
        "General And Administrative Expense": 1990568.0,
        "Other Gand A": 1990568.0,
        "Total Revenue": 0.0,
        "Operating Revenue": 0.0
    },
    "2022-03-31": {
        "Diluted EPS": -0.22,
        "Total Revenue": NaN,
        "Gross Profit": NaN,
        "Operating Income": -3,
        "EBIT": -3,
        "Net Income": -3
    },
    "2021-12-31": {
        "Diluted EPS": 17.04,
        "Total Revenue": NaN,
        "Gross Profit": NaN,
        "Operating Income": -3,
        "EBIT": -3,
        "Net Income": -3
    },
    "2021-09-30": {
        "Diluted EPS": -4.0,
        "Total Revenue": NaN,
        "Gross Profit": NaN,
        "Operating Income": -2,
        "EBIT": -2,
        "Net Income": -1
    },
    "2021-06-30": {
        "Diluted EPS": -14.18,
        "Total Revenue": NaN,
        "Gross Profit": NaN,
        "Operating Income": -5,
        "EBIT": -5,
        "Net Income": -5
    },
    "2021-03-31": {
        "Diluted EPS": -2.55,
        "Total Revenue": NaN,
        "Gross Profit": NaN,
        "Operating Income": -1,
        "EBIT": -1,
        "Net Income": -1
    },
    "2020-12-31": {
        "Diluted EPS": 0.0,
        "Total Revenue": NaN,
        "Gross Profit": NaN,
        "Operating Income": NaN,
        "EBIT": NaN,
        "Net Income": NaN
    },
    "2020-09-30": {
        "Diluted EPS": -2.52,
        "Total Revenue": NaN,
        "Gross Profit": NaN,
        "Operating Income": -1,
        "EBIT": -1,
        "Net Income": -1
    },
    "2023-06-30": {
        "Tax Effect Of Unusual Items": 0.0,
        "Tax Rate For Calcs": 0.0,
        "Normalized EBITDA": -5289174.0,
        "Total Unusual Items": 0.0,
        "Total Unusual Items Excluding Goodwill": 0.0,
        "Net Income From Continuing Operation Net Minority Interest": -5011321.0,
        "Reconciled Depreciation": 3194.0,
        "EBITDA": -5289174.0,
        "EBIT": -5292368.0,
        "Net Interest Income": 293274.0,
        "Interest Income": 293274.0,
        "Normalized Income": -5011321.0,
        "Net Income From Continuing And Discontinued Operation": -5011321.0,
        "Total Expenses": 5292368.0,
        "Total Operating Income As Reported": -5292368.0,
        "Diluted Average Shares": 15966053.0,
        "Basic Average Shares": 15966053.0,
        "Diluted EPS": -0.31,
        "Basic EPS": -0.31,
        "Diluted NI Availto Com Stockholders": -5011321.0,
        "Net Income Common Stockholders": -5011321.0,
        "Net Income": -5011321.0,
        "Net Income Including Noncontrolling Interests": -5011321.0,
        "Net Income Continuous Operations": -5011321.0,
        "Pretax Income": -5011321.0,
        "Other Income Expense": -12227.0,
        "Other Non Operating Income Expenses": -12227.0,
        "Special Income Charges": 0.0,
        "Net Non Operating Interest Income Expense": 293274.0,
        "Interest Income Non Operating": 293274.0,
        "Operating Income": -5292368.0,
        "Operating Expense": 5292368.0,
        "Research And Development": 3460937.0,
        "Selling General And Administration": 1831431.0,
        "General And Administrative Expense": 1831431.0,
        "Other Gand A": 1831431.0,
        "Total Revenue": 0.0,
        "Operating Revenue": 0.0
    },
    "2023-09-30": {
        "Tax Effect Of Unusual Items": 0.0,
        "Tax Rate For Calcs": 0.0,
        "Normalized EBITDA": -6177406.0,
        "Total Unusual Items": 0.0,
        "Total Unusual Items Excluding Goodwill": 0.0,
        "Net Income From Continuing Operation Net Minority Interest": -5874686.0,
        "Reconciled Depreciation": 3089.0,
        "EBITDA": -6177406.0,
        "EBIT": -6180495.0,
        "Net Interest Income": 290440.0,
        "Interest Income": 290440.0,
        "Normalized Income": -5874686.0,
        "Net Income From Continuing And Discontinued Operation": -5874686.0,
        "Total Expenses": 6180495.0,
        "Total Operating Income As Reported": -6180495.0,
        "Diluted Average Shares": 15966053.0,
        "Basic Average Shares": 15966053.0,
        "Diluted EPS": -0.37,
        "Basic EPS": -0.37,
        "Diluted NI Availto Com Stockholders": -5874686.0,
        "Net Income Common Stockholders": -5874686.0,
        "Net Income": -5874686.0,
        "Net Income Including Noncontrolling Interests": -5874686.0,
        "Net Income Continuous Operations": -5874686.0,
        "Pretax Income": -5874686.0,
        "Other Income Expense": 15369.0,
        "Other Non Operating Income Expenses": 15369.0,
        "Special Income Charges": 0.0,
        "Net Non Operating Interest Income Expense": 290440.0,
        "Interest Income Non Operating": 290440.0,
        "Operating Income": -6180495.0,
        "Operating Expense": 6180495.0,
        "Research And Development": 4485223.0,
        "Selling General And Administration": 1695272.0,
        "General And Administrative Expense": 1695272.0,
        "Other Gand A": 1695272.0,
        "Total Revenue": 0.0,
        "Operating Revenue": 0.0
    },
    "2023-12-31": {
        "Tax Effect Of Unusual Items": 0.0,
        "Tax Rate For Calcs": 0.0,
        "Normalized EBITDA": -6930637.0,
        "Total Unusual Items": 0.0,
        "Total Unusual Items Excluding Goodwill": 0.0,
        "Net Income From Continuing Operation Net Minority Interest": -6769886.0,
        "Reconciled Depreciation": 2568.0,
        "EBITDA": -6930637.0,
        "EBIT": -6933205.0,
        "Net Interest Income": 224719.0,
        "Interest Income": 224719.0,
        "Normalized Income": -6769886.0,
        "Net Income From Continuing And Discontinued Operation": -6769886.0,
        "Total Expenses": 6933205.0,
        "Total Operating Income As Reported": -6933205.0,
        "Diluted Average Shares": NaN,
        "Basic Average Shares": NaN,
        "Diluted EPS": NaN,
        "Basic EPS": NaN,
        "Diluted NI Availto Com Stockholders": -6769886.0,
        "Net Income Common Stockholders": -6769886.0,
        "Net Income": -6769886.0,
        "Net Income Including Noncontrolling Interests": -6769886.0,
        "Net Income Continuous Operations": -6769886.0,
        "Pretax Income": -6769886.0,
        "Other Income Expense": -61400.0,
        "Other Non Operating Income Expenses": -61400.0,
        "Special Income Charges": 0.0,
        "Net Non Operating Interest Income Expense": 224719.0,
        "Interest Income Non Operating": 224719.0,
        "Operating Income": -6933205.0,
        "Operating Expense": 6933205.0,
        "Research And Development": 5301895.0,
        "Selling General And Administration": 1631310.0,
        "General And Administrative Expense": 1631310.0,
        "Other Gand A": 1631310.0,
        "Total Revenue": 0.0,
        "Operating Revenue": 0.0
    },
    "2024-03-31": {
        "Tax Effect Of Unusual Items": 0.0,
        "Tax Rate For Calcs": 0.0,
        "Normalized EBITDA": -3820933.0,
        "Total Unusual Items": NaN,
        "Total Unusual Items Excluding Goodwill": NaN,
        "Net Income From Continuing Operation Net Minority Interest": -3667797.0,
        "Reconciled Depreciation": 2568.0,
        "EBITDA": -3820933.0,
        "EBIT": -3823501.0,
        "Net Interest Income": 152351.0,
        "Interest Income": 152351.0,
        "Normalized Income": -3667797.0,
        "Net Income From Continuing And Discontinued Operation": -3667797.0,
        "Total Expenses": 3823501.0,
        "Total Operating Income As Reported": -3823501.0,
        "Diluted Average Shares": 15966053.0,
        "Basic Average Shares": 15966053.0,
        "Diluted EPS": -0.23,
        "Basic EPS": -0.23,
        "Diluted NI Availto Com Stockholders": -3667797.0,
        "Net Income Common Stockholders": -3667797.0,
        "Net Income": -3667797.0,
        "Net Income Including Noncontrolling Interests": -3667797.0,
        "Net Income Continuous Operations": -3667797.0,
        "Pretax Income": -3667797.0,
        "Other Income Expense": 3353.0,
        "Other Non Operating Income Expenses": 3353.0,
        "Special Income Charges": NaN,
        "Net Non Operating Interest Income Expense": 152351.0,
        "Interest Income Non Operating": 152351.0,
        "Operating Income": -3823501.0,
        "Operating Expense": 3823501.0,
        "Research And Development": 1973209.0,
        "Selling General And Administration": 1850292.0,
        "General And Administrative Expense": 1850292.0,
        "Other Gand A": 1850292.0,
        "Total Revenue": 0.0,
        "Operating Revenue": 0.0
    },
    "2024-06-30": {
        "Tax Effect Of Unusual Items": 0.0,
        "Tax Rate For Calcs": 0.0,
        "Normalized EBITDA": -3085981.0,
        "Total Unusual Items": NaN,
        "Total Unusual Items Excluding Goodwill": NaN,
        "Net Income From Continuing Operation Net Minority Interest": -2254506.0,
        "Reconciled Depreciation": 2568.0,
        "EBITDA": -3085981.0,
        "EBIT": -3088549.0,
        "Net Interest Income": 840150.0,
        "Interest Income": 840150.0,
        "Normalized Income": -2254506.0,
        "Net Income From Continuing And Discontinued Operation": -2254506.0,
        "Total Expenses": 3088549.0,
        "Total Operating Income As Reported": -3088549.0,
        "Diluted Average Shares": 54958635.0,
        "Basic Average Shares": 54958635.0,
        "Diluted EPS": -0.04,
        "Basic EPS": -0.04,
        "Diluted NI Availto Com Stockholders": -2254506.0,
        "Net Income Common Stockholders": -2254506.0,
        "Net Income": -2254506.0,
        "Net Income Including Noncontrolling Interests": -2254506.0,
        "Net Income Continuous Operations": -2254506.0,
        "Pretax Income": -2254506.0,
        "Other Income Expense": -6107.0,
        "Other Non Operating Income Expenses": -6107.0,
        "Special Income Charges": NaN,
        "Net Non Operating Interest Income Expense": 840150.0,
        "Interest Income Non Operating": 840150.0,
        "Operating Income": -3088549.0,
        "Operating Expense": 3088549.0,
        "Research And Development": 1384553.0,
        "Selling General And Administration": 1703996.0,
        "General And Administrative Expense": 1703996.0,
        "Other Gand A": 1703996.0,
        "Total Revenue": 0.0,
        "Operating Revenue": 0.0
    }
}