{
    "2023-04-30": {
        "Tax Effect Of Unusual Items": 0.0,
        "Tax Rate For Calcs": 0.019,
        "Normalized EBITDA": 1036651.0,
        "Net Income From Continuing Operation Net Minority Interest": 1008477.0,
        "Reconciled Depreciation": 178763.0,
        "Reconciled Cost Of Revenue": 1678268.0,
        "EBITDA": 1036651.0,
        "EBIT": 857888.0,
        "Net Interest Income": 170596.0,
        "Interest Expense": 0.0,
        "Interest Income": 170596.0,
        "Normalized Income": 1008477.0,
        "Net Income From Continuing And Discontinued Operation": 1008477.0,
        "Total Expenses": 4443621.0,
        "Rent Expense Supplemental": 14263.0,
        "Total Operating Income As Reported": 855108.0,
        "Diluted Average Shares": 11330754.0,
        "Basic Average Shares": 11010077.0,
        "Diluted EPS": 0.09,
        "Basic EPS": 0.09,
        "Diluted NI Availto Com Stockholders": 1008477.0,
        "Net Income Common Stockholders": 1008477.0,
        "Net Income": 1008477.0,
        "Net Income Including Noncontrolling Interests": 1008477.0,
        "Net Income Continuous Operations": 1008477.0,
        "Tax Provision": 20007.0,
        "Pretax Income": 1028484.0,
        "Other Income Expense": 173376.0,
        "Other Non Operating Income Expenses": 173376.0,
        "Net Non Operating Interest Income Expense": 170596.0,
        "Interest Expense Non Operating": 0.0,
        "Interest Income Non Operating": 170596.0,
        "Operating Income": 857888.0,
        "Operating Expense": 2765353.0,
        "Other Operating Expenses": -2780.0,
        "Research And Development": 525939.0,
        "Selling General And Administration": 2242194.0,
        "Selling And Marketing Expense": 66578.0,
        "General And Administrative Expense": 2175616.0,
        "Other Gand A": 1254056.0,
        "Rent And Landing Fees": 14263.0,
        "Salaries And Wages": 907297.0,
        "Gross Profit": 3623241.0,
        "Cost Of Revenue": 1678268.0,
        "Total Revenue": 5301509.0,
        "Operating Revenue": 5301509.0
    },
    "2023-01-31": {
        "Tax Effect Of Unusual Items": NaN,
        "Tax Rate For Calcs": NaN,
        "Normalized EBITDA": NaN,
        "Net Income From Continuing Operation Net Minority Interest": NaN,
        "Reconciled Depreciation": NaN,
        "Reconciled Cost Of Revenue": NaN,
        "EBITDA": NaN,
        "EBIT": NaN,
        "Net Interest Income": NaN,
        "Interest Expense": 0.0,
        "Interest Income": 12861.0,
        "Normalized Income": NaN,
        "Net Income From Continuing And Discontinued Operation": NaN,
        "Total Expenses": NaN,
        "Rent Expense Supplemental": NaN,
        "Total Operating Income As Reported": NaN,
        "Diluted Average Shares": 11379356.0,
        "Basic Average Shares": 10946683.0,
        "Diluted EPS": 0.12,
        "Basic EPS": 0.13,
        "Diluted NI Availto Com Stockholders": NaN,
        "Net Income Common Stockholders": NaN,
        "Net Income": NaN,
        "Net Income Including Noncontrolling Interests": NaN,
        "Net Income Continuous Operations": NaN,
        "Tax Provision": NaN,
        "Pretax Income": NaN,
        "Other Income Expense": 2904.0,
        "Other Non Operating Income Expenses": 2904.0,
        "Net Non Operating Interest Income Expense": NaN,
        "Interest Expense Non Operating": 0.0,
        "Interest Income Non Operating": 12861.0,
        "Operating Income": NaN,
        "Operating Expense": NaN,
        "Other Operating Expenses": NaN,
        "Research And Development": NaN,
        "Selling General And Administration": NaN,
        "Selling And Marketing Expense": NaN,
        "General And Administrative Expense": NaN,
        "Other Gand A": NaN,
        "Rent And Landing Fees": NaN,
        "Salaries And Wages": NaN,
        "Gross Profit": NaN,
        "Cost Of Revenue": NaN,
        "Total Revenue": NaN,
        "Operating Revenue": NaN
    },
    "2022-10-31": {
        "Tax Effect Of Unusual Items": NaN,
        "Tax Rate For Calcs": NaN,
        "Normalized EBITDA": NaN,
        "Net Income From Continuing Operation Net Minority Interest": NaN,
        "Reconciled Depreciation": NaN,
        "Reconciled Cost Of Revenue": NaN,
        "EBITDA": NaN,
        "EBIT": NaN,
        "Net Interest Income": NaN,
        "Interest Expense": 6802.0,
        "Interest Income": NaN,
        "Normalized Income": NaN,
        "Net Income From Continuing And Discontinued Operation": NaN,
        "Total Expenses": NaN,
        "Rent Expense Supplemental": NaN,
        "Total Operating Income As Reported": NaN,
        "Diluted Average Shares": NaN,
        "Basic Average Shares": NaN,
        "Diluted EPS": NaN,
        "Basic EPS": NaN,
        "Diluted NI Availto Com Stockholders": NaN,
        "Net Income Common Stockholders": NaN,
        "Net Income": NaN,
        "Net Income Including Noncontrolling Interests": NaN,
        "Net Income Continuous Operations": NaN,
        "Tax Provision": NaN,
        "Pretax Income": NaN,
        "Other Income Expense": NaN,
        "Other Non Operating Income Expenses": NaN,
        "Net Non Operating Interest Income Expense": NaN,
        "Interest Expense Non Operating": 6802.0,
        "Interest Income Non Operating": NaN,
        "Operating Income": NaN,
        "Operating Expense": NaN,
        "Other Operating Expenses": NaN,
        "Research And Development": NaN,
        "Selling General And Administration": NaN,
        "Selling And Marketing Expense": NaN,
        "General And Administrative Expense": NaN,
        "Other Gand A": NaN,
        "Rent And Landing Fees": NaN,
        "Salaries And Wages": NaN,
        "Gross Profit": NaN,
        "Cost Of Revenue": NaN,
        "Total Revenue": NaN,
        "Operating Revenue": NaN
    },
    "2022-07-31": {
        "Tax Effect Of Unusual Items": 0.0,
        "Tax Rate For Calcs": 0.134,
        "Normalized EBITDA": 2252278.0,
        "Total Unusual Items": 0.0,
        "Total Unusual Items Excluding Goodwill": 0.0,
        "Net Income From Continuing Operation Net Minority Interest": 1768657.0,
        "Reconciled Depreciation": 208821.0,
        "Reconciled Cost Of Revenue": 1704765.0,
        "EBITDA": 2252278.0,
        "EBIT": 2043457.0,
        "Net Interest Income": 0.0,
        "Interest Expense": 0.0,
        "Normalized Income": 1768657.0,
        "Net Income From Continuing And Discontinued Operation": 1768657.0,
        "Total Expenses": 4243696.0,
        "Total Operating Income As Reported": 2023713.0,
        "Diluted Average Shares": 11375141.0,
        "Basic Average Shares": 10858302.0,
        "Diluted EPS": 0.16,
        "Basic EPS": 0.16,
        "Diluted NI Availto Com Stockholders": 1768657.0,
        "Net Income Common Stockholders": 1768657.0,
        "Net Income": 1768657.0,
        "Net Income Including Noncontrolling Interests": 1768657.0,
        "Net Income Continuous Operations": 1768657.0,
        "Tax Provision": 274800.0,
        "Pretax Income": 2043457.0,
        "Other Income Expense": 19744.0,
        "Other Non Operating Income Expenses": 19744.0,
        "Special Income Charges": 0.0,
        "Net Non Operating Interest Income Expense": 0.0,
        "Interest Expense Non Operating": 0.0,
        "Operating Income": 2023713.0,
        "Operating Expense": 2538931.0,
        "Research And Development": 577953.0,
        "Selling General And Administration": 1960978.0,
        "Gross Profit": 4562644.0,
        "Cost Of Revenue": 1704765.0,
        "Total Revenue": 6267409.0,
        "Operating Revenue": 6267409.0
    },
    "2022-04-30": {
        "Diluted EPS": 0.05,
        "Total Revenue": 5,
        "Gross Profit": 3,
        "Operating Income": 0,
        "EBIT": 1,
        "Net Income": 1
    },
    "2022-01-31": {
        "Diluted EPS": 0.11,
        "Total Revenue": 6,
        "Gross Profit": 4,
        "Operating Income": 1,
        "EBIT": 2,
        "Net Income": 1
    },
    "2021-10-31": {
        "Diluted EPS": 0.01,
        "Total Revenue": 5,
        "Gross Profit": 3,
        "Operating Income": 0,
        "EBIT": 0,
        "Net Income": 0
    },
    "2021-07-31": {
        "Diluted EPS": 0.13,
        "Total Revenue": 6,
        "Gross Profit": 4,
        "Operating Income": 1,
        "EBIT": 2,
        "Net Income": 2
    },
    "2021-04-30": {
        "Diluted EPS": 0.2,
        "Total Revenue": 5,
        "Gross Profit": 4,
        "Operating Income": 1,
        "EBIT": 2,
        "Net Income": 2
    },
    "2021-01-31": {
        "Diluted EPS": 0.1,
        "Total Revenue": 5,
        "Gross Profit": 3,
        "Operating Income": 1,
        "EBIT": 1,
        "Net Income": 1
    },
    "2020-10-31": {
        "Diluted EPS": 0.1,
        "Total Revenue": 5,
        "Gross Profit": 3,
        "Operating Income": 0,
        "EBIT": 1,
        "Net Income": 1
    },
    "2020-07-31": {
        "Diluted EPS": 0.09,
        "Total Revenue": 5,
        "Gross Profit": 4,
        "Operating Income": 1,
        "EBIT": 2,
        "Net Income": 1
    },
    "2020-04-30": {
        "Diluted EPS": -0.02,
        "Total Revenue": 3,
        "Gross Profit": 2,
        "Operating Income": 0,
        "EBIT": 0,
        "Net Income": 0
    },
    "2020-01-31": {
        "Diluted EPS": 0.13,
        "Total Revenue": 7,
        "Gross Profit": 4,
        "Operating Income": 1,
        "EBIT": 2,
        "Net Income": 1
    },
    "2019-10-31": {
        "Diluted EPS": 0.02,
        "Total Revenue": 6,
        "Gross Profit": 4,
        "Operating Income": 0,
        "EBIT": 1,
        "Net Income": 0
    },
    "2019-07-31": {
        "Diluted EPS": 0.17,
        "Total Revenue": 7,
        "Gross Profit": 5,
        "Operating Income": 2,
        "EBIT": 2,
        "Net Income": 2
    },
    "2019-04-30": {
        "Diluted EPS": 0.18,
        "Total Revenue": 7,
        "Gross Profit": 5,
        "Operating Income": 2,
        "EBIT": 2,
        "Net Income": 2
    },
    "2019-01-31": {
        "Diluted EPS": 0.12,
        "Total Revenue": 6,
        "Gross Profit": 4,
        "Operating Income": 1,
        "EBIT": 2,
        "Net Income": 1
    },
    "2018-10-31": {
        "Diluted EPS": 0.33,
        "Total Revenue": 6,
        "Gross Profit": 4,
        "Operating Income": 1,
        "EBIT": 2,
        "Net Income": 3
    },
    "2018-07-31": {
        "Diluted EPS": 0.19,
        "Total Revenue": 6,
        "Gross Profit": 4,
        "Operating Income": 2,
        "EBIT": 2,
        "Net Income": 2
    },
    "2018-04-30": {
        "Diluted EPS": -0.01,
        "Total Revenue": 4,
        "Gross Profit": 3,
        "Operating Income": 0,
        "EBIT": 0,
        "Net Income": 0
    },
    "2018-01-31": {
        "Diluted EPS": -0.02,
        "Total Revenue": 3,
        "Gross Profit": 2,
        "Operating Income": 0,
        "EBIT": 0,
        "Net Income": 0
    },
    "2017-10-31": {
        "Diluted EPS": -0.07,
        "Total Revenue": 2,
        "Gross Profit": 2,
        "Operating Income": 0,
        "EBIT": 0,
        "Net Income": -1
    },
    "2017-07-31": {
        "Diluted EPS": 0.12,
        "Total Revenue": 5,
        "Gross Profit": 3,
        "Operating Income": 1,
        "EBIT": 1,
        "Net Income": 1
    },
    "2017-04-30": {
        "Diluted EPS": 0.14,
        "Total Revenue": 5,
        "Gross Profit": 3,
        "Operating Income": 1,
        "EBIT": 2,
        "Net Income": 1
    },
    "2017-01-31": {
        "Diluted EPS": 0.17,
        "Total Revenue": 5,
        "Gross Profit": 3,
        "Operating Income": 2,
        "EBIT": 2,
        "Net Income": 2
    },
    "2016-07-31": {
        "Diluted EPS": 0.12,
        "Total Revenue": 4,
        "Gross Profit": 3,
        "Operating Income": 1,
        "EBIT": 1,
        "Net Income": 1
    },
    "2016-04-30": {
        "Diluted EPS": 0.18,
        "Total Revenue": 6,
        "Gross Profit": 4,
        "Operating Income": 2,
        "EBIT": 2,
        "Net Income": 2
    },
    "2011-04-30": {
        "Diluted EPS": 0.0,
        "Total Revenue": 3,
        "Gross Profit": 2,
        "Operating Income": 0,
        "EBIT": 0,
        "Net Income": 0
    },
    "2011-01-31": {
        "Diluted EPS": -0.14,
        "Total Revenue": 4,
        "Gross Profit": 2,
        "Operating Income": 0,
        "EBIT": 0,
        "Net Income": 0
    },
    "2010-10-31": {
        "Diluted EPS": 1.26,
        "Total Revenue": 2,
        "Gross Profit": 0,
        "Operating Income": -2,
        "EBIT": 0,
        "Net Income": 3
    },
    "2010-07-31": {
        "Diluted EPS": -0.56,
        "Total Revenue": 2,
        "Gross Profit": 1,
        "Operating Income": -1,
        "EBIT": -1,
        "Net Income": 0
    },
    "2010-04-30": {
        "Diluted EPS": -1.54,
        "Total Revenue": 4,
        "Gross Profit": 2,
        "Operating Income": 0,
        "EBIT": 0,
        "Net Income": -6
    },
    "2010-01-31": {
        "Diluted EPS": 0.28,
        "Total Revenue": 3,
        "Gross Profit": 2,
        "Operating Income": 0,
        "EBIT": 0,
        "Net Income": 1
    },
    "2009-10-31": {
        "Diluted EPS": -1.4,
        "Total Revenue": 2,
        "Gross Profit": 1,
        "Operating Income": -5,
        "EBIT": -4,
        "Net Income": -5
    },
    "2009-07-31": {
        "Diluted EPS": -0.23,
        "Total Revenue": 3,
        "Gross Profit": 2,
        "Operating Income": 0,
        "EBIT": 0,
        "Net Income": -1
    },
    "2009-04-30": {
        "Diluted EPS": -0.42,
        "Total Revenue": 4,
        "Gross Profit": 3,
        "Operating Income": 0,
        "EBIT": 0,
        "Net Income": -1
    },
    "2009-01-31": {
        "Diluted EPS": -0.62,
        "Total Revenue": 3,
        "Gross Profit": 2,
        "Operating Income": -2,
        "EBIT": -2,
        "Net Income": -2
    },
    "2023-07-31": {
        "Tax Effect Of Unusual Items": 0.0,
        "Tax Rate For Calcs": 0.036,
        "Normalized EBITDA": 1255911.0,
        "Net Income From Continuing Operation Net Minority Interest": 1038780.0,
        "Reconciled Depreciation": 178745.0,
        "Reconciled Cost Of Revenue": 1525308.0,
        "EBITDA": 1255911.0,
        "EBIT": 1077166.0,
        "Net Interest Income": 0.0,
        "Interest Expense": 0.0,
        "Interest Income": NaN,
        "Normalized Income": 1038780.0,
        "Net Income From Continuing And Discontinued Operation": 1038780.0,
        "Total Expenses": 4027918.0,
        "Rent Expense Supplemental": NaN,
        "Total Operating Income As Reported": 862614.0,
        "Diluted Average Shares": 11284137.0,
        "Basic Average Shares": 11092420.0,
        "Diluted EPS": 0.09,
        "Basic EPS": 0.09,
        "Diluted NI Availto Com Stockholders": 1038780.0,
        "Net Income Common Stockholders": 1038780.0,
        "Net Income": 1038780.0,
        "Net Income Including Noncontrolling Interests": 1038780.0,
        "Net Income Continuous Operations": 1038780.0,
        "Tax Provision": 38386.0,
        "Pretax Income": 1077166.0,
        "Other Income Expense": 214552.0,
        "Other Non Operating Income Expenses": 214552.0,
        "Net Non Operating Interest Income Expense": 0.0,
        "Interest Expense Non Operating": 0.0,
        "Interest Income Non Operating": NaN,
        "Operating Income": 862614.0,
        "Operating Expense": 2502610.0,
        "Other Operating Expenses": NaN,
        "Research And Development": 568287.0,
        "Selling General And Administration": 1934323.0,
        "Selling And Marketing Expense": NaN,
        "General And Administrative Expense": NaN,
        "Other Gand A": NaN,
        "Rent And Landing Fees": NaN,
        "Salaries And Wages": NaN,
        "Gross Profit": 3365224.0,
        "Cost Of Revenue": 1525308.0,
        "Total Revenue": 4890532.0,
        "Operating Revenue": 4890532.0
    },
    "2023-10-31": {
        "Tax Effect Of Unusual Items": 0.0,
        "Tax Rate For Calcs": 0.21,
        "Normalized EBITDA": 99732.0,
        "Net Income From Continuing Operation Net Minority Interest": -320965.0,
        "Reconciled Depreciation": 146015.0,
        "Reconciled Cost Of Revenue": 1274178.0,
        "EBITDA": 99732.0,
        "EBIT": -46283.0,
        "Net Interest Income": 642530.0,
        "Interest Expense": 0.0,
        "Interest Income": NaN,
        "Normalized Income": -320965.0,
        "Net Income From Continuing And Discontinued Operation": -320965.0,
        "Total Expenses": 3888029.0,
        "Rent Expense Supplemental": NaN,
        "Total Operating Income As Reported": -324266.0,
        "Diluted Average Shares": NaN,
        "Basic Average Shares": NaN,
        "Diluted EPS": NaN,
        "Basic EPS": NaN,
        "Diluted NI Availto Com Stockholders": -320965.0,
        "Net Income Common Stockholders": -320965.0,
        "Net Income": -320965.0,
        "Net Income Including Noncontrolling Interests": -320965.0,
        "Net Income Continuous Operations": -320965.0,
        "Tax Provision": 274682.0,
        "Pretax Income": -46283.0,
        "Other Income Expense": -364547.0,
        "Other Non Operating Income Expenses": -364547.0,
        "Net Non Operating Interest Income Expense": 642530.0,
        "Interest Expense Non Operating": 0.0,
        "Interest Income Non Operating": NaN,
        "Operating Income": -324266.0,
        "Operating Expense": 2613851.0,
        "Other Operating Expenses": NaN,
        "Research And Development": 557783.0,
        "Selling General And Administration": 2056068.0,
        "Selling And Marketing Expense": NaN,
        "General And Administrative Expense": NaN,
        "Other Gand A": NaN,
        "Rent And Landing Fees": NaN,
        "Salaries And Wages": NaN,
        "Gross Profit": 2289585.0,
        "Cost Of Revenue": 1274178.0,
        "Total Revenue": 3563763.0,
        "Operating Revenue": 3563763.0
    },
    "2024-01-31": {
        "Tax Effect Of Unusual Items": 0.0,
        "Tax Rate For Calcs": 0.195,
        "Normalized EBITDA": 745922.0,
        "Net Income From Continuing Operation Net Minority Interest": 629888.0,
        "Reconciled Depreciation": 190538.0,
        "Reconciled Cost Of Revenue": 1374455.0,
        "EBITDA": 745922.0,
        "EBIT": 555384.0,
        "Net Interest Income": 192540.0,
        "Interest Expense": NaN,
        "Interest Income": 192540.0,
        "Normalized Income": 629888.0,
        "Net Income From Continuing And Discontinued Operation": 629888.0,
        "Total Expenses": 3905807.0,
        "Rent Expense Supplemental": NaN,
        "Total Operating Income As Reported": 555384.0,
        "Diluted Average Shares": 11264478.0,
        "Basic Average Shares": 11125061.0,
        "Diluted EPS": 0.06,
        "Basic EPS": 0.06,
        "Diluted NI Availto Com Stockholders": 629888.0,
        "Net Income Common Stockholders": 629888.0,
        "Net Income": 629888.0,
        "Net Income Including Noncontrolling Interests": 629888.0,
        "Net Income Continuous Operations": 629888.0,
        "Tax Provision": 153056.0,
        "Pretax Income": 782944.0,
        "Other Income Expense": 35020.0,
        "Other Non Operating Income Expenses": 35020.0,
        "Net Non Operating Interest Income Expense": 192540.0,
        "Interest Expense Non Operating": NaN,
        "Interest Income Non Operating": 192540.0,
        "Operating Income": 555384.0,
        "Operating Expense": 2531352.0,
        "Other Operating Expenses": NaN,
        "Research And Development": 485977.0,
        "Selling General And Administration": 2045375.0,
        "Selling And Marketing Expense": NaN,
        "General And Administrative Expense": NaN,
        "Other Gand A": NaN,
        "Rent And Landing Fees": NaN,
        "Salaries And Wages": NaN,
        "Gross Profit": 3086736.0,
        "Cost Of Revenue": 1374455.0,
        "Total Revenue": 4461191.0,
        "Operating Revenue": 4461191.0
    },
    "2024-04-30": {
        "Tax Effect Of Unusual Items": 0.0,
        "Tax Rate For Calcs": 0.138,
        "Normalized EBITDA": 1541860.0,
        "Net Income From Continuing Operation Net Minority Interest": 1415238.0,
        "Reconciled Depreciation": 194113.0,
        "Reconciled Cost Of Revenue": 1584744.0,
        "EBITDA": 1541860.0,
        "EBIT": 1347747.0,
        "Net Interest Income": 293468.0,
        "Interest Expense": NaN,
        "Interest Income": 293468.0,
        "Normalized Income": 1415238.0,
        "Net Income From Continuing And Discontinued Operation": 1415238.0,
        "Total Expenses": 3975431.0,
        "Rent Expense Supplemental": 6486.0,
        "Total Operating Income As Reported": 1350383.0,
        "Diluted Average Shares": 11288210.0,
        "Basic Average Shares": 11168493.0,
        "Diluted EPS": 0.13,
        "Basic EPS": 0.13,
        "Diluted NI Availto Com Stockholders": 1415238.0,
        "Net Income Common Stockholders": 1415238.0,
        "Net Income": 1415238.0,
        "Net Income Including Noncontrolling Interests": 1415238.0,
        "Net Income Continuous Operations": 1415238.0,
        "Tax Provision": 225977.0,
        "Pretax Income": 1641215.0,
        "Other Income Expense": NaN,
        "Other Non Operating Income Expenses": NaN,
        "Net Non Operating Interest Income Expense": 293468.0,
        "Interest Expense Non Operating": NaN,
        "Interest Income Non Operating": 293468.0,
        "Operating Income": 1347747.0,
        "Operating Expense": 2390687.0,
        "Other Operating Expenses": 2636.0,
        "Research And Development": 542481.0,
        "Selling General And Administration": 1845570.0,
        "Selling And Marketing Expense": 101172.0,
        "General And Administrative Expense": 1744398.0,
        "Other Gand A": 805403.0,
        "Rent And Landing Fees": 6486.0,
        "Salaries And Wages": 932509.0,
        "Gross Profit": 3738434.0,
        "Cost Of Revenue": 1584744.0,
        "Total Revenue": 5323178.0,
        "Operating Revenue": 5323178.0
    }
}