{
    "2023-03-31": {
        "Tax Effect Of Unusual Items": NaN,
        "Tax Rate For Calcs": NaN,
        "Normalized EBITDA": NaN,
        "Total Unusual Items": NaN,
        "Total Unusual Items Excluding Goodwill": NaN,
        "Net Income From Continuing Operation Net Minority Interest": NaN,
        "Reconciled Depreciation": NaN,
        "Reconciled Cost Of Revenue": NaN,
        "EBITDA": NaN,
        "EBIT": NaN,
        "Net Interest Income": NaN,
        "Interest Income": NaN,
        "Normalized Income": NaN,
        "Net Income From Continuing And Discontinued Operation": NaN,
        "Total Expenses": NaN,
        "Total Operating Income As Reported": NaN,
        "Diluted Average Shares": 29483540.0,
        "Basic Average Shares": 29483540.0,
        "Diluted EPS": -0.2,
        "Basic EPS": -0.2,
        "Diluted NI Availto Com Stockholders": NaN,
        "Net Income Common Stockholders": NaN,
        "Net Income": NaN,
        "Net Income Including Noncontrolling Interests": NaN,
        "Net Income Continuous Operations": NaN,
        "Tax Provision": NaN,
        "Pretax Income": NaN,
        "Other Income Expense": NaN,
        "Special Income Charges": NaN,
        "Gain On Sale Of Ppe": 0.0,
        "Restructuring And Mergern Acquisition": NaN,
        "Earnings From Equity Interest": NaN,
        "Gain On Sale Of Security": NaN,
        "Net Non Operating Interest Income Expense": NaN,
        "Interest Income Non Operating": NaN,
        "Operating Income": NaN,
        "Operating Expense": NaN,
        "Other Operating Expenses": NaN,
        "Depreciation Amortization Depletion Income Statement": NaN,
        "Depreciation And Amortization In Income Statement": NaN,
        "Research And Development": NaN,
        "Selling General And Administration": NaN,
        "Selling And Marketing Expense": NaN,
        "General And Administrative Expense": NaN,
        "Other Gand A": NaN,
        "Gross Profit": NaN,
        "Cost Of Revenue": NaN,
        "Total Revenue": NaN,
        "Operating Revenue": NaN
    },
    "2022-12-31": {
        "Tax Effect Of Unusual Items": NaN,
        "Tax Rate For Calcs": NaN,
        "Normalized EBITDA": NaN,
        "Total Unusual Items": NaN,
        "Total Unusual Items Excluding Goodwill": NaN,
        "Net Income From Continuing Operation Net Minority Interest": NaN,
        "Reconciled Depreciation": NaN,
        "Reconciled Cost Of Revenue": NaN,
        "EBITDA": NaN,
        "EBIT": NaN,
        "Net Interest Income": NaN,
        "Interest Income": NaN,
        "Normalized Income": NaN,
        "Net Income From Continuing And Discontinued Operation": NaN,
        "Total Expenses": NaN,
        "Total Operating Income As Reported": NaN,
        "Diluted Average Shares": NaN,
        "Basic Average Shares": NaN,
        "Diluted EPS": NaN,
        "Basic EPS": NaN,
        "Diluted NI Availto Com Stockholders": NaN,
        "Net Income Common Stockholders": NaN,
        "Net Income": NaN,
        "Net Income Including Noncontrolling Interests": NaN,
        "Net Income Continuous Operations": NaN,
        "Tax Provision": NaN,
        "Pretax Income": NaN,
        "Other Income Expense": NaN,
        "Special Income Charges": NaN,
        "Gain On Sale Of Ppe": 0.0,
        "Restructuring And Mergern Acquisition": NaN,
        "Earnings From Equity Interest": NaN,
        "Gain On Sale Of Security": NaN,
        "Net Non Operating Interest Income Expense": NaN,
        "Interest Income Non Operating": NaN,
        "Operating Income": NaN,
        "Operating Expense": NaN,
        "Other Operating Expenses": NaN,
        "Depreciation Amortization Depletion Income Statement": NaN,
        "Depreciation And Amortization In Income Statement": NaN,
        "Research And Development": NaN,
        "Selling General And Administration": NaN,
        "Selling And Marketing Expense": NaN,
        "General And Administrative Expense": NaN,
        "Other Gand A": NaN,
        "Gross Profit": NaN,
        "Cost Of Revenue": NaN,
        "Total Revenue": NaN,
        "Operating Revenue": NaN
    },
    "2022-09-30": {
        "Tax Effect Of Unusual Items": NaN,
        "Tax Rate For Calcs": NaN,
        "Normalized EBITDA": NaN,
        "Total Unusual Items": NaN,
        "Total Unusual Items Excluding Goodwill": NaN,
        "Net Income From Continuing Operation Net Minority Interest": NaN,
        "Reconciled Depreciation": NaN,
        "Reconciled Cost Of Revenue": NaN,
        "EBITDA": NaN,
        "EBIT": NaN,
        "Net Interest Income": NaN,
        "Interest Income": NaN,
        "Normalized Income": NaN,
        "Net Income From Continuing And Discontinued Operation": NaN,
        "Total Expenses": NaN,
        "Total Operating Income As Reported": NaN,
        "Diluted Average Shares": 31321368.0,
        "Basic Average Shares": 31321368.0,
        "Diluted EPS": -0.04,
        "Basic EPS": -0.04,
        "Diluted NI Availto Com Stockholders": NaN,
        "Net Income Common Stockholders": NaN,
        "Net Income": NaN,
        "Net Income Including Noncontrolling Interests": NaN,
        "Net Income Continuous Operations": NaN,
        "Tax Provision": NaN,
        "Pretax Income": NaN,
        "Other Income Expense": NaN,
        "Special Income Charges": NaN,
        "Gain On Sale Of Ppe": NaN,
        "Restructuring And Mergern Acquisition": NaN,
        "Earnings From Equity Interest": NaN,
        "Gain On Sale Of Security": NaN,
        "Net Non Operating Interest Income Expense": NaN,
        "Interest Income Non Operating": NaN,
        "Operating Income": NaN,
        "Operating Expense": NaN,
        "Other Operating Expenses": NaN,
        "Depreciation Amortization Depletion Income Statement": NaN,
        "Depreciation And Amortization In Income Statement": NaN,
        "Research And Development": NaN,
        "Selling General And Administration": NaN,
        "Selling And Marketing Expense": NaN,
        "General And Administrative Expense": NaN,
        "Other Gand A": NaN,
        "Gross Profit": NaN,
        "Cost Of Revenue": NaN,
        "Total Revenue": NaN,
        "Operating Revenue": NaN
    },
    "2022-06-30": {
        "Tax Effect Of Unusual Items": 165041.712,
        "Tax Rate For Calcs": 0.216,
        "Normalized EBITDA": -4486778.0,
        "Total Unusual Items": 764082.0,
        "Total Unusual Items Excluding Goodwill": 764082.0,
        "Net Income From Continuing Operation Net Minority Interest": -2686303.0,
        "Reconciled Depreciation": 423841.0,
        "Reconciled Cost Of Revenue": 915933.0,
        "EBITDA": -3722696.0,
        "EBIT": -4147038.0,
        "Net Interest Income": 61671.0,
        "Interest Income": 61671.0,
        "Normalized Income": -3285343.288,
        "Net Income From Continuing And Discontinued Operation": -2686303.0,
        "Total Expenses": 9170264.0,
        "Total Operating Income As Reported": -4147038.0,
        "Diluted Average Shares": 32472251.0,
        "Basic Average Shares": 32472251.0,
        "Diluted EPS": -0.08,
        "Basic EPS": -0.08,
        "Diluted NI Availto Com Stockholders": -2686303.0,
        "Net Income Common Stockholders": -2686303.0,
        "Net Income": -2686303.0,
        "Net Income Including Noncontrolling Interests": -2686303.0,
        "Net Income Continuous Operations": -2686303.0,
        "Tax Provision": -741507.0,
        "Pretax Income": -3427810.0,
        "Other Income Expense": 657557.0,
        "Special Income Charges": 764082.0,
        "Gain On Sale Of Ppe": -48740.0,
        "Restructuring And Mergern Acquisition": -812822.0,
        "Earnings From Equity Interest": -106525.0,
        "Gain On Sale Of Security": NaN,
        "Net Non Operating Interest Income Expense": 61671.0,
        "Interest Income Non Operating": 61671.0,
        "Operating Income": -4147038.0,
        "Operating Expense": 8254832.0,
        "Depreciation Amortization Depletion Income Statement": 424342.0,
        "Depreciation And Amortization In Income Statement": 424342.0,
        "Research And Development": 3889844.0,
        "Selling General And Administration": 3940646.0,
        "Selling And Marketing Expense": 1472225.0,
        "General And Administrative Expense": 2468421.0,
        "Other Gand A": 2468421.0,
        "Gross Profit": 4107794.0,
        "Cost Of Revenue": 915432.0,
        "Total Revenue": 5023226.0,
        "Operating Revenue": 5023226.0
    },
    "2022-03-31": {
        "Diluted EPS": 0.34,
        "Total Revenue": 23,
        "Gross Profit": 19,
        "Operating Income": 10,
        "EBIT": 10,
        "Net Income": 12
    },
    "2021-12-31": {
        "Diluted EPS": 0.26,
        "Total Revenue": 20,
        "Gross Profit": 18,
        "Operating Income": 10,
        "EBIT": 10,
        "Net Income": 7
    },
    "2021-09-30": {
        "Diluted EPS": 0.38,
        "Total Revenue": 30,
        "Gross Profit": 27,
        "Operating Income": 14,
        "EBIT": 14,
        "Net Income": 11
    },
    "2021-06-30": {
        "Diluted EPS": 0.33,
        "Total Revenue": 27,
        "Gross Profit": 25,
        "Operating Income": 12,
        "EBIT": 12,
        "Net Income": 10
    },
    "2021-03-31": {
        "Diluted EPS": 0.26,
        "Total Revenue": 20,
        "Gross Profit": 17,
        "Operating Income": 10,
        "EBIT": 10,
        "Net Income": 8
    },
    "2020-12-31": {
        "Diluted EPS": 0.53,
        "Total Revenue": 27,
        "Gross Profit": 23,
        "Operating Income": 16,
        "EBIT": 16,
        "Net Income": 13
    },
    "2020-09-30": {
        "Diluted EPS": 0.53,
        "Total Revenue": 22,
        "Gross Profit": 16,
        "Operating Income": 12,
        "EBIT": 12,
        "Net Income": 16
    },
    "2020-06-30": {
        "Diluted EPS": 0.51,
        "Total Revenue": 24,
        "Gross Profit": 18,
        "Operating Income": 15,
        "EBIT": 15,
        "Net Income": 15
    },
    "2020-03-31": {
        "Diluted EPS": -0.05,
        "Total Revenue": 2,
        "Gross Profit": 1,
        "Operating Income": -1,
        "EBIT": -1,
        "Net Income": -1
    },
    "2019-12-31": {
        "Diluted EPS": -0.1,
        "Total Revenue": 0,
        "Gross Profit": 0,
        "Operating Income": -2,
        "EBIT": -2,
        "Net Income": -2
    },
    "2019-09-30": {
        "Diluted EPS": -0.1,
        "Total Revenue": 0,
        "Gross Profit": 0,
        "Operating Income": -2,
        "EBIT": -2,
        "Net Income": -2
    },
    "2019-06-30": {
        "Diluted EPS": -0.08,
        "Total Revenue": 0,
        "Gross Profit": 0,
        "Operating Income": -1,
        "EBIT": -1,
        "Net Income": -1
    },
    "2019-03-31": {
        "Diluted EPS": -0.09,
        "Total Revenue": 0,
        "Gross Profit": 0,
        "Operating Income": -1,
        "EBIT": -1,
        "Net Income": -1
    },
    "2018-12-31": {
        "Diluted EPS": -0.15,
        "Total Revenue": 0,
        "Gross Profit": 0,
        "Operating Income": -2,
        "EBIT": -2,
        "Net Income": -2
    },
    "2018-09-30": {
        "Diluted EPS": -0.13,
        "Total Revenue": 0,
        "Gross Profit": 0,
        "Operating Income": -2,
        "EBIT": -2,
        "Net Income": -2
    },
    "2018-06-30": {
        "Diluted EPS": -0.11,
        "Total Revenue": 0,
        "Gross Profit": 0,
        "Operating Income": -1,
        "EBIT": -1,
        "Net Income": -1
    },
    "2018-03-31": {
        "Diluted EPS": -0.11,
        "Total Revenue": 0,
        "Gross Profit": 0,
        "Operating Income": -1,
        "EBIT": -1,
        "Net Income": -1
    },
    "2017-12-31": {
        "Diluted EPS": -0.14,
        "Total Revenue": 0,
        "Gross Profit": 0,
        "Operating Income": -1,
        "EBIT": -1,
        "Net Income": -2
    },
    "2017-09-30": {
        "Diluted EPS": -0.33,
        "Total Revenue": 0,
        "Gross Profit": 0,
        "Operating Income": -2,
        "EBIT": -2,
        "Net Income": -4
    },
    "2017-06-30": {
        "Diluted EPS": -0.09,
        "Total Revenue": 0,
        "Gross Profit": 0,
        "Operating Income": -1,
        "EBIT": -1,
        "Net Income": -1
    },
    "2017-03-31": {
        "Diluted EPS": -0.07,
        "Total Revenue": NaN,
        "Gross Profit": NaN,
        "Operating Income": -1,
        "EBIT": -1,
        "Net Income": -1
    },
    "2016-12-31": {
        "Diluted EPS": 0.0,
        "Total Revenue": NaN,
        "Gross Profit": NaN,
        "Operating Income": NaN,
        "EBIT": NaN,
        "Net Income": NaN
    },
    "2016-09-30": {
        "Diluted EPS": -0.05,
        "Total Revenue": NaN,
        "Gross Profit": NaN,
        "Operating Income": 0,
        "EBIT": 0,
        "Net Income": 0
    },
    "2016-06-30": {
        "Diluted EPS": -0.04,
        "Total Revenue": NaN,
        "Gross Profit": NaN,
        "Operating Income": 0,
        "EBIT": 0,
        "Net Income": 0
    },
    "2023-06-30": {
        "Tax Effect Of Unusual Items": NaN,
        "Tax Rate For Calcs": NaN,
        "Normalized EBITDA": NaN,
        "Total Unusual Items": NaN,
        "Total Unusual Items Excluding Goodwill": NaN,
        "Net Income From Continuing Operation Net Minority Interest": NaN,
        "Reconciled Depreciation": NaN,
        "Reconciled Cost Of Revenue": NaN,
        "EBITDA": NaN,
        "EBIT": NaN,
        "Net Interest Income": NaN,
        "Interest Income": NaN,
        "Normalized Income": NaN,
        "Net Income From Continuing And Discontinued Operation": NaN,
        "Total Expenses": NaN,
        "Total Operating Income As Reported": NaN,
        "Diluted Average Shares": 29088159.0,
        "Basic Average Shares": 29088159.0,
        "Diluted EPS": -0.31,
        "Basic EPS": -0.31,
        "Diluted NI Availto Com Stockholders": NaN,
        "Net Income Common Stockholders": NaN,
        "Net Income": NaN,
        "Net Income Including Noncontrolling Interests": NaN,
        "Net Income Continuous Operations": NaN,
        "Tax Provision": NaN,
        "Pretax Income": NaN,
        "Other Income Expense": NaN,
        "Special Income Charges": NaN,
        "Gain On Sale Of Ppe": 0.0,
        "Restructuring And Mergern Acquisition": NaN,
        "Earnings From Equity Interest": NaN,
        "Gain On Sale Of Security": NaN,
        "Net Non Operating Interest Income Expense": NaN,
        "Interest Income Non Operating": NaN,
        "Operating Income": NaN,
        "Operating Expense": NaN,
        "Other Operating Expenses": NaN,
        "Depreciation Amortization Depletion Income Statement": NaN,
        "Depreciation And Amortization In Income Statement": NaN,
        "Research And Development": NaN,
        "Selling General And Administration": NaN,
        "Selling And Marketing Expense": NaN,
        "General And Administrative Expense": NaN,
        "Other Gand A": NaN,
        "Gross Profit": NaN,
        "Cost Of Revenue": NaN,
        "Total Revenue": NaN,
        "Operating Revenue": NaN
    },
    "2023-09-30": {
        "Tax Effect Of Unusual Items": 147026.409489,
        "Tax Rate For Calcs": 0.261072,
        "Normalized EBITDA": -9202775.0,
        "Total Unusual Items": 563164.0,
        "Total Unusual Items Excluding Goodwill": 563164.0,
        "Net Income From Continuing Operation Net Minority Interest": -5982194.0,
        "Reconciled Depreciation": 296340.0,
        "Reconciled Cost Of Revenue": 255772.0,
        "EBITDA": -8639611.0,
        "EBIT": -8935951.0,
        "Net Interest Income": 322877.0,
        "Interest Income": 322877.0,
        "Normalized Income": -6398331.590511,
        "Net Income From Continuing And Discontinued Operation": -5982194.0,
        "Total Expenses": 11393049.0,
        "Total Operating Income As Reported": -8935951.0,
        "Diluted Average Shares": 29361300.0,
        "Basic Average Shares": 29361300.0,
        "Diluted EPS": -0.2,
        "Basic EPS": -0.2,
        "Diluted NI Availto Com Stockholders": -5982194.0,
        "Net Income Common Stockholders": -5982194.0,
        "Net Income": -5982194.0,
        "Net Income Including Noncontrolling Interests": -5982194.0,
        "Net Income Continuous Operations": -5982194.0,
        "Tax Provision": -2113581.0,
        "Pretax Income": -8095775.0,
        "Other Income Expense": 517299.0,
        "Special Income Charges": 137718.0,
        "Gain On Sale Of Ppe": -2578.0,
        "Restructuring And Mergern Acquisition": -140296.0,
        "Earnings From Equity Interest": -45865.0,
        "Gain On Sale Of Security": 425446.0,
        "Net Non Operating Interest Income Expense": 322877.0,
        "Interest Income Non Operating": 322877.0,
        "Operating Income": -8935951.0,
        "Operating Expense": 11137277.0,
        "Other Operating Expenses": NaN,
        "Depreciation Amortization Depletion Income Statement": 296340.0,
        "Depreciation And Amortization In Income Statement": 296340.0,
        "Research And Development": 5788789.0,
        "Selling General And Administration": 5052148.0,
        "Selling And Marketing Expense": 1904395.0,
        "General And Administrative Expense": 3147753.0,
        "Other Gand A": 3147753.0,
        "Gross Profit": 2201326.0,
        "Cost Of Revenue": 255772.0,
        "Total Revenue": 2457098.0,
        "Operating Revenue": 2457098.0
    },
    "2023-12-31": {
        "Tax Effect Of Unusual Items": 114145.29,
        "Tax Rate For Calcs": 0.21,
        "Normalized EBITDA": -12055865.0,
        "Total Unusual Items": 543549.0,
        "Total Unusual Items Excluding Goodwill": 543549.0,
        "Net Income From Continuing Operation Net Minority Interest": -14676455.0,
        "Reconciled Depreciation": 312878.0,
        "Reconciled Cost Of Revenue": 2967841.0,
        "EBITDA": -11512316.0,
        "EBIT": -11825194.0,
        "Net Interest Income": 444772.0,
        "Interest Income": 444772.0,
        "Normalized Income": -15105858.71,
        "Net Income From Continuing And Discontinued Operation": -14676455.0,
        "Total Expenses": 15380371.0,
        "Total Operating Income As Reported": -11825194.0,
        "Diluted Average Shares": NaN,
        "Basic Average Shares": NaN,
        "Diluted EPS": NaN,
        "Basic EPS": NaN,
        "Diluted NI Availto Com Stockholders": -14676455.0,
        "Net Income Common Stockholders": -14676455.0,
        "Net Income": -14676455.0,
        "Net Income Including Noncontrolling Interests": -14676455.0,
        "Net Income Continuous Operations": -14676455.0,
        "Tax Provision": 3834021.0,
        "Pretax Income": -10842434.0,
        "Other Income Expense": 537988.0,
        "Special Income Charges": -444792.0,
        "Gain On Sale Of Ppe": 0.0,
        "Restructuring And Mergern Acquisition": 444792.0,
        "Earnings From Equity Interest": -5561.0,
        "Gain On Sale Of Security": 988341.0,
        "Net Non Operating Interest Income Expense": 444772.0,
        "Interest Income Non Operating": 444772.0,
        "Operating Income": -11825194.0,
        "Operating Expense": 12412530.0,
        "Other Operating Expenses": NaN,
        "Depreciation Amortization Depletion Income Statement": 312878.0,
        "Depreciation And Amortization In Income Statement": 312878.0,
        "Research And Development": 6178701.0,
        "Selling General And Administration": 5920951.0,
        "Selling And Marketing Expense": 1517123.0,
        "General And Administrative Expense": 4403828.0,
        "Other Gand A": 4403828.0,
        "Gross Profit": 587336.0,
        "Cost Of Revenue": 2967841.0,
        "Total Revenue": 3555177.0,
        "Operating Revenue": 3555177.0
    },
    "2024-03-31": {
        "Tax Effect Of Unusual Items": 142449.3,
        "Tax Rate For Calcs": 0.21,
        "Normalized EBITDA": -10607144.0,
        "Total Unusual Items": 678330.0,
        "Total Unusual Items Excluding Goodwill": 678330.0,
        "Net Income From Continuing Operation Net Minority Interest": -9312043.0,
        "Reconciled Depreciation": 330573.0,
        "Reconciled Cost Of Revenue": 234505.0,
        "EBITDA": -9928814.0,
        "EBIT": -10259387.0,
        "Net Interest Income": 362733.0,
        "Interest Income": 362733.0,
        "Normalized Income": -9847923.7,
        "Net Income From Continuing And Discontinued Operation": -9312043.0,
        "Total Expenses": 10512132.0,
        "Total Operating Income As Reported": -10259387.0,
        "Diluted Average Shares": 29842874.0,
        "Basic Average Shares": 29842874.0,
        "Diluted EPS": -0.31,
        "Basic EPS": -0.31,
        "Diluted NI Availto Com Stockholders": -9312043.0,
        "Net Income Common Stockholders": -9312043.0,
        "Net Income": -9312043.0,
        "Net Income Including Noncontrolling Interests": -9312043.0,
        "Net Income Continuous Operations": -9312043.0,
        "Tax Provision": 22764.0,
        "Pretax Income": -9289279.0,
        "Other Income Expense": 607375.0,
        "Special Income Charges": 450260.0,
        "Gain On Sale Of Ppe": NaN,
        "Restructuring And Mergern Acquisition": -450260.0,
        "Earnings From Equity Interest": -70955.0,
        "Gain On Sale Of Security": 228070.0,
        "Net Non Operating Interest Income Expense": 362733.0,
        "Interest Income Non Operating": 362733.0,
        "Operating Income": -10259387.0,
        "Operating Expense": 10277627.0,
        "Other Operating Expenses": -215109.0,
        "Depreciation Amortization Depletion Income Statement": 330573.0,
        "Depreciation And Amortization In Income Statement": 330573.0,
        "Research And Development": 5679678.0,
        "Selling General And Administration": 4482485.0,
        "Selling And Marketing Expense": 1563682.0,
        "General And Administrative Expense": 2918803.0,
        "Other Gand A": 2918803.0,
        "Gross Profit": 18240.0,
        "Cost Of Revenue": 234505.0,
        "Total Revenue": 252745.0,
        "Operating Revenue": 252745.0
    },
    "2024-06-30": {
        "Tax Effect Of Unusual Items": -34954.71,
        "Tax Rate For Calcs": 0.21,
        "Normalized EBITDA": -7175176.0,
        "Total Unusual Items": -166451.0,
        "Total Unusual Items Excluding Goodwill": -166451.0,
        "Net Income From Continuing Operation Net Minority Interest": -7599318.0,
        "Reconciled Depreciation": 338335.0,
        "Reconciled Cost Of Revenue": 212148.0,
        "EBITDA": -7341627.0,
        "EBIT": -7679962.0,
        "Net Interest Income": 342188.0,
        "Interest Income": 342188.0,
        "Normalized Income": -7467821.71,
        "Net Income From Continuing And Discontinued Operation": -7599318.0,
        "Total Expenses": 10336802.0,
        "Total Operating Income As Reported": -7679962.0,
        "Diluted Average Shares": 30124696.0,
        "Basic Average Shares": 30124696.0,
        "Diluted EPS": -0.25,
        "Basic EPS": -0.25,
        "Diluted NI Availto Com Stockholders": -7599318.0,
        "Net Income Common Stockholders": -7599318.0,
        "Net Income": -7599318.0,
        "Net Income Including Noncontrolling Interests": -7599318.0,
        "Net Income Continuous Operations": -7599318.0,
        "Tax Provision": 20590.0,
        "Pretax Income": -7578728.0,
        "Other Income Expense": -240954.0,
        "Special Income Charges": -240616.0,
        "Gain On Sale Of Ppe": 3500.0,
        "Restructuring And Mergern Acquisition": 244116.0,
        "Earnings From Equity Interest": -74503.0,
        "Gain On Sale Of Security": 74165.0,
        "Net Non Operating Interest Income Expense": 342188.0,
        "Interest Income Non Operating": 342188.0,
        "Operating Income": -7679962.0,
        "Operating Expense": 10124654.0,
        "Other Operating Expenses": NaN,
        "Depreciation Amortization Depletion Income Statement": 338335.0,
        "Depreciation And Amortization In Income Statement": 338335.0,
        "Research And Development": 5612691.0,
        "Selling General And Administration": 4173628.0,
        "Selling And Marketing Expense": 1041243.0,
        "General And Administrative Expense": 3132385.0,
        "Other Gand A": 3132385.0,
        "Gross Profit": 2444692.0,
        "Cost Of Revenue": 212148.0,
        "Total Revenue": 2656840.0,
        "Operating Revenue": 2656840.0
    },
    "2024-09-30": {
        "Tax Effect Of Unusual Items": 59777.13,
        "Tax Rate For Calcs": 0.21,
        "Normalized EBITDA": -10168355.0,
        "Total Unusual Items": 284653.0,
        "Total Unusual Items Excluding Goodwill": 284653.0,
        "Net Income From Continuing Operation Net Minority Interest": -9696455.0,
        "Reconciled Depreciation": 351235.0,
        "Reconciled Cost Of Revenue": 297403.0,
        "EBITDA": -9883702.0,
        "EBIT": -10234937.0,
        "Net Interest Income": 263335.0,
        "Interest Income": 263335.0,
        "Normalized Income": -9921330.87,
        "Net Income From Continuing And Discontinued Operation": -9696455.0,
        "Total Expenses": 10876078.0,
        "Total Operating Income As Reported": -10234937.0,
        "Diluted Average Shares": 30494206.0,
        "Basic Average Shares": 30494206.0,
        "Diluted EPS": -0.32,
        "Basic EPS": -0.32,
        "Diluted NI Availto Com Stockholders": -9696455.0,
        "Net Income Common Stockholders": -9696455.0,
        "Net Income": -9696455.0,
        "Net Income Including Noncontrolling Interests": -9696455.0,
        "Net Income Continuous Operations": -9696455.0,
        "Tax Provision": 22189.0,
        "Pretax Income": -9674266.0,
        "Other Income Expense": 297336.0,
        "Special Income Charges": -8414.0,
        "Gain On Sale Of Ppe": 3513.0,
        "Restructuring And Mergern Acquisition": 11927.0,
        "Earnings From Equity Interest": 12683.0,
        "Gain On Sale Of Security": 293067.0,
        "Net Non Operating Interest Income Expense": 263335.0,
        "Interest Income Non Operating": 263335.0,
        "Operating Income": -10234937.0,
        "Operating Expense": 10578675.0,
        "Other Operating Expenses": NaN,
        "Depreciation Amortization Depletion Income Statement": 351235.0,
        "Depreciation And Amortization In Income Statement": 351235.0,
        "Research And Development": 4880315.0,
        "Selling General And Administration": 5347125.0,
        "Selling And Marketing Expense": 1059745.0,
        "General And Administrative Expense": 4287380.0,
        "Other Gand A": 4287380.0,
        "Gross Profit": 343738.0,
        "Cost Of Revenue": 297403.0,
        "Total Revenue": 641141.0,
        "Operating Revenue": 641141.0
    }
}