{
    "2023-09-30": {
        "Tax Effect Of Unusual Items": 0.0,
        "Tax Rate For Calcs": 0.000259,
        "Normalized EBITDA": -3851000.0,
        "Net Income From Continuing Operation Net Minority Interest": -3864000.0,
        "Reconciled Cost Of Revenue": 1858000.0,
        "EBITDA": -3851000.0,
        "EBIT": -3851000.0,
        "Net Interest Income": 29000.0,
        "Interest Income": 29000.0,
        "Normalized Income": -3864000.0,
        "Net Income From Continuing And Discontinued Operation": -3864000.0,
        "Total Expenses": 11679000.0,
        "Total Operating Income As Reported": -3851000.0,
        "Diluted Average Shares": 5695428.0,
        "Basic Average Shares": 5695428.0,
        "Diluted EPS": -0.6,
        "Basic EPS": -0.6,
        "Diluted NI Availto Com Stockholders": -3864000.0,
        "Net Income Common Stockholders": -3864000.0,
        "Net Income": -3864000.0,
        "Minority Interests": 0.0,
        "Net Income Including Noncontrolling Interests": -3864000.0,
        "Net Income Discontinuous Operations": 0.0,
        "Net Income Continuous Operations": -3864000.0,
        "Tax Provision": -1000.0,
        "Pretax Income": -3865000.0,
        "Other Income Expense": -43000.0,
        "Other Non Operating Income Expenses": -43000.0,
        "Net Non Operating Interest Income Expense": 29000.0,
        "Interest Income Non Operating": 29000.0,
        "Operating Income": -3851000.0,
        "Operating Expense": 9821000.0,
        "Research And Development": 868000.0,
        "Selling General And Administration": 8953000.0,
        "Selling And Marketing Expense": 6905000.0,
        "General And Administrative Expense": 2048000.0,
        "Other Gand A": 2048000.0,
        "Gross Profit": 5970000.0,
        "Cost Of Revenue": 1858000.0,
        "Total Revenue": 7828000.0,
        "Operating Revenue": 7828000.0
    },
    "2023-06-30": {
        "Tax Effect Of Unusual Items": NaN,
        "Tax Rate For Calcs": NaN,
        "Normalized EBITDA": NaN,
        "Net Income From Continuing Operation Net Minority Interest": NaN,
        "Reconciled Cost Of Revenue": NaN,
        "EBITDA": NaN,
        "EBIT": NaN,
        "Net Interest Income": NaN,
        "Interest Income": NaN,
        "Normalized Income": NaN,
        "Net Income From Continuing And Discontinued Operation": NaN,
        "Total Expenses": NaN,
        "Total Operating Income As Reported": NaN,
        "Diluted Average Shares": NaN,
        "Basic Average Shares": NaN,
        "Diluted EPS": NaN,
        "Basic EPS": NaN,
        "Diluted NI Availto Com Stockholders": NaN,
        "Net Income Common Stockholders": NaN,
        "Net Income": NaN,
        "Minority Interests": 0.0,
        "Net Income Including Noncontrolling Interests": NaN,
        "Net Income Discontinuous Operations": 0.0,
        "Net Income Continuous Operations": NaN,
        "Tax Provision": NaN,
        "Pretax Income": NaN,
        "Other Income Expense": NaN,
        "Other Non Operating Income Expenses": NaN,
        "Net Non Operating Interest Income Expense": NaN,
        "Interest Income Non Operating": NaN,
        "Operating Income": NaN,
        "Operating Expense": NaN,
        "Research And Development": NaN,
        "Selling General And Administration": NaN,
        "Selling And Marketing Expense": NaN,
        "General And Administrative Expense": NaN,
        "Other Gand A": NaN,
        "Gross Profit": NaN,
        "Cost Of Revenue": NaN,
        "Total Revenue": NaN,
        "Operating Revenue": NaN
    },
    "2023-03-31": {
        "Tax Effect Of Unusual Items": NaN,
        "Tax Rate For Calcs": NaN,
        "Normalized EBITDA": NaN,
        "Net Income From Continuing Operation Net Minority Interest": NaN,
        "Reconciled Cost Of Revenue": NaN,
        "EBITDA": NaN,
        "EBIT": NaN,
        "Net Interest Income": NaN,
        "Interest Income": NaN,
        "Normalized Income": NaN,
        "Net Income From Continuing And Discontinued Operation": NaN,
        "Total Expenses": NaN,
        "Total Operating Income As Reported": NaN,
        "Diluted Average Shares": NaN,
        "Basic Average Shares": NaN,
        "Diluted EPS": NaN,
        "Basic EPS": NaN,
        "Diluted NI Availto Com Stockholders": NaN,
        "Net Income Common Stockholders": NaN,
        "Net Income": NaN,
        "Minority Interests": NaN,
        "Net Income Including Noncontrolling Interests": NaN,
        "Net Income Discontinuous Operations": 0.0,
        "Net Income Continuous Operations": NaN,
        "Tax Provision": NaN,
        "Pretax Income": NaN,
        "Other Income Expense": NaN,
        "Other Non Operating Income Expenses": NaN,
        "Net Non Operating Interest Income Expense": NaN,
        "Interest Income Non Operating": NaN,
        "Operating Income": NaN,
        "Operating Expense": NaN,
        "Research And Development": NaN,
        "Selling General And Administration": NaN,
        "Selling And Marketing Expense": NaN,
        "General And Administrative Expense": NaN,
        "Other Gand A": NaN,
        "Gross Profit": NaN,
        "Cost Of Revenue": NaN,
        "Total Revenue": NaN,
        "Operating Revenue": NaN
    },
    "2023-12-31": {
        "Tax Effect Of Unusual Items": 0.0,
        "Tax Rate For Calcs": 0.25,
        "Normalized EBITDA": -4310000.0,
        "Net Income From Continuing Operation Net Minority Interest": -5667000.0,
        "Reconciled Cost Of Revenue": 1868000.0,
        "EBITDA": -4310000.0,
        "EBIT": -4310000.0,
        "Net Interest Income": 67000.0,
        "Interest Income": 67000.0,
        "Normalized Income": -5667000.0,
        "Net Income From Continuing And Discontinued Operation": -5667000.0,
        "Total Expenses": 11781000.0,
        "Total Operating Income As Reported": -4310000.0,
        "Diluted Average Shares": 5714024.0,
        "Basic Average Shares": 5714024.0,
        "Diluted EPS": -0.6,
        "Basic EPS": -0.6,
        "Diluted NI Availto Com Stockholders": -5667000.0,
        "Net Income Common Stockholders": -5667000.0,
        "Net Income": -5667000.0,
        "Minority Interests": NaN,
        "Net Income Including Noncontrolling Interests": -5667000.0,
        "Net Income Discontinuous Operations": 0.0,
        "Net Income Continuous Operations": -5667000.0,
        "Tax Provision": 171000.0,
        "Pretax Income": -5496000.0,
        "Other Income Expense": -1253000.0,
        "Other Non Operating Income Expenses": -1253000.0,
        "Net Non Operating Interest Income Expense": 67000.0,
        "Interest Income Non Operating": 67000.0,
        "Operating Income": -4310000.0,
        "Operating Expense": 9913000.0,
        "Research And Development": 864000.0,
        "Selling General And Administration": 9049000.0,
        "Selling And Marketing Expense": 7182000.0,
        "General And Administrative Expense": 1867000.0,
        "Other Gand A": 1867000.0,
        "Gross Profit": 5603000.0,
        "Cost Of Revenue": 1868000.0,
        "Total Revenue": 7471000.0,
        "Operating Revenue": 7471000.0
    },
    "2022-12-31": {
        "Tax Effect Of Unusual Items": NaN,
        "Tax Rate For Calcs": NaN,
        "Normalized EBITDA": NaN,
        "Net Income From Continuing Operation Net Minority Interest": NaN,
        "Reconciled Cost Of Revenue": NaN,
        "EBITDA": NaN,
        "EBIT": NaN,
        "Net Interest Income": NaN,
        "Interest Income": NaN,
        "Normalized Income": NaN,
        "Net Income From Continuing And Discontinued Operation": NaN,
        "Total Expenses": NaN,
        "Total Operating Income As Reported": NaN,
        "Diluted Average Shares": NaN,
        "Basic Average Shares": NaN,
        "Diluted EPS": NaN,
        "Basic EPS": NaN,
        "Diluted NI Availto Com Stockholders": NaN,
        "Net Income Common Stockholders": NaN,
        "Net Income": NaN,
        "Minority Interests": NaN,
        "Net Income Including Noncontrolling Interests": NaN,
        "Net Income Discontinuous Operations": 0.0,
        "Net Income Continuous Operations": NaN,
        "Tax Provision": NaN,
        "Pretax Income": NaN,
        "Other Income Expense": NaN,
        "Other Non Operating Income Expenses": NaN,
        "Net Non Operating Interest Income Expense": NaN,
        "Interest Income Non Operating": NaN,
        "Operating Income": NaN,
        "Operating Expense": NaN,
        "Research And Development": NaN,
        "Selling General And Administration": NaN,
        "Selling And Marketing Expense": NaN,
        "General And Administrative Expense": NaN,
        "Other Gand A": NaN,
        "Gross Profit": NaN,
        "Cost Of Revenue": NaN,
        "Total Revenue": NaN,
        "Operating Revenue": NaN
    },
    "2024-03-31": {
        "Tax Effect Of Unusual Items": 0.0,
        "Tax Rate For Calcs": 0.25,
        "Normalized EBITDA": -3944000.0,
        "Net Income From Continuing Operation Net Minority Interest": -3724000.0,
        "Reconciled Cost Of Revenue": 2128000.0,
        "EBITDA": -3944000.0,
        "EBIT": -3944000.0,
        "Net Interest Income": 82000.0,
        "Interest Income": 82000.0,
        "Normalized Income": -3724000.0,
        "Net Income From Continuing And Discontinued Operation": -3724000.0,
        "Total Expenses": 13390000.0,
        "Total Operating Income As Reported": -3944000.0,
        "Diluted Average Shares": 5752072.0,
        "Basic Average Shares": 5752072.0,
        "Diluted EPS": -0.6,
        "Basic EPS": -0.6,
        "Diluted NI Availto Com Stockholders": -3724000.0,
        "Net Income Common Stockholders": -3724000.0,
        "Net Income": -3724000.0,
        "Minority Interests": 19000.0,
        "Net Income Including Noncontrolling Interests": -3743000.0,
        "Net Income Discontinuous Operations": NaN,
        "Net Income Continuous Operations": -3743000.0,
        "Tax Provision": 22000.0,
        "Pretax Income": -3721000.0,
        "Other Income Expense": 141000.0,
        "Other Non Operating Income Expenses": 141000.0,
        "Net Non Operating Interest Income Expense": 82000.0,
        "Interest Income Non Operating": 82000.0,
        "Operating Income": -3944000.0,
        "Operating Expense": 11262000.0,
        "Research And Development": 945000.0,
        "Selling General And Administration": 10317000.0,
        "Selling And Marketing Expense": 7728000.0,
        "General And Administrative Expense": 2589000.0,
        "Other Gand A": 2589000.0,
        "Gross Profit": 7318000.0,
        "Cost Of Revenue": 2128000.0,
        "Total Revenue": 9446000.0,
        "Operating Revenue": 9446000.0
    },
    "2024-06-30": {
        "Tax Effect Of Unusual Items": 0.0,
        "Tax Rate For Calcs": 0.25,
        "Normalized EBITDA": -2415000.0,
        "Net Income From Continuing Operation Net Minority Interest": -1247000.0,
        "Reconciled Cost Of Revenue": 2400000.0,
        "EBITDA": -2415000.0,
        "EBIT": -2415000.0,
        "Net Interest Income": 63000.0,
        "Interest Income": 63000.0,
        "Normalized Income": -1247000.0,
        "Net Income From Continuing And Discontinued Operation": -1247000.0,
        "Total Expenses": 13375000.0,
        "Total Operating Income As Reported": -2415000.0,
        "Diluted Average Shares": 5778359.0,
        "Basic Average Shares": 5778359.0,
        "Diluted EPS": -0.215805,
        "Basic EPS": -0.215805,
        "Diluted NI Availto Com Stockholders": -1247000.0,
        "Net Income Common Stockholders": -1247000.0,
        "Net Income": -1247000.0,
        "Minority Interests": 15000.0,
        "Net Income Including Noncontrolling Interests": -1262000.0,
        "Net Income Discontinuous Operations": NaN,
        "Net Income Continuous Operations": -1262000.0,
        "Tax Provision": 41000.0,
        "Pretax Income": -1221000.0,
        "Other Income Expense": 1131000.0,
        "Other Non Operating Income Expenses": 1131000.0,
        "Net Non Operating Interest Income Expense": 63000.0,
        "Interest Income Non Operating": 63000.0,
        "Operating Income": -2415000.0,
        "Operating Expense": 10975000.0,
        "Research And Development": 851000.0,
        "Selling General And Administration": 10124000.0,
        "Selling And Marketing Expense": 7335000.0,
        "General And Administrative Expense": 2789000.0,
        "Other Gand A": 2789000.0,
        "Gross Profit": 8560000.0,
        "Cost Of Revenue": 2400000.0,
        "Total Revenue": 10960000.0,
        "Operating Revenue": 10960000.0
    },
    "2024-09-30": {
        "Tax Effect Of Unusual Items": 0.0,
        "Tax Rate For Calcs": 0.25,
        "Normalized EBITDA": -786000.0,
        "Net Income From Continuing Operation Net Minority Interest": -633000.0,
        "Reconciled Cost Of Revenue": 2985000.0,
        "EBITDA": -786000.0,
        "EBIT": -786000.0,
        "Net Interest Income": 57000.0,
        "Interest Income": 57000.0,
        "Normalized Income": -633000.0,
        "Net Income From Continuing And Discontinued Operation": -633000.0,
        "Total Expenses": 14833000.0,
        "Total Operating Income As Reported": -786000.0,
        "Diluted Average Shares": 5795086.0,
        "Basic Average Shares": 5795086.0,
        "Diluted EPS": -0.10923,
        "Basic EPS": -0.10923,
        "Diluted NI Availto Com Stockholders": -633000.0,
        "Net Income Common Stockholders": -633000.0,
        "Net Income": -633000.0,
        "Minority Interests": 17000.0,
        "Net Income Including Noncontrolling Interests": -650000.0,
        "Net Income Discontinuous Operations": NaN,
        "Net Income Continuous Operations": -650000.0,
        "Tax Provision": 51000.0,
        "Pretax Income": -599000.0,
        "Other Income Expense": 130000.0,
        "Other Non Operating Income Expenses": 130000.0,
        "Net Non Operating Interest Income Expense": 57000.0,
        "Interest Income Non Operating": 57000.0,
        "Operating Income": -786000.0,
        "Operating Expense": 11848000.0,
        "Research And Development": 839000.0,
        "Selling General And Administration": 11009000.0,
        "Selling And Marketing Expense": 8171000.0,
        "General And Administrative Expense": 2838000.0,
        "Other Gand A": 2838000.0,
        "Gross Profit": 11062000.0,
        "Cost Of Revenue": 2985000.0,
        "Total Revenue": 14047000.0,
        "Operating Revenue": 14047000.0
    }
}