{
    "2023-06-30": {
        "Tax Effect Of Unusual Items": 0.0,
        "Tax Rate For Calcs": 0.172,
        "Net Income From Continuing Operation Net Minority Interest": 1431000000.0,
        "Reconciled Depreciation": 325000000.0,
        "Net Interest Income": 7113000000.0,
        "Interest Expense": 3053000000.0,
        "Interest Income": 10166000000.0,
        "Normalized Income": 1431000000.0,
        "Net Income From Continuing And Discontinued Operation": 1431000000.0,
        "Diluted Average Shares": 383700000.0,
        "Basic Average Shares": 382800000.0,
        "Diluted EPS": 3.52,
        "Basic EPS": 3.53,
        "Diluted NI Availto Com Stockholders": 1351000000.0,
        "Net Income Common Stockholders": 1351000000.0,
        "Otherunder Preferred Stock Dividend": 23000000.0,
        "Preferred Stock Dividends": 57000000.0,
        "Net Income": 1431000000.0,
        "Net Income Including Noncontrolling Interests": 1431000000.0,
        "Net Income Discontinuous Operations": NaN,
        "Net Income Continuous Operations": 1431000000.0,
        "Tax Provision": 297000000.0,
        "Pretax Income": 1728000000.0,
        "Gain On Sale Of Security": NaN,
        "Depreciation Amortization Depletion Income Statement": 22000000.0,
        "Depreciation And Amortization In Income Statement": 22000000.0,
        "Amortization": 22000000.0,
        "Amortization Of Intangibles Income Statement": 22000000.0,
        "Selling General And Administration": 3203000000.0,
        "Selling And Marketing Expense": 886000000.0,
        "General And Administrative Expense": 2317000000.0,
        "Salaries And Wages": 2317000000.0,
        "Total Revenue": 9012000000.0,
        "Operating Revenue": 9012000000.0,
        "Occupancy And Equipment": 506000000.0,
        "Professional Expense And Contract Services Expense": 290000000.0,
        "Other Non Interest Expense": 773000000.0
    },
    "2023-03-31": {
        "Tax Effect Of Unusual Items": NaN,
        "Tax Rate For Calcs": NaN,
        "Net Income From Continuing Operation Net Minority Interest": NaN,
        "Reconciled Depreciation": NaN,
        "Net Interest Income": NaN,
        "Interest Expense": NaN,
        "Interest Income": NaN,
        "Normalized Income": NaN,
        "Net Income From Continuing And Discontinued Operation": NaN,
        "Diluted Average Shares": NaN,
        "Basic Average Shares": NaN,
        "Diluted EPS": NaN,
        "Basic EPS": NaN,
        "Diluted NI Availto Com Stockholders": NaN,
        "Net Income Common Stockholders": NaN,
        "Otherunder Preferred Stock Dividend": NaN,
        "Preferred Stock Dividends": NaN,
        "Net Income": NaN,
        "Net Income Including Noncontrolling Interests": NaN,
        "Net Income Discontinuous Operations": 0.0,
        "Net Income Continuous Operations": NaN,
        "Tax Provision": NaN,
        "Pretax Income": NaN,
        "Gain On Sale Of Security": 117000000.0,
        "Depreciation Amortization Depletion Income Statement": NaN,
        "Depreciation And Amortization In Income Statement": NaN,
        "Amortization": NaN,
        "Amortization Of Intangibles Income Statement": NaN,
        "Selling General And Administration": NaN,
        "Selling And Marketing Expense": NaN,
        "General And Administrative Expense": NaN,
        "Salaries And Wages": NaN,
        "Total Revenue": NaN,
        "Operating Revenue": NaN,
        "Occupancy And Equipment": NaN,
        "Professional Expense And Contract Services Expense": NaN,
        "Other Non Interest Expense": NaN
    },
    "2022-12-31": {
        "Tax Effect Of Unusual Items": NaN,
        "Tax Rate For Calcs": NaN,
        "Net Income From Continuing Operation Net Minority Interest": NaN,
        "Reconciled Depreciation": NaN,
        "Net Interest Income": NaN,
        "Interest Expense": NaN,
        "Interest Income": NaN,
        "Normalized Income": NaN,
        "Net Income From Continuing And Discontinued Operation": NaN,
        "Diluted Average Shares": NaN,
        "Basic Average Shares": NaN,
        "Diluted EPS": NaN,
        "Basic EPS": NaN,
        "Diluted NI Availto Com Stockholders": NaN,
        "Net Income Common Stockholders": NaN,
        "Otherunder Preferred Stock Dividend": NaN,
        "Preferred Stock Dividends": NaN,
        "Net Income": NaN,
        "Net Income Including Noncontrolling Interests": NaN,
        "Net Income Discontinuous Operations": 0.0,
        "Net Income Continuous Operations": NaN,
        "Tax Provision": NaN,
        "Pretax Income": NaN,
        "Gain On Sale Of Security": 88000000.0,
        "Depreciation Amortization Depletion Income Statement": NaN,
        "Depreciation And Amortization In Income Statement": NaN,
        "Amortization": NaN,
        "Amortization Of Intangibles Income Statement": NaN,
        "Selling General And Administration": NaN,
        "Selling And Marketing Expense": NaN,
        "General And Administrative Expense": NaN,
        "Salaries And Wages": NaN,
        "Total Revenue": NaN,
        "Operating Revenue": NaN,
        "Occupancy And Equipment": NaN,
        "Professional Expense And Contract Services Expense": NaN,
        "Other Non Interest Expense": NaN
    },
    "2022-09-30": {
        "Tax Effect Of Unusual Items": NaN,
        "Tax Rate For Calcs": NaN,
        "Net Income From Continuing Operation Net Minority Interest": NaN,
        "Reconciled Depreciation": NaN,
        "Net Interest Income": NaN,
        "Interest Expense": NaN,
        "Interest Income": NaN,
        "Normalized Income": NaN,
        "Net Income From Continuing And Discontinued Operation": NaN,
        "Diluted Average Shares": NaN,
        "Basic Average Shares": NaN,
        "Diluted EPS": NaN,
        "Basic EPS": NaN,
        "Diluted NI Availto Com Stockholders": NaN,
        "Net Income Common Stockholders": NaN,
        "Otherunder Preferred Stock Dividend": NaN,
        "Preferred Stock Dividends": NaN,
        "Net Income": NaN,
        "Net Income Including Noncontrolling Interests": NaN,
        "Net Income Discontinuous Operations": 0.0,
        "Net Income Continuous Operations": NaN,
        "Tax Provision": NaN,
        "Pretax Income": NaN,
        "Gain On Sale Of Security": 7000000.0,
        "Depreciation Amortization Depletion Income Statement": NaN,
        "Depreciation And Amortization In Income Statement": NaN,
        "Amortization": NaN,
        "Amortization Of Intangibles Income Statement": NaN,
        "Selling General And Administration": NaN,
        "Selling And Marketing Expense": NaN,
        "General And Administrative Expense": NaN,
        "Salaries And Wages": NaN,
        "Total Revenue": NaN,
        "Operating Revenue": NaN
    },
    "2022-06-30": {
        "Tax Effect Of Unusual Items": 0.0,
        "Tax Rate For Calcs": 0.208,
        "Total Unusual Items": 0.0,
        "Total Unusual Items Excluding Goodwill": 0.0,
        "Net Income From Continuing Operation Net Minority Interest": 2031000000.0,
        "Reconciled Depreciation": 14000000.0,
        "Net Interest Income": 6517000000.0,
        "Interest Expense": 578000000.0,
        "Interest Income": 7095000000.0,
        "Normalized Income": 2031000000.0,
        "Net Income From Continuing And Discontinued Operation": 2031000000.0,
        "Diluted Average Shares": 392600000.0,
        "Basic Average Shares": 391200000.0,
        "Diluted EPS": 4.96,
        "Basic EPS": 4.98,
        "Diluted NI Availto Com Stockholders": 1949000000.0,
        "Net Income Common Stockholders": 1949000000.0,
        "Otherunder Preferred Stock Dividend": 25000000.0,
        "Preferred Stock Dividends": 57000000.0,
        "Net Income": 2031000000.0,
        "Net Income Including Noncontrolling Interests": 2031000000.0,
        "Net Income Discontinuous Operations": 0.0,
        "Net Income Continuous Operations": 2031000000.0,
        "Tax Provision": 533000000.0,
        "Pretax Income": 2564000000.0,
        "Special Income Charges": 0.0,
        "Other Special Charges": NaN,
        "Restructuring And Mergern Acquisition": NaN,
        "Gain On Sale Of Security": -26000000.0,
        "Depreciation Amortization Depletion Income Statement": 14000000.0,
        "Depreciation And Amortization In Income Statement": 14000000.0,
        "Amortization": 14000000.0,
        "Amortization Of Intangibles Income Statement": 14000000.0,
        "Selling General And Administration": 2949000000.0,
        "Selling And Marketing Expense": 1003000000.0,
        "General And Administrative Expense": 1946000000.0,
        "Salaries And Wages": 1946000000.0,
        "Total Revenue": 8232000000.0,
        "Operating Revenue": 8232000000.0
    },
    "2022-03-31": {
        "Diluted EPS": 5.62,
        "Total Revenue": NaN,
        "Gross Profit": NaN,
        "Operating Income": NaN,
        "EBIT": NaN,
        "Net Income": NaN
    },
    "2021-12-31": {
        "Diluted EPS": 5.51,
        "Total Revenue": NaN,
        "Gross Profit": NaN,
        "Operating Income": NaN,
        "EBIT": NaN,
        "Net Income": NaN
    },
    "2021-09-30": {
        "Diluted EPS": 6.78,
        "Total Revenue": NaN,
        "Gross Profit": NaN,
        "Operating Income": NaN,
        "EBIT": NaN,
        "Net Income": NaN
    },
    "2021-06-30": {
        "Diluted EPS": 7.62,
        "Total Revenue": NaN,
        "Gross Profit": NaN,
        "Operating Income": NaN,
        "EBIT": NaN,
        "Net Income": NaN
    },
    "2021-03-31": {
        "Diluted EPS": 7.03,
        "Total Revenue": NaN,
        "Gross Profit": NaN,
        "Operating Income": NaN,
        "EBIT": NaN,
        "Net Income": NaN
    },
    "2020-12-31": {
        "Diluted EPS": 5.43,
        "Total Revenue": NaN,
        "Gross Profit": NaN,
        "Operating Income": NaN,
        "EBIT": NaN,
        "Net Income": NaN
    },
    "2020-09-30": {
        "Diluted EPS": 5.06,
        "Total Revenue": NaN,
        "Gross Profit": NaN,
        "Operating Income": NaN,
        "EBIT": NaN,
        "Net Income": NaN
    },
    "2020-06-30": {
        "Diluted EPS": -2.21,
        "Total Revenue": NaN,
        "Gross Profit": NaN,
        "Operating Income": NaN,
        "EBIT": NaN,
        "Net Income": NaN
    },
    "2020-03-31": {
        "Diluted EPS": -3.1,
        "Total Revenue": NaN,
        "Gross Profit": NaN,
        "Operating Income": NaN,
        "EBIT": NaN,
        "Net Income": NaN
    },
    "2019-12-31": {
        "Diluted EPS": 2.26,
        "Total Revenue": NaN,
        "Gross Profit": NaN,
        "Operating Income": NaN,
        "EBIT": NaN,
        "Net Income": NaN
    },
    "2019-09-30": {
        "Diluted EPS": 2.69,
        "Total Revenue": NaN,
        "Gross Profit": NaN,
        "Operating Income": NaN,
        "EBIT": NaN,
        "Net Income": NaN
    },
    "2019-06-30": {
        "Diluted EPS": 3.24,
        "Total Revenue": NaN,
        "Gross Profit": NaN,
        "Operating Income": NaN,
        "EBIT": NaN,
        "Net Income": NaN
    },
    "2019-03-31": {
        "Diluted EPS": 2.86,
        "Total Revenue": NaN,
        "Gross Profit": NaN,
        "Operating Income": NaN,
        "EBIT": NaN,
        "Net Income": NaN
    },
    "2018-12-31": {
        "Diluted EPS": 2.5,
        "Total Revenue": NaN,
        "Gross Profit": NaN,
        "Operating Income": NaN,
        "EBIT": NaN,
        "Net Income": NaN
    },
    "2018-09-30": {
        "Diluted EPS": 2.99,
        "Total Revenue": NaN,
        "Gross Profit": NaN,
        "Operating Income": NaN,
        "EBIT": NaN,
        "Net Income": NaN
    },
    "2018-06-30": {
        "Diluted EPS": 3.71,
        "Total Revenue": NaN,
        "Gross Profit": NaN,
        "Operating Income": NaN,
        "EBIT": NaN,
        "Net Income": NaN
    },
    "2018-03-31": {
        "Diluted EPS": 2.62,
        "Total Revenue": NaN,
        "Gross Profit": NaN,
        "Operating Income": NaN,
        "EBIT": NaN,
        "Net Income": NaN
    },
    "2017-12-31": {
        "Diluted EPS": -2.13,
        "Total Revenue": NaN,
        "Gross Profit": NaN,
        "Operating Income": NaN,
        "EBIT": NaN,
        "Net Income": NaN
    },
    "2017-09-30": {
        "Diluted EPS": 2.14,
        "Total Revenue": NaN,
        "Gross Profit": NaN,
        "Operating Income": NaN,
        "EBIT": NaN,
        "Net Income": NaN
    },
    "2017-06-30": {
        "Diluted EPS": 1.94,
        "Total Revenue": NaN,
        "Gross Profit": NaN,
        "Operating Income": NaN,
        "EBIT": NaN,
        "Net Income": 948
    },
    "2017-03-31": {
        "Diluted EPS": 1.54,
        "Total Revenue": NaN,
        "Gross Profit": NaN,
        "Operating Income": NaN,
        "EBIT": NaN,
        "Net Income": 752
    },
    "2016-12-31": {
        "Diluted EPS": 1.46,
        "Total Revenue": NaN,
        "Gross Profit": NaN,
        "Operating Income": NaN,
        "EBIT": NaN,
        "Net Income": 710
    },
    "2016-09-30": {
        "Diluted EPS": 1.9,
        "Total Revenue": NaN,
        "Gross Profit": NaN,
        "Operating Income": NaN,
        "EBIT": NaN,
        "Net Income": 962
    },
    "2016-06-30": {
        "Diluted EPS": 1.69,
        "Total Revenue": NaN,
        "Gross Profit": NaN,
        "Operating Income": NaN,
        "EBIT": NaN,
        "Net Income": 871
    },
    "2016-03-31": {
        "Diluted EPS": 1.84,
        "Total Revenue": NaN,
        "Gross Profit": NaN,
        "Operating Income": NaN,
        "EBIT": NaN,
        "Net Income": 970
    },
    "2015-12-31": {
        "Diluted EPS": 1.59,
        "Total Revenue": NaN,
        "Gross Profit": NaN,
        "Operating Income": NaN,
        "EBIT": NaN,
        "Net Income": 848
    },
    "2015-09-30": {
        "Diluted EPS": 1.98,
        "Total Revenue": NaN,
        "Gross Profit": NaN,
        "Operating Income": NaN,
        "EBIT": NaN,
        "Net Income": NaN
    },
    "2015-06-30": {
        "Diluted EPS": 1.5,
        "Total Revenue": NaN,
        "Gross Profit": NaN,
        "Operating Income": NaN,
        "EBIT": NaN,
        "Net Income": 830
    },
    "2015-03-31": {
        "Diluted EPS": 2.0,
        "Total Revenue": NaN,
        "Gross Profit": NaN,
        "Operating Income": NaN,
        "EBIT": NaN,
        "Net Income": NaN
    },
    "2014-12-31": {
        "Diluted EPS": 1.73,
        "Total Revenue": NaN,
        "Gross Profit": NaN,
        "Operating Income": NaN,
        "EBIT": NaN,
        "Net Income": 974
    },
    "2014-09-30": {
        "Diluted EPS": 1.86,
        "Total Revenue": NaN,
        "Gross Profit": NaN,
        "Operating Income": NaN,
        "EBIT": NaN,
        "Net Income": NaN
    },
    "2014-06-30": {
        "Diluted EPS": 2.04,
        "Total Revenue": NaN,
        "Gross Profit": NaN,
        "Operating Income": NaN,
        "EBIT": NaN,
        "Net Income": NaN
    },
    "2014-03-31": {
        "Diluted EPS": 1.96,
        "Total Revenue": NaN,
        "Gross Profit": NaN,
        "Operating Income": NaN,
        "EBIT": NaN,
        "Net Income": NaN
    },
    "2013-12-31": {
        "Diluted EPS": 1.43,
        "Total Revenue": NaN,
        "Gross Profit": NaN,
        "Operating Income": NaN,
        "EBIT": NaN,
        "Net Income": 835
    },
    "2013-09-30": {
        "Diluted EPS": 1.84,
        "Total Revenue": NaN,
        "Gross Profit": NaN,
        "Operating Income": NaN,
        "EBIT": NaN,
        "Net Income": NaN
    },
    "2013-06-30": {
        "Diluted EPS": 1.85,
        "Total Revenue": NaN,
        "Gross Profit": NaN,
        "Operating Income": NaN,
        "EBIT": NaN,
        "Net Income": NaN
    },
    "2013-03-31": {
        "Diluted EPS": 1.77,
        "Total Revenue": NaN,
        "Gross Profit": NaN,
        "Operating Income": NaN,
        "EBIT": NaN,
        "Net Income": NaN
    },
    "2012-12-31": {
        "Diluted EPS": 1.22,
        "Total Revenue": NaN,
        "Gross Profit": NaN,
        "Operating Income": NaN,
        "EBIT": NaN,
        "Net Income": 801
    },
    "2012-09-30": {
        "Diluted EPS": 2.01,
        "Total Revenue": NaN,
        "Gross Profit": NaN,
        "Operating Income": NaN,
        "EBIT": NaN,
        "Net Income": NaN
    },
    "2012-06-30": {
        "Diluted EPS": 0.16,
        "Total Revenue": NaN,
        "Gross Profit": NaN,
        "Operating Income": 369,
        "EBIT": NaN,
        "Net Income": 92
    },
    "2012-03-31": {
        "Diluted EPS": 2.72,
        "Total Revenue": NaN,
        "Gross Profit": NaN,
        "Operating Income": NaN,
        "EBIT": NaN,
        "Net Income": NaN
    },
    "2011-12-31": {
        "Diluted EPS": 0.85,
        "Total Revenue": NaN,
        "Gross Profit": NaN,
        "Operating Income": 820,
        "EBIT": NaN,
        "Net Income": 381
    },
    "2011-09-30": {
        "Diluted EPS": 1.77,
        "Total Revenue": NaN,
        "Gross Profit": NaN,
        "Operating Income": NaN,
        "EBIT": NaN,
        "Net Income": 813
    },
    "2011-06-30": {
        "Diluted EPS": 1.97,
        "Total Revenue": NaN,
        "Gross Profit": NaN,
        "Operating Income": NaN,
        "EBIT": NaN,
        "Net Income": 911
    },
    "2011-03-31": {
        "Diluted EPS": 2.21,
        "Total Revenue": NaN,
        "Gross Profit": NaN,
        "Operating Income": NaN,
        "EBIT": NaN,
        "Net Income": NaN
    },
    "2010-12-31": {
        "Diluted EPS": 1.52,
        "Total Revenue": NaN,
        "Gross Profit": NaN,
        "Operating Income": NaN,
        "EBIT": NaN,
        "Net Income": 696
    },
    "2010-09-30": {
        "Diluted EPS": 1.76,
        "Total Revenue": NaN,
        "Gross Profit": NaN,
        "Operating Income": NaN,
        "EBIT": NaN,
        "Net Income": 803
    },
    "2010-06-30": {
        "Diluted EPS": 1.33,
        "Total Revenue": NaN,
        "Gross Profit": NaN,
        "Operating Income": NaN,
        "EBIT": NaN,
        "Net Income": 608
    },
    "2010-03-31": {
        "Diluted EPS": 1.4,
        "Total Revenue": NaN,
        "Gross Profit": NaN,
        "Operating Income": 964,
        "EBIT": NaN,
        "Net Income": 636
    },
    "2009-12-31": {
        "Diluted EPS": 0.97,
        "Total Revenue": NaN,
        "Gross Profit": NaN,
        "Operating Income": 606,
        "EBIT": NaN,
        "Net Income": 375
    },
    "2009-09-30": {
        "Diluted EPS": 0.87,
        "Total Revenue": NaN,
        "Gross Profit": NaN,
        "Operating Income": 609,
        "EBIT": NaN,
        "Net Income": 394
    },
    "2009-06-30": {
        "Diluted EPS": -0.66,
        "Total Revenue": NaN,
        "Gross Profit": NaN,
        "Operating Income": 364,
        "EBIT": NaN,
        "Net Income": -277
    },
    "2009-03-31": {
        "Diluted EPS": -0.44,
        "Total Revenue": NaN,
        "Gross Profit": NaN,
        "Operating Income": -124,
        "EBIT": NaN,
        "Net Income": -172
    },
    "2023-09-30": {
        "Tax Effect Of Unusual Items": 0.0,
        "Tax Rate For Calcs": 0.194,
        "Net Income From Continuing Operation Net Minority Interest": 1790000000.0,
        "Reconciled Depreciation": 852000000.0,
        "Net Interest Income": 7423000000.0,
        "Interest Expense": 3450000000.0,
        "Interest Income": 10873000000.0,
        "Normalized Income": 1790000000.0,
        "Net Income From Continuing And Discontinued Operation": 1790000000.0,
        "Diluted Average Shares": 383300000.0,
        "Basic Average Shares": 382500000.0,
        "Diluted EPS": 4.45,
        "Basic EPS": 4.46,
        "Diluted NI Availto Com Stockholders": 1705000000.0,
        "Net Income Common Stockholders": 1705000000.0,
        "Otherunder Preferred Stock Dividend": 28000000.0,
        "Preferred Stock Dividends": 57000000.0,
        "Net Income": 1790000000.0,
        "Net Income Including Noncontrolling Interests": 1790000000.0,
        "Net Income Discontinuous Operations": NaN,
        "Net Income Continuous Operations": 1790000000.0,
        "Tax Provision": 432000000.0,
        "Pretax Income": 2222000000.0,
        "Gain On Sale Of Security": NaN,
        "Depreciation Amortization Depletion Income Statement": 24000000.0,
        "Depreciation And Amortization In Income Statement": 24000000.0,
        "Amortization": 24000000.0,
        "Amortization Of Intangibles Income Statement": 24000000.0,
        "Selling General And Administration": 3246000000.0,
        "Selling And Marketing Expense": 972000000.0,
        "General And Administrative Expense": 2274000000.0,
        "Salaries And Wages": 2274000000.0,
        "Total Revenue": 9366000000.0,
        "Operating Revenue": 9366000000.0,
        "Occupancy And Equipment": 518000000.0,
        "Professional Expense And Contract Services Expense": 295000000.0,
        "Other Non Interest Expense": 777000000.0
    },
    "2023-12-31": {
        "Tax Effect Of Unusual Items": 0.0,
        "Tax Rate For Calcs": 0.242489,
        "Net Income From Continuing Operation Net Minority Interest": 706000000.0,
        "Reconciled Depreciation": 798000000.0,
        "Net Interest Income": 7519000000.0,
        "Interest Expense": 3626000000.0,
        "Interest Income": 11145000000.0,
        "Normalized Income": 706000000.0,
        "Net Income From Continuing And Discontinued Operation": 706000000.0,
        "Diluted Average Shares": 382800000.0,
        "Basic Average Shares": 381900000.0,
        "Diluted EPS": 1.67,
        "Basic EPS": 1.67,
        "Diluted NI Availto Com Stockholders": 639000000.0,
        "Net Income Common Stockholders": 639000000.0,
        "Otherunder Preferred Stock Dividend": 10000000.0,
        "Preferred Stock Dividends": 57000000.0,
        "Net Income": 706000000.0,
        "Net Income Including Noncontrolling Interests": 706000000.0,
        "Net Income Discontinuous Operations": NaN,
        "Net Income Continuous Operations": 706000000.0,
        "Tax Provision": 226000000.0,
        "Pretax Income": 932000000.0,
        "Gain On Sale Of Security": NaN,
        "Depreciation Amortization Depletion Income Statement": 22000000.0,
        "Depreciation And Amortization In Income Statement": 22000000.0,
        "Amortization": 22000000.0,
        "Amortization Of Intangibles Income Statement": 22000000.0,
        "Selling General And Administration": 3538000000.0,
        "Selling And Marketing Expense": 1254000000.0,
        "General And Administrative Expense": 2284000000.0,
        "Salaries And Wages": 2284000000.0,
        "Total Revenue": 9506000000.0,
        "Operating Revenue": 9506000000.0,
        "Occupancy And Equipment": 628000000.0,
        "Professional Expense And Contract Services Expense": 359000000.0,
        "Other Non Interest Expense": 1170000000.0
    },
    "2024-03-31": {
        "Tax Effect Of Unusual Items": 0.0,
        "Tax Rate For Calcs": 0.191,
        "Net Income From Continuing Operation Net Minority Interest": 1280000000.0,
        "Reconciled Depreciation": 806000000.0,
        "Net Interest Income": 7488000000.0,
        "Interest Expense": 3689000000.0,
        "Interest Income": 11177000000.0,
        "Normalized Income": 1280000000.0,
        "Net Income From Continuing And Discontinued Operation": 1280000000.0,
        "Diluted Average Shares": 383400000.0,
        "Basic Average Shares": 382200000.0,
        "Diluted EPS": 3.13,
        "Basic EPS": 3.14,
        "Diluted NI Availto Com Stockholders": 1200000000.0,
        "Net Income Common Stockholders": 1200000000.0,
        "Otherunder Preferred Stock Dividend": 23000000.0,
        "Preferred Stock Dividends": 57000000.0,
        "Net Income": 1280000000.0,
        "Net Income Including Noncontrolling Interests": 1280000000.0,
        "Net Income Discontinuous Operations": NaN,
        "Net Income Continuous Operations": 1280000000.0,
        "Tax Provision": 302000000.0,
        "Pretax Income": 1582000000.0,
        "Gain On Sale Of Security": NaN,
        "Depreciation Amortization Depletion Income Statement": 19000000.0,
        "Depreciation And Amortization In Income Statement": 19000000.0,
        "Amortization": 19000000.0,
        "Amortization Of Intangibles Income Statement": 19000000.0,
        "Selling General And Administration": 3488000000.0,
        "Selling And Marketing Expense": 1010000000.0,
        "General And Administrative Expense": 2478000000.0,
        "Salaries And Wages": 2478000000.0,
        "Total Revenue": 9402000000.0,
        "Operating Revenue": 9402000000.0,
        "Occupancy And Equipment": 554000000.0,
        "Professional Expense And Contract Services Expense": 262000000.0,
        "Other Non Interest Expense": 814000000.0
    },
    "2024-06-30": {
        "Tax Effect Of Unusual Items": 0.0,
        "Tax Rate For Calcs": 0.083,
        "Net Income From Continuing Operation Net Minority Interest": 597000000.0,
        "Reconciled Depreciation": 811000000.0,
        "Net Interest Income": 7546000000.0,
        "Interest Expense": 3734000000.0,
        "Interest Income": 11280000000.0,
        "Normalized Income": 597000000.0,
        "Net Income From Continuing And Discontinued Operation": 597000000.0,
        "Diluted Average Shares": 383900000.0,
        "Basic Average Shares": 383100000.0,
        "Diluted EPS": 1.38,
        "Basic EPS": 1.39,
        "Diluted NI Availto Com Stockholders": 531000000.0,
        "Net Income Common Stockholders": 531000000.0,
        "Otherunder Preferred Stock Dividend": 9000000.0,
        "Preferred Stock Dividends": 57000000.0,
        "Net Income": 597000000.0,
        "Net Income Including Noncontrolling Interests": 597000000.0,
        "Net Income Discontinuous Operations": NaN,
        "Net Income Continuous Operations": 597000000.0,
        "Tax Provision": 54000000.0,
        "Pretax Income": 651000000.0,
        "Gain On Sale Of Security": NaN,
        "Depreciation Amortization Depletion Income Statement": 19000000.0,
        "Depreciation And Amortization In Income Statement": 19000000.0,
        "Amortization": 19000000.0,
        "Amortization Of Intangibles Income Statement": 19000000.0,
        "Selling General And Administration": 3264000000.0,
        "Selling And Marketing Expense": 1064000000.0,
        "General And Administrative Expense": 2200000000.0,
        "Salaries And Wages": 2200000000.0,
        "Total Revenue": 9506000000.0,
        "Operating Revenue": 9506000000.0,
        "Occupancy And Equipment": 551000000.0,
        "Professional Expense And Contract Services Expense": 316000000.0,
        "Other Non Interest Expense": 796000000.0
    }
}