{
    "2023-03-31": {
        "Tax Effect Of Unusual Items": 0.0,
        "Tax Rate For Calcs": 0.0,
        "Normalized EBITDA": -42514000.0,
        "Net Income From Continuing Operation Net Minority Interest": -38587000.0,
        "Reconciled Depreciation": 723000.0,
        "EBITDA": -42514000.0,
        "EBIT": -43237000.0,
        "Net Interest Income": 2268000.0,
        "Interest Income": 2268000.0,
        "Normalized Income": -38587000.0,
        "Net Income From Continuing And Discontinued Operation": -38587000.0,
        "Total Expenses": 43237000.0,
        "Total Operating Income As Reported": -43237000.0,
        "Diluted Average Shares": 70734950.0,
        "Basic Average Shares": 70734950.0,
        "Diluted EPS": -0.55,
        "Basic EPS": -0.55,
        "Diluted NI Availto Com Stockholders": -38587000.0,
        "Net Income Common Stockholders": -38587000.0,
        "Net Income": -38587000.0,
        "Net Income Including Noncontrolling Interests": -38587000.0,
        "Net Income Continuous Operations": -38587000.0,
        "Pretax Income": -38587000.0,
        "Other Income Expense": 2382000.0,
        "Other Non Operating Income Expenses": 2382000.0,
        "Net Non Operating Interest Income Expense": 2268000.0,
        "Interest Income Non Operating": 2268000.0,
        "Operating Income": -43237000.0,
        "Operating Expense": 43237000.0,
        "Research And Development": 36038000.0,
        "Selling General And Administration": 7199000.0,
        "General And Administrative Expense": 7199000.0,
        "Other Gand A": 7199000.0,
        "Total Revenue": 0.0,
        "Operating Revenue": 0.0
    },
    "2022-12-31": {
        "Tax Effect Of Unusual Items": NaN,
        "Tax Rate For Calcs": NaN,
        "Normalized EBITDA": NaN,
        "Net Income From Continuing Operation Net Minority Interest": NaN,
        "Reconciled Depreciation": NaN,
        "EBITDA": NaN,
        "EBIT": NaN,
        "Net Interest Income": NaN,
        "Interest Income": NaN,
        "Normalized Income": NaN,
        "Net Income From Continuing And Discontinued Operation": NaN,
        "Total Expenses": NaN,
        "Total Operating Income As Reported": NaN,
        "Diluted Average Shares": NaN,
        "Basic Average Shares": NaN,
        "Diluted EPS": NaN,
        "Basic EPS": NaN,
        "Diluted NI Availto Com Stockholders": NaN,
        "Net Income Common Stockholders": NaN,
        "Net Income": NaN,
        "Net Income Including Noncontrolling Interests": NaN,
        "Net Income Continuous Operations": NaN,
        "Pretax Income": NaN,
        "Other Income Expense": 2017000.0,
        "Other Non Operating Income Expenses": 2017000.0,
        "Net Non Operating Interest Income Expense": NaN,
        "Interest Income Non Operating": NaN,
        "Operating Income": NaN,
        "Operating Expense": NaN,
        "Research And Development": NaN,
        "Selling General And Administration": NaN,
        "General And Administrative Expense": NaN,
        "Other Gand A": NaN,
        "Total Revenue": NaN,
        "Operating Revenue": NaN
    },
    "2022-09-30": {
        "Tax Effect Of Unusual Items": 0.0,
        "Tax Rate For Calcs": 0.0,
        "Normalized EBITDA": -33110000.0,
        "Net Income From Continuing Operation Net Minority Interest": -35062000.0,
        "Reconciled Depreciation": 3711000.0,
        "EBITDA": -33110000.0,
        "EBIT": -36821000.0,
        "Net Interest Income": 1500000.0,
        "Interest Income": 1500000.0,
        "Normalized Income": -35062000.0,
        "Net Income From Continuing And Discontinued Operation": -35062000.0,
        "Total Expenses": 36821000.0,
        "Total Operating Income As Reported": -36821000.0,
        "Diluted Average Shares": 69576359.0,
        "Basic Average Shares": 69576359.0,
        "Diluted EPS": -0.5,
        "Basic EPS": -0.5,
        "Diluted NI Availto Com Stockholders": -35062000.0,
        "Net Income Common Stockholders": -35062000.0,
        "Net Income": -35062000.0,
        "Net Income Including Noncontrolling Interests": -35062000.0,
        "Net Income Continuous Operations": -35062000.0,
        "Pretax Income": -35062000.0,
        "Other Income Expense": 259000.0,
        "Other Non Operating Income Expenses": 259000.0,
        "Net Non Operating Interest Income Expense": 1500000.0,
        "Interest Income Non Operating": 1500000.0,
        "Operating Income": -36821000.0,
        "Operating Expense": 36821000.0,
        "Research And Development": 29936000.0,
        "Selling General And Administration": 6885000.0,
        "General And Administrative Expense": 6885000.0,
        "Other Gand A": 6885000.0,
        "Total Revenue": 0.0,
        "Operating Revenue": 0.0
    },
    "2022-06-30": {
        "Tax Effect Of Unusual Items": 0.0,
        "Tax Rate For Calcs": 0.0,
        "Normalized EBITDA": -35855000.0,
        "Net Income From Continuing Operation Net Minority Interest": -34927000.0,
        "Reconciled Depreciation": 1161000.0,
        "EBITDA": -35855000.0,
        "EBIT": -35855000.0,
        "Net Interest Income": 272000.0,
        "Interest Income": 272000.0,
        "Normalized Income": -34927000.0,
        "Net Income From Continuing And Discontinued Operation": -34927000.0,
        "Total Expenses": 35855000.0,
        "Total Operating Income As Reported": -35855000.0,
        "Diluted Average Shares": 49388936.0,
        "Basic Average Shares": 49388936.0,
        "Diluted EPS": -0.71,
        "Basic EPS": -0.71,
        "Diluted NI Availto Com Stockholders": -34927000.0,
        "Net Income Common Stockholders": -34927000.0,
        "Net Income": -34927000.0,
        "Net Income Including Noncontrolling Interests": -34927000.0,
        "Net Income Continuous Operations": -34927000.0,
        "Pretax Income": -34927000.0,
        "Other Income Expense": 656000.0,
        "Other Non Operating Income Expenses": 656000.0,
        "Net Non Operating Interest Income Expense": 272000.0,
        "Interest Income Non Operating": 272000.0,
        "Operating Income": -35855000.0,
        "Operating Expense": 35855000.0,
        "Research And Development": 29479000.0,
        "Selling General And Administration": 6376000.0,
        "General And Administrative Expense": 6376000.0,
        "Other Gand A": 6376000.0,
        "Total Revenue": 0.0,
        "Operating Revenue": 0.0
    },
    "2022-03-31": {
        "Diluted EPS": -0.68,
        "Total Revenue": NaN,
        "Gross Profit": NaN,
        "Operating Income": -31,
        "EBIT": -31,
        "Net Income": -31
    },
    "2021-12-31": {
        "Diluted EPS": -0.62,
        "Total Revenue": NaN,
        "Gross Profit": NaN,
        "Operating Income": -26,
        "EBIT": -26,
        "Net Income": -25
    },
    "2021-09-30": {
        "Diluted EPS": -0.48,
        "Total Revenue": NaN,
        "Gross Profit": NaN,
        "Operating Income": -20,
        "EBIT": -20,
        "Net Income": -19
    },
    "2021-06-30": {
        "Diluted EPS": -0.43,
        "Total Revenue": NaN,
        "Gross Profit": NaN,
        "Operating Income": -17,
        "EBIT": -17,
        "Net Income": -17
    },
    "2021-03-31": {
        "Diluted EPS": -0.34,
        "Total Revenue": NaN,
        "Gross Profit": NaN,
        "Operating Income": -13,
        "EBIT": -13,
        "Net Income": -12
    },
    "2020-12-31": {
        "Diluted EPS": -9.34,
        "Total Revenue": NaN,
        "Gross Profit": NaN,
        "Operating Income": -11,
        "EBIT": -11,
        "Net Income": -116
    },
    "2020-09-30": {
        "Diluted EPS": -5.07,
        "Total Revenue": 0,
        "Gross Profit": 0,
        "Operating Income": -57,
        "EBIT": -57,
        "Net Income": -50
    },
    "2020-06-30": {
        "Diluted EPS": -0.95,
        "Total Revenue": 1,
        "Gross Profit": 1,
        "Operating Income": -7,
        "EBIT": -7,
        "Net Income": -7
    },
    "2020-03-31": {
        "Diluted EPS": -0.81,
        "Total Revenue": 7,
        "Gross Profit": 7,
        "Operating Income": -6,
        "EBIT": -6,
        "Net Income": -6
    },
    "2019-12-31": {
        "Diluted EPS": 4.98,
        "Total Revenue": 15,
        "Gross Profit": 15,
        "Operating Income": 2,
        "EBIT": 3,
        "Net Income": 2
    },
    "2019-09-30": {
        "Diluted EPS": -6.24,
        "Total Revenue": 1,
        "Gross Profit": 1,
        "Operating Income": -12,
        "EBIT": -12,
        "Net Income": -12
    },
    "2019-06-30": {
        "Diluted EPS": -1.36,
        "Total Revenue": 3,
        "Gross Profit": 3,
        "Operating Income": -11,
        "EBIT": -10,
        "Net Income": -11
    },
    "2019-03-31": {
        "Diluted EPS": -1.56,
        "Total Revenue": 3,
        "Gross Profit": 3,
        "Operating Income": -12,
        "EBIT": -12,
        "Net Income": -12
    },
    "2018-12-31": {
        "Diluted EPS": -0.32,
        "Total Revenue": 4,
        "Gross Profit": 4,
        "Operating Income": -9,
        "EBIT": -9,
        "Net Income": -9
    },
    "2018-09-30": {
        "Diluted EPS": -1.36,
        "Total Revenue": 2,
        "Gross Profit": 2,
        "Operating Income": -11,
        "EBIT": -10,
        "Net Income": -10
    },
    "2018-06-30": {
        "Diluted EPS": -1.24,
        "Total Revenue": 2,
        "Gross Profit": 2,
        "Operating Income": -9,
        "EBIT": -9,
        "Net Income": -9
    },
    "2018-03-31": {
        "Diluted EPS": -2.64,
        "Total Revenue": 2,
        "Gross Profit": 2,
        "Operating Income": -7,
        "EBIT": -7,
        "Net Income": -7
    },
    "2017-12-31": {
        "Diluted EPS": -2.64,
        "Total Revenue": 2,
        "Gross Profit": 2,
        "Operating Income": -7,
        "EBIT": -7,
        "Net Income": -7
    },
    "2017-09-30": {
        "Diluted EPS": -2.76,
        "Total Revenue": 2,
        "Gross Profit": 2,
        "Operating Income": -7,
        "EBIT": -7,
        "Net Income": -7
    },
    "2017-06-30": {
        "Diluted EPS": -2.32,
        "Total Revenue": 2,
        "Gross Profit": 2,
        "Operating Income": -6,
        "EBIT": -6,
        "Net Income": -6
    },
    "2017-03-31": {
        "Diluted EPS": -2.32,
        "Total Revenue": 2,
        "Gross Profit": 2,
        "Operating Income": -6,
        "EBIT": -6,
        "Net Income": -6
    },
    "2016-12-31": {
        "Diluted EPS": 0.0,
        "Total Revenue": NaN,
        "Gross Profit": NaN,
        "Operating Income": NaN,
        "EBIT": NaN,
        "Net Income": NaN
    },
    "2015-12-31": {
        "Diluted EPS": 0.0,
        "Total Revenue": NaN,
        "Gross Profit": NaN,
        "Operating Income": NaN,
        "EBIT": NaN,
        "Net Income": NaN
    },
    "2023-06-30": {
        "Tax Effect Of Unusual Items": 0.0,
        "Tax Rate For Calcs": 0.0,
        "Normalized EBITDA": -45869000.0,
        "Net Income From Continuing Operation Net Minority Interest": -44076000.0,
        "Reconciled Depreciation": 1216000.0,
        "EBITDA": -45869000.0,
        "EBIT": -47085000.0,
        "Net Interest Income": 2741000.0,
        "Interest Income": 2741000.0,
        "Normalized Income": -44076000.0,
        "Net Income From Continuing And Discontinued Operation": -44076000.0,
        "Total Expenses": 47085000.0,
        "Total Operating Income As Reported": -47085000.0,
        "Diluted Average Shares": 74753269.0,
        "Basic Average Shares": 74753269.0,
        "Diluted EPS": -0.59,
        "Basic EPS": -0.59,
        "Diluted NI Availto Com Stockholders": -44076000.0,
        "Net Income Common Stockholders": -44076000.0,
        "Net Income": -44076000.0,
        "Net Income Including Noncontrolling Interests": -44076000.0,
        "Net Income Continuous Operations": -44076000.0,
        "Pretax Income": -44076000.0,
        "Other Income Expense": 268000.0,
        "Other Non Operating Income Expenses": 268000.0,
        "Net Non Operating Interest Income Expense": 2741000.0,
        "Interest Income Non Operating": 2741000.0,
        "Operating Income": -47085000.0,
        "Operating Expense": 47085000.0,
        "Research And Development": 38871000.0,
        "Selling General And Administration": 8214000.0,
        "General And Administrative Expense": 8214000.0,
        "Other Gand A": 8214000.0,
        "Total Revenue": 0.0,
        "Operating Revenue": 0.0
    },
    "2023-09-30": {
        "Tax Effect Of Unusual Items": 0.0,
        "Tax Rate For Calcs": 0.0,
        "Normalized EBITDA": -58725000.0,
        "Net Income From Continuing Operation Net Minority Interest": -55382000.0,
        "Reconciled Depreciation": 855000.0,
        "EBITDA": -58725000.0,
        "EBIT": -59580000.0,
        "Net Interest Income": 4198000.0,
        "Interest Income": 4198000.0,
        "Normalized Income": -55382000.0,
        "Net Income From Continuing And Discontinued Operation": -55382000.0,
        "Total Expenses": 59580000.0,
        "Total Operating Income As Reported": -59580000.0,
        "Diluted Average Shares": 86165951.0,
        "Basic Average Shares": 86165951.0,
        "Diluted EPS": -0.64,
        "Basic EPS": -0.64,
        "Diluted NI Availto Com Stockholders": -55382000.0,
        "Net Income Common Stockholders": -55382000.0,
        "Net Income": -55382000.0,
        "Net Income Including Noncontrolling Interests": -55382000.0,
        "Net Income Continuous Operations": -55382000.0,
        "Pretax Income": -55382000.0,
        "Other Income Expense": NaN,
        "Other Non Operating Income Expenses": NaN,
        "Net Non Operating Interest Income Expense": 4198000.0,
        "Interest Income Non Operating": 4198000.0,
        "Operating Income": -59580000.0,
        "Operating Expense": 59580000.0,
        "Research And Development": 50127000.0,
        "Selling General And Administration": 9453000.0,
        "General And Administrative Expense": 9453000.0,
        "Other Gand A": 9453000.0,
        "Total Revenue": 0.0,
        "Operating Revenue": 0.0
    },
    "2023-12-31": {
        "Tax Effect Of Unusual Items": 0.0,
        "Tax Rate For Calcs": 0.0,
        "Normalized EBITDA": -57434000.0,
        "Net Income From Continuing Operation Net Minority Interest": -54365000.0,
        "Reconciled Depreciation": 794000.0,
        "EBITDA": -57434000.0,
        "EBIT": -58228000.0,
        "Net Interest Income": 3870000.0,
        "Interest Income": 3870000.0,
        "Normalized Income": -54365000.0,
        "Net Income From Continuing And Discontinued Operation": -54365000.0,
        "Total Expenses": 58228000.0,
        "Total Operating Income As Reported": -58228000.0,
        "Diluted Average Shares": 86730309.0,
        "Basic Average Shares": 86730309.0,
        "Diluted EPS": -0.63,
        "Basic EPS": -0.63,
        "Diluted NI Availto Com Stockholders": -54365000.0,
        "Net Income Common Stockholders": -54365000.0,
        "Net Income": -54365000.0,
        "Net Income Including Noncontrolling Interests": -54365000.0,
        "Net Income Continuous Operations": -54365000.0,
        "Pretax Income": -54365000.0,
        "Other Income Expense": -7000.0,
        "Other Non Operating Income Expenses": -7000.0,
        "Net Non Operating Interest Income Expense": 3870000.0,
        "Interest Income Non Operating": 3870000.0,
        "Operating Income": -58228000.0,
        "Operating Expense": 58228000.0,
        "Research And Development": 48719000.0,
        "Selling General And Administration": 9509000.0,
        "General And Administrative Expense": 9509000.0,
        "Other Gand A": 9509000.0,
        "Total Revenue": 0.0,
        "Operating Revenue": 0.0
    },
    "2024-03-31": {
        "Tax Effect Of Unusual Items": 0.0,
        "Tax Rate For Calcs": 0.0,
        "Normalized EBITDA": -61338000.0,
        "Net Income From Continuing Operation Net Minority Interest": -58348000.0,
        "Reconciled Depreciation": 1066000.0,
        "EBITDA": -61338000.0,
        "EBIT": -62404000.0,
        "Net Interest Income": 4057000.0,
        "Interest Income": 4057000.0,
        "Normalized Income": -58348000.0,
        "Net Income From Continuing And Discontinued Operation": -58348000.0,
        "Total Expenses": 62404000.0,
        "Total Operating Income As Reported": -62404000.0,
        "Diluted Average Shares": 94804659.0,
        "Basic Average Shares": 94804659.0,
        "Diluted EPS": -0.62,
        "Basic EPS": -0.62,
        "Diluted NI Availto Com Stockholders": -58348000.0,
        "Net Income Common Stockholders": -58348000.0,
        "Net Income": -58348000.0,
        "Net Income Including Noncontrolling Interests": -58348000.0,
        "Net Income Continuous Operations": -58348000.0,
        "Pretax Income": -58348000.0,
        "Other Income Expense": -1000.0,
        "Other Non Operating Income Expenses": -1000.0,
        "Net Non Operating Interest Income Expense": 4057000.0,
        "Interest Income Non Operating": 4057000.0,
        "Operating Income": -62404000.0,
        "Operating Expense": 62404000.0,
        "Research And Development": 52705000.0,
        "Selling General And Administration": 9699000.0,
        "General And Administrative Expense": 9699000.0,
        "Other Gand A": 9699000.0,
        "Total Revenue": 0.0,
        "Operating Revenue": 0.0
    }
}