{
    "2023-03-31": {
        "Tax Effect Of Unusual Items": NaN,
        "Tax Rate For Calcs": NaN,
        "Normalized EBITDA": NaN,
        "Total Unusual Items": NaN,
        "Total Unusual Items Excluding Goodwill": NaN,
        "Net Income From Continuing Operation Net Minority Interest": NaN,
        "Reconciled Depreciation": NaN,
        "Reconciled Cost Of Revenue": NaN,
        "EBITDA": NaN,
        "EBIT": NaN,
        "Net Interest Income": NaN,
        "Interest Expense": NaN,
        "Normalized Income": NaN,
        "Net Income From Continuing And Discontinued Operation": NaN,
        "Total Expenses": NaN,
        "Total Operating Income As Reported": NaN,
        "Diluted Average Shares": 231489000.0,
        "Basic Average Shares": 231489000.0,
        "Diluted EPS": -0.34,
        "Basic EPS": -0.34,
        "Diluted NI Availto Com Stockholders": NaN,
        "Average Dilution Earnings": NaN,
        "Net Income Common Stockholders": NaN,
        "Otherunder Preferred Stock Dividend": NaN,
        "Net Income": NaN,
        "Net Income Including Noncontrolling Interests": NaN,
        "Net Income Continuous Operations": NaN,
        "Tax Provision": NaN,
        "Pretax Income": NaN,
        "Other Income Expense": NaN,
        "Other Non Operating Income Expenses": NaN,
        "Special Income Charges": NaN,
        "Other Special Charges": NaN,
        "Write Off": 17962000.0,
        "Impairment Of Capital Assets": NaN,
        "Restructuring And Mergern Acquisition": NaN,
        "Gain On Sale Of Security": 16899000.0,
        "Net Non Operating Interest Income Expense": NaN,
        "Interest Expense Non Operating": NaN,
        "Operating Income": NaN,
        "Operating Expense": NaN,
        "Other Operating Expenses": NaN,
        "Research And Development": NaN,
        "Selling General And Administration": NaN,
        "Selling And Marketing Expense": NaN,
        "General And Administrative Expense": NaN,
        "Other Gand A": NaN,
        "Salaries And Wages": NaN,
        "Gross Profit": NaN,
        "Cost Of Revenue": NaN,
        "Total Revenue": NaN,
        "Operating Revenue": NaN
    },
    "2022-12-31": {
        "Tax Effect Of Unusual Items": NaN,
        "Tax Rate For Calcs": NaN,
        "Normalized EBITDA": NaN,
        "Total Unusual Items": NaN,
        "Total Unusual Items Excluding Goodwill": NaN,
        "Net Income From Continuing Operation Net Minority Interest": NaN,
        "Reconciled Depreciation": NaN,
        "Reconciled Cost Of Revenue": NaN,
        "EBITDA": NaN,
        "EBIT": NaN,
        "Net Interest Income": NaN,
        "Interest Expense": NaN,
        "Normalized Income": NaN,
        "Net Income From Continuing And Discontinued Operation": NaN,
        "Total Expenses": NaN,
        "Total Operating Income As Reported": NaN,
        "Diluted Average Shares": NaN,
        "Basic Average Shares": NaN,
        "Diluted EPS": NaN,
        "Basic EPS": NaN,
        "Diluted NI Availto Com Stockholders": NaN,
        "Average Dilution Earnings": -835000.0,
        "Net Income Common Stockholders": NaN,
        "Otherunder Preferred Stock Dividend": 0.0,
        "Net Income": NaN,
        "Net Income Including Noncontrolling Interests": NaN,
        "Net Income Continuous Operations": NaN,
        "Tax Provision": NaN,
        "Pretax Income": NaN,
        "Other Income Expense": NaN,
        "Other Non Operating Income Expenses": NaN,
        "Special Income Charges": NaN,
        "Other Special Charges": NaN,
        "Write Off": NaN,
        "Impairment Of Capital Assets": NaN,
        "Restructuring And Mergern Acquisition": NaN,
        "Gain On Sale Of Security": NaN,
        "Net Non Operating Interest Income Expense": NaN,
        "Interest Expense Non Operating": NaN,
        "Operating Income": NaN,
        "Operating Expense": NaN,
        "Other Operating Expenses": NaN,
        "Research And Development": NaN,
        "Selling General And Administration": NaN,
        "Selling And Marketing Expense": NaN,
        "General And Administrative Expense": NaN,
        "Other Gand A": NaN,
        "Salaries And Wages": NaN,
        "Gross Profit": NaN,
        "Cost Of Revenue": NaN,
        "Total Revenue": NaN,
        "Operating Revenue": NaN
    },
    "2022-09-30": {
        "Tax Effect Of Unusual Items": NaN,
        "Tax Rate For Calcs": NaN,
        "Normalized EBITDA": NaN,
        "Total Unusual Items": NaN,
        "Total Unusual Items Excluding Goodwill": NaN,
        "Net Income From Continuing Operation Net Minority Interest": NaN,
        "Reconciled Depreciation": NaN,
        "Reconciled Cost Of Revenue": NaN,
        "EBITDA": NaN,
        "EBIT": NaN,
        "Net Interest Income": NaN,
        "Interest Expense": NaN,
        "Normalized Income": NaN,
        "Net Income From Continuing And Discontinued Operation": NaN,
        "Total Expenses": NaN,
        "Total Operating Income As Reported": NaN,
        "Diluted Average Shares": 223916000.0,
        "Basic Average Shares": 223916000.0,
        "Diluted EPS": -2.43,
        "Basic EPS": -2.43,
        "Diluted NI Availto Com Stockholders": NaN,
        "Average Dilution Earnings": 0.0,
        "Net Income Common Stockholders": NaN,
        "Otherunder Preferred Stock Dividend": 0.0,
        "Net Income": NaN,
        "Net Income Including Noncontrolling Interests": NaN,
        "Net Income Continuous Operations": NaN,
        "Tax Provision": NaN,
        "Pretax Income": NaN,
        "Other Income Expense": NaN,
        "Other Non Operating Income Expenses": NaN,
        "Special Income Charges": NaN,
        "Other Special Charges": NaN,
        "Write Off": NaN,
        "Impairment Of Capital Assets": 12150000.0,
        "Restructuring And Mergern Acquisition": NaN,
        "Gain On Sale Of Security": -49162000.0,
        "Net Non Operating Interest Income Expense": NaN,
        "Interest Expense Non Operating": NaN,
        "Operating Income": NaN,
        "Operating Expense": NaN,
        "Other Operating Expenses": NaN,
        "Research And Development": NaN,
        "Selling General And Administration": NaN,
        "Selling And Marketing Expense": NaN,
        "General And Administrative Expense": NaN,
        "Other Gand A": NaN,
        "Salaries And Wages": 183057000.0,
        "Gross Profit": NaN,
        "Cost Of Revenue": NaN,
        "Total Revenue": NaN,
        "Operating Revenue": NaN
    },
    "2022-06-30": {
        "Tax Effect Of Unusual Items": -5009454.0,
        "Tax Rate For Calcs": 0.118,
        "Normalized EBITDA": -1132433000.0,
        "Total Unusual Items": -42453000.0,
        "Total Unusual Items Excluding Goodwill": -42453000.0,
        "Net Income From Continuing Operation Net Minority Interest": -1093654000.0,
        "Reconciled Depreciation": 42027000.0,
        "Reconciled Cost Of Revenue": 167187000.0,
        "EBITDA": -1174886000.0,
        "EBIT": -1216913000.0,
        "Net Interest Income": -23656000.0,
        "Interest Expense": 23656000.0,
        "Normalized Income": -1056210454.0,
        "Net Income From Continuing And Discontinued Operation": -1093654000.0,
        "Total Expenses": 1810261000.0,
        "Total Operating Income As Reported": -1044389000.0,
        "Diluted Average Shares": 221034000.0,
        "Basic Average Shares": 220988000.0,
        "Diluted EPS": -4.98,
        "Basic EPS": -4.95,
        "Diluted NI Availto Com Stockholders": -1099838000.0,
        "Average Dilution Earnings": -6184000.0,
        "Net Income Common Stockholders": -1093654000.0,
        "Otherunder Preferred Stock Dividend": 0.0,
        "Net Income": -1093654000.0,
        "Net Income Including Noncontrolling Interests": -1093654000.0,
        "Net Income Continuous Operations": -1093654000.0,
        "Tax Provision": -146915000.0,
        "Pretax Income": -1240569000.0,
        "Other Income Expense": -214977000.0,
        "Other Non Operating Income Expenses": -172524000.0,
        "Special Income Charges": -42453000.0,
        "Restructuring And Mergern Acquisition": 42453000.0,
        "Net Non Operating Interest Income Expense": -23656000.0,
        "Interest Expense Non Operating": 23656000.0,
        "Operating Income": -1001936000.0,
        "Operating Expense": 1643074000.0,
        "Other Operating Expenses": 422762000.0,
        "Research And Development": 609249000.0,
        "Selling General And Administration": 611063000.0,
        "Selling And Marketing Expense": 140894000.0,
        "General And Administrative Expense": 470169000.0,
        "Other Gand A": 470169000.0,
        "Gross Profit": 641138000.0,
        "Cost Of Revenue": 167187000.0,
        "Total Revenue": 808325000.0,
        "Operating Revenue": 802603000.0
    },
    "2023-06-30": {
        "Tax Effect Of Unusual Items": 217350.0,
        "Tax Rate For Calcs": 0.21,
        "Normalized EBITDA": -21064000.0,
        "Total Unusual Items": 1035000.0,
        "Total Unusual Items Excluding Goodwill": 1035000.0,
        "Net Income From Continuing Operation Net Minority Interest": -97405000.0,
        "Reconciled Depreciation": 36982000.0,
        "Reconciled Cost Of Revenue": 108200000.0,
        "EBITDA": -20029000.0,
        "EBIT": -57011000.0,
        "Net Interest Income": -21672000.0,
        "Interest Expense": 21672000.0,
        "Normalized Income": -98222650.0,
        "Net Income From Continuing And Discontinued Operation": -97405000.0,
        "Total Expenses": 782521000.0,
        "Total Operating Income As Reported": -73575000.0,
        "Diluted Average Shares": 234641000.0,
        "Basic Average Shares": 234614000.0,
        "Diluted EPS": -0.42,
        "Basic EPS": -0.42,
        "Diluted NI Availto Com Stockholders": -97601000.0,
        "Average Dilution Earnings": -196000.0,
        "Net Income Common Stockholders": -97405000.0,
        "Otherunder Preferred Stock Dividend": NaN,
        "Net Income": -97405000.0,
        "Net Income Including Noncontrolling Interests": -97405000.0,
        "Net Income Continuous Operations": -97405000.0,
        "Tax Provision": 18722000.0,
        "Pretax Income": -78683000.0,
        "Other Income Expense": 17599000.0,
        "Other Non Operating Income Expenses": 16564000.0,
        "Special Income Charges": 1035000.0,
        "Other Special Charges": NaN,
        "Write Off": NaN,
        "Impairment Of Capital Assets": NaN,
        "Restructuring And Mergern Acquisition": -1035000.0,
        "Gain On Sale Of Security": NaN,
        "Net Non Operating Interest Income Expense": -21672000.0,
        "Interest Expense Non Operating": 21672000.0,
        "Operating Income": -74610000.0,
        "Operating Expense": 674321000.0,
        "Other Operating Expenses": 10813000.0,
        "Research And Development": 320667000.0,
        "Selling General And Administration": 342841000.0,
        "Selling And Marketing Expense": 83853000.0,
        "General And Administrative Expense": 258988000.0,
        "Other Gand A": 258988000.0,
        "Salaries And Wages": NaN,
        "Gross Profit": 599711000.0,
        "Cost Of Revenue": 108200000.0,
        "Total Revenue": 707911000.0,
        "Operating Revenue": 662500000.0
    },
    "2022-03-31": {
        "Diluted EPS": -1.98,
        "Total Revenue": NaN,
        "Gross Profit": 889,
        "Operating Income": -554,
        "EBIT": -521,
        "Net Income": -430
    },
    "2021-12-31": {
        "Diluted EPS": 3.41,
        "Total Revenue": NaN,
        "Gross Profit": NaN,
        "Operating Income": 922,
        "EBIT": 948,
        "Net Income": NaN
    },
    "2021-09-30": {
        "Diluted EPS": 1.62,
        "Total Revenue": NaN,
        "Gross Profit": NaN,
        "Operating Income": 292,
        "EBIT": 311,
        "Net Income": 402
    },
    "2021-06-30": {
        "Diluted EPS": 6.42,
        "Total Revenue": NaN,
        "Gross Profit": NaN,
        "Operating Income": 875,
        "EBIT": 888,
        "Net Income": NaN
    },
    "2021-03-31": {
        "Diluted EPS": 3.05,
        "Total Revenue": NaN,
        "Gross Profit": NaN,
        "Operating Income": 988,
        "EBIT": 999,
        "Net Income": 302
    },
    "2020-12-31": {
        "Diluted EPS": 1.17,
        "Total Revenue": 585,
        "Gross Profit": 535,
        "Operating Income": 227,
        "EBIT": 235,
        "Net Income": 177
    },
    "2020-09-30": {
        "Diluted EPS": 0.23,
        "Total Revenue": 315,
        "Gross Profit": 279,
        "Operating Income": 102,
        "EBIT": 110,
        "Net Income": 17
    },
    "2020-06-30": {
        "Diluted EPS": 0.0,
        "Total Revenue": 186,
        "Gross Profit": 163,
        "Operating Income": 42,
        "EBIT": 50,
        "Net Income": 0
    },
    "2020-03-31": {
        "Diluted EPS": 0.0,
        "Total Revenue": 191,
        "Gross Profit": 165,
        "Operating Income": 39,
        "EBIT": 46,
        "Net Income": NaN
    },
    "2019-12-31": {
        "Diluted EPS": 0.0,
        "Total Revenue": NaN,
        "Gross Profit": NaN,
        "Operating Income": NaN,
        "EBIT": NaN,
        "Net Income": NaN
    },
    "2023-09-30": {
        "Tax Effect Of Unusual Items": 28494690.0,
        "Tax Rate For Calcs": 0.21,
        "Normalized EBITDA": -48240000.0,
        "Total Unusual Items": 135689000.0,
        "Total Unusual Items Excluding Goodwill": 135689000.0,
        "Net Income From Continuing Operation Net Minority Interest": -2265000.0,
        "Reconciled Depreciation": 31967000.0,
        "Reconciled Cost Of Revenue": 262998000.0,
        "EBITDA": 87449000.0,
        "EBIT": 55482000.0,
        "Net Interest Income": -20821000.0,
        "Interest Expense": 20821000.0,
        "Normalized Income": -109459310.0,
        "Net Income From Continuing And Discontinued Operation": -2265000.0,
        "Total Expenses": 759965000.0,
        "Total Operating Income As Reported": -79825000.0,
        "Diluted Average Shares": 237270000.0,
        "Basic Average Shares": 237270000.0,
        "Diluted EPS": -0.01,
        "Basic EPS": -0.01,
        "Diluted NI Availto Com Stockholders": -2265000.0,
        "Average Dilution Earnings": 0.0,
        "Net Income Common Stockholders": -2265000.0,
        "Otherunder Preferred Stock Dividend": NaN,
        "Net Income": -2265000.0,
        "Net Income Including Noncontrolling Interests": -2265000.0,
        "Net Income Continuous Operations": -2265000.0,
        "Tax Provision": 36926000.0,
        "Pretax Income": 34661000.0,
        "Other Income Expense": 141299000.0,
        "Other Non Operating Income Expenses": 5610000.0,
        "Special Income Charges": 75271000.0,
        "Other Special Charges": -81591000.0,
        "Write Off": NaN,
        "Impairment Of Capital Assets": 7180000.0,
        "Restructuring And Mergern Acquisition": -860000.0,
        "Gain On Sale Of Security": 60418000.0,
        "Net Non Operating Interest Income Expense": -20821000.0,
        "Interest Expense Non Operating": 20821000.0,
        "Operating Income": -85817000.0,
        "Operating Expense": 496967000.0,
        "Other Operating Expenses": 15824000.0,
        "Research And Development": 322756000.0,
        "Selling General And Administration": 158387000.0,
        "Selling And Marketing Expense": 40026000.0,
        "General And Administrative Expense": 118361000.0,
        "Other Gand A": 118361000.0,
        "Salaries And Wages": 172421000.0,
        "Gross Profit": 411150000.0,
        "Cost Of Revenue": 262998000.0,
        "Total Revenue": 674148000.0,
        "Operating Revenue": 623004000.0
    },
    "2023-12-31": {
        "Tax Effect Of Unusual Items": 9949800.0,
        "Tax Rate For Calcs": 0.21,
        "Normalized EBITDA": 133695000.0,
        "Total Unusual Items": 47380000.0,
        "Total Unusual Items Excluding Goodwill": 47380000.0,
        "Net Income From Continuing Operation Net Minority Interest": 273437000.0,
        "Reconciled Depreciation": 29485000.0,
        "Reconciled Cost Of Revenue": 275400000.0,
        "EBITDA": 181075000.0,
        "EBIT": 151590000.0,
        "Net Interest Income": -18737000.0,
        "Interest Expense": 18737000.0,
        "Normalized Income": 236006800.0,
        "Net Income From Continuing And Discontinued Operation": 273437000.0,
        "Total Expenses": 881280000.0,
        "Total Operating Income As Reported": 115613000.0,
        "Diluted Average Shares": NaN,
        "Basic Average Shares": NaN,
        "Diluted EPS": NaN,
        "Basic EPS": NaN,
        "Diluted NI Availto Com Stockholders": 273317000.0,
        "Average Dilution Earnings": -1000.0,
        "Net Income Common Stockholders": 273318000.0,
        "Otherunder Preferred Stock Dividend": NaN,
        "Net Income": 273437000.0,
        "Net Income Including Noncontrolling Interests": 273437000.0,
        "Net Income Continuous Operations": 273437000.0,
        "Tax Provision": -140584000.0,
        "Pretax Income": 132853000.0,
        "Other Income Expense": 79075000.0,
        "Other Non Operating Income Expenses": 31695000.0,
        "Special Income Charges": 69701000.0,
        "Other Special Charges": -17937000.0,
        "Write Off": NaN,
        "Impairment Of Capital Assets": -51764000.0,
        "Restructuring And Mergern Acquisition": 0.0,
        "Gain On Sale Of Security": -22321000.0,
        "Net Non Operating Interest Income Expense": -18737000.0,
        "Interest Expense Non Operating": 18737000.0,
        "Operating Income": 72515000.0,
        "Operating Expense": 605880000.0,
        "Other Operating Expenses": 45400000.0,
        "Research And Development": 323087000.0,
        "Selling General And Administration": 237393000.0,
        "Selling And Marketing Expense": 72299000.0,
        "General And Administrative Expense": 165094000.0,
        "Other Gand A": 165094000.0,
        "Salaries And Wages": 149841000.0,
        "Gross Profit": 678395000.0,
        "Cost Of Revenue": 275400000.0,
        "Total Revenue": 953795000.0,
        "Operating Revenue": 904638000.0
    },
    "2024-03-31": {
        "Tax Effect Of Unusual Items": 124681284.0,
        "Tax Rate For Calcs": 0.182,
        "Normalized EBITDA": 800760000.0,
        "Total Unusual Items": 685062000.0,
        "Total Unusual Items Excluding Goodwill": 685062000.0,
        "Net Income From Continuing Operation Net Minority Interest": 1176245000.0,
        "Reconciled Depreciation": 29327000.0,
        "Reconciled Cost Of Revenue": 390369000.0,
        "EBITDA": 1485822000.0,
        "EBIT": 1456495000.0,
        "Net Interest Income": -19071000.0,
        "Interest Expense": 19071000.0,
        "Normalized Income": 615864284.0,
        "Net Income From Continuing And Discontinued Operation": 1176245000.0,
        "Total Expenses": 875530000.0,
        "Total Operating Income As Reported": 760461000.0,
        "Diluted Average Shares": 267945000.0,
        "Basic Average Shares": 242793000.0,
        "Diluted EPS": 4.4,
        "Basic EPS": 4.84,
        "Diluted NI Availto Com Stockholders": 1176245000.0,
        "Average Dilution Earnings": NaN,
        "Net Income Common Stockholders": 1176245000.0,
        "Otherunder Preferred Stock Dividend": NaN,
        "Net Income": 1176245000.0,
        "Net Income Including Noncontrolling Interests": 1176245000.0,
        "Net Income Continuous Operations": 1176245000.0,
        "Tax Provision": 261179000.0,
        "Pretax Income": 1437424000.0,
        "Other Income Expense": 694455000.0,
        "Other Non Operating Income Expenses": 9393000.0,
        "Special Income Charges": 0.0,
        "Other Special Charges": NaN,
        "Write Off": 0.0,
        "Impairment Of Capital Assets": NaN,
        "Restructuring And Mergern Acquisition": 0.0,
        "Gain On Sale Of Security": 685062000.0,
        "Net Non Operating Interest Income Expense": -19071000.0,
        "Interest Expense Non Operating": 19071000.0,
        "Operating Income": 762040000.0,
        "Operating Expense": 485161000.0,
        "Other Operating Expenses": -85561000.0,
        "Research And Development": 357863000.0,
        "Selling General And Administration": 212859000.0,
        "Selling And Marketing Expense": 63093000.0,
        "General And Administrative Expense": 149766000.0,
        "Other Gand A": 149766000.0,
        "Salaries And Wages": NaN,
        "Gross Profit": 1247201000.0,
        "Cost Of Revenue": 390369000.0,
        "Total Revenue": 1637570000.0,
        "Operating Revenue": 1587677000.0
    },
    "2024-06-30": {
        "Tax Effect Of Unusual Items": -82686450.0,
        "Tax Rate For Calcs": 0.21,
        "Normalized EBITDA": 388516000.0,
        "Total Unusual Items": -393745000.0,
        "Total Unusual Items Excluding Goodwill": -393745000.0,
        "Net Income From Continuing Operation Net Minority Interest": 36150000.0,
        "Reconciled Depreciation": 34501000.0,
        "Reconciled Cost Of Revenue": 362482000.0,
        "EBITDA": -5229000.0,
        "EBIT": -39730000.0,
        "Net Interest Income": -20507000.0,
        "Interest Expense": 20507000.0,
        "Normalized Income": 347208550.0,
        "Net Income From Continuing And Discontinued Operation": 36150000.0,
        "Total Expenses": 1103873000.0,
        "Total Operating Income As Reported": 343117000.0,
        "Diluted Average Shares": 266831000.0,
        "Basic Average Shares": 246298000.0,
        "Diluted EPS": 0.14,
        "Basic EPS": 0.15,
        "Diluted NI Availto Com Stockholders": 36105000.0,
        "Average Dilution Earnings": -22000.0,
        "Net Income Common Stockholders": 36127000.0,
        "Otherunder Preferred Stock Dividend": 23000.0,
        "Net Income": 36150000.0,
        "Net Income Including Noncontrolling Interests": 36150000.0,
        "Net Income Continuous Operations": 36150000.0,
        "Tax Provision": -96387000.0,
        "Pretax Income": -60237000.0,
        "Other Income Expense": -385485000.0,
        "Other Non Operating Income Expenses": 8260000.0,
        "Special Income Charges": 0.0,
        "Other Special Charges": NaN,
        "Write Off": NaN,
        "Impairment Of Capital Assets": 0.0,
        "Restructuring And Mergern Acquisition": 0.0,
        "Gain On Sale Of Security": -393745000.0,
        "Net Non Operating Interest Income Expense": -20507000.0,
        "Interest Expense Non Operating": 20507000.0,
        "Operating Income": 345755000.0,
        "Operating Expense": 741391000.0,
        "Other Operating Expenses": 62761000.0,
        "Research And Development": 364258000.0,
        "Selling General And Administration": 314372000.0,
        "Selling And Marketing Expense": 126904000.0,
        "General And Administrative Expense": 187468000.0,
        "Other Gand A": 187468000.0,
        "Salaries And Wages": NaN,
        "Gross Profit": 1087146000.0,
        "Cost Of Revenue": 362482000.0,
        "Total Revenue": 1449628000.0,
        "Operating Revenue": 1379942000.0
    }
}