{
    "2023-03-31": {
        "Tax Effect Of Unusual Items": NaN,
        "Tax Rate For Calcs": NaN,
        "Normalized EBITDA": NaN,
        "Total Unusual Items": NaN,
        "Total Unusual Items Excluding Goodwill": NaN,
        "Net Income From Continuing Operation Net Minority Interest": NaN,
        "Reconciled Depreciation": NaN,
        "Reconciled Cost Of Revenue": NaN,
        "EBITDA": NaN,
        "EBIT": NaN,
        "Net Interest Income": NaN,
        "Interest Expense": NaN,
        "Interest Income": NaN,
        "Normalized Income": NaN,
        "Net Income From Continuing And Discontinued Operation": NaN,
        "Total Expenses": NaN,
        "Total Operating Income As Reported": NaN,
        "Diluted Average Shares": 212100000.0,
        "Basic Average Shares": 208900000.0,
        "Diluted EPS": -0.06,
        "Basic EPS": -0.06,
        "Diluted NI Availto Com Stockholders": NaN,
        "Net Income Common Stockholders": NaN,
        "Preferred Stock Dividends": NaN,
        "Net Income": NaN,
        "Net Income Including Noncontrolling Interests": NaN,
        "Net Income Discontinuous Operations": -26400000.0,
        "Net Income Continuous Operations": NaN,
        "Tax Provision": NaN,
        "Pretax Income": NaN,
        "Other Income Expense": NaN,
        "Other Non Operating Income Expenses": NaN,
        "Special Income Charges": NaN,
        "Gain On Sale Of Business": 0.0,
        "Write Off": NaN,
        "Restructuring And Mergern Acquisition": NaN,
        "Gain On Sale Of Security": -1700000.0,
        "Net Non Operating Interest Income Expense": NaN,
        "Interest Expense Non Operating": NaN,
        "Interest Income Non Operating": NaN,
        "Operating Income": NaN,
        "Operating Expense": NaN,
        "Depreciation Amortization Depletion Income Statement": NaN,
        "Depreciation And Amortization In Income Statement": NaN,
        "Amortization": NaN,
        "Amortization Of Intangibles Income Statement": NaN,
        "Research And Development": NaN,
        "Selling General And Administration": NaN,
        "Gross Profit": NaN,
        "Cost Of Revenue": NaN,
        "Total Revenue": NaN,
        "Operating Revenue": NaN
    },
    "2022-12-31": {
        "Tax Effect Of Unusual Items": NaN,
        "Tax Rate For Calcs": NaN,
        "Normalized EBITDA": NaN,
        "Total Unusual Items": NaN,
        "Total Unusual Items Excluding Goodwill": NaN,
        "Net Income From Continuing Operation Net Minority Interest": NaN,
        "Reconciled Depreciation": NaN,
        "Reconciled Cost Of Revenue": NaN,
        "EBITDA": NaN,
        "EBIT": NaN,
        "Net Interest Income": NaN,
        "Interest Expense": NaN,
        "Interest Income": NaN,
        "Normalized Income": NaN,
        "Net Income From Continuing And Discontinued Operation": NaN,
        "Total Expenses": NaN,
        "Total Operating Income As Reported": NaN,
        "Diluted Average Shares": 208400000.0,
        "Basic Average Shares": 208400000.0,
        "Diluted EPS": -5.39,
        "Basic EPS": -5.39,
        "Diluted NI Availto Com Stockholders": NaN,
        "Net Income Common Stockholders": NaN,
        "Preferred Stock Dividends": NaN,
        "Net Income": NaN,
        "Net Income Including Noncontrolling Interests": NaN,
        "Net Income Discontinuous Operations": NaN,
        "Net Income Continuous Operations": NaN,
        "Tax Provision": NaN,
        "Pretax Income": NaN,
        "Other Income Expense": NaN,
        "Other Non Operating Income Expenses": NaN,
        "Special Income Charges": NaN,
        "Gain On Sale Of Business": NaN,
        "Write Off": NaN,
        "Restructuring And Mergern Acquisition": NaN,
        "Gain On Sale Of Security": NaN,
        "Net Non Operating Interest Income Expense": NaN,
        "Interest Expense Non Operating": NaN,
        "Interest Income Non Operating": NaN,
        "Operating Income": NaN,
        "Operating Expense": NaN,
        "Depreciation Amortization Depletion Income Statement": NaN,
        "Depreciation And Amortization In Income Statement": NaN,
        "Amortization": NaN,
        "Amortization Of Intangibles Income Statement": NaN,
        "Research And Development": NaN,
        "Selling General And Administration": NaN,
        "Gross Profit": NaN,
        "Cost Of Revenue": NaN,
        "Total Revenue": NaN,
        "Operating Revenue": NaN
    },
    "2022-09-30": {
        "Tax Effect Of Unusual Items": NaN,
        "Tax Rate For Calcs": NaN,
        "Normalized EBITDA": NaN,
        "Total Unusual Items": NaN,
        "Total Unusual Items Excluding Goodwill": NaN,
        "Net Income From Continuing Operation Net Minority Interest": NaN,
        "Reconciled Depreciation": NaN,
        "Reconciled Cost Of Revenue": NaN,
        "EBITDA": NaN,
        "EBIT": NaN,
        "Net Interest Income": NaN,
        "Interest Expense": NaN,
        "Interest Income": NaN,
        "Normalized Income": NaN,
        "Net Income From Continuing And Discontinued Operation": NaN,
        "Total Expenses": NaN,
        "Total Operating Income As Reported": NaN,
        "Diluted Average Shares": NaN,
        "Basic Average Shares": NaN,
        "Diluted EPS": NaN,
        "Basic EPS": NaN,
        "Diluted NI Availto Com Stockholders": NaN,
        "Net Income Common Stockholders": NaN,
        "Preferred Stock Dividends": NaN,
        "Net Income": NaN,
        "Net Income Including Noncontrolling Interests": NaN,
        "Net Income Discontinuous Operations": NaN,
        "Net Income Continuous Operations": NaN,
        "Tax Provision": NaN,
        "Pretax Income": NaN,
        "Other Income Expense": NaN,
        "Other Non Operating Income Expenses": NaN,
        "Special Income Charges": NaN,
        "Gain On Sale Of Business": NaN,
        "Write Off": 0.0,
        "Restructuring And Mergern Acquisition": NaN,
        "Gain On Sale Of Security": 3600000.0,
        "Net Non Operating Interest Income Expense": NaN,
        "Interest Expense Non Operating": NaN,
        "Interest Income Non Operating": NaN,
        "Operating Income": NaN,
        "Operating Expense": NaN,
        "Depreciation Amortization Depletion Income Statement": NaN,
        "Depreciation And Amortization In Income Statement": NaN,
        "Amortization": NaN,
        "Amortization Of Intangibles Income Statement": NaN,
        "Research And Development": NaN,
        "Selling General And Administration": NaN,
        "Gross Profit": NaN,
        "Cost Of Revenue": NaN,
        "Total Revenue": NaN,
        "Operating Revenue": NaN
    },
    "2022-06-30": {
        "Tax Effect Of Unusual Items": -7067549.668874,
        "Tax Rate For Calcs": 0.192053,
        "Normalized EBITDA": 277500000.0,
        "Total Unusual Items": -36800000.0,
        "Total Unusual Items Excluding Goodwill": -36800000.0,
        "Net Income From Continuing Operation Net Minority Interest": -61000000.0,
        "Reconciled Depreciation": 176100000.0,
        "Reconciled Cost Of Revenue": 1579900000.0,
        "EBITDA": 240700000.0,
        "EBIT": 64600000.0,
        "Net Interest Income": -139600000.0,
        "Interest Expense": 140100000.0,
        "Interest Income": 500000.0,
        "Normalized Income": -31267549.668874,
        "Net Income From Continuing And Discontinued Operation": -61000000.0,
        "Total Expenses": 2198600000.0,
        "Total Operating Income As Reported": 63100000.0,
        "Diluted Average Shares": 207600000.0,
        "Basic Average Shares": 207600000.0,
        "Diluted EPS": -0.36,
        "Basic EPS": -0.36,
        "Diluted NI Availto Com Stockholders": -75700000.0,
        "Net Income Common Stockholders": -75700000.0,
        "Preferred Stock Dividends": 14700000.0,
        "Net Income": -61000000.0,
        "Net Income Including Noncontrolling Interests": -61000000.0,
        "Net Income Continuous Operations": -61000000.0,
        "Tax Provision": -14500000.0,
        "Pretax Income": -75500000.0,
        "Other Income Expense": -37500000.0,
        "Other Non Operating Income Expenses": -700000.0,
        "Special Income Charges": -38500000.0,
        "Write Off": NaN,
        "Restructuring And Mergern Acquisition": 38500000.0,
        "Gain On Sale Of Security": 1700000.0,
        "Net Non Operating Interest Income Expense": -139600000.0,
        "Interest Expense Non Operating": 140100000.0,
        "Interest Income Non Operating": 500000.0,
        "Operating Income": 101600000.0,
        "Operating Expense": 581600000.0,
        "Depreciation Amortization Depletion Income Statement": 139000000.0,
        "Depreciation And Amortization In Income Statement": 139000000.0,
        "Amortization": 139000000.0,
        "Amortization Of Intangibles Income Statement": 139000000.0,
        "Research And Development": 165400000.0,
        "Selling General And Administration": 277200000.0,
        "Gross Profit": 683200000.0,
        "Cost Of Revenue": 1617000000.0,
        "Total Revenue": 2300200000.0,
        "Operating Revenue": 2300200000.0
    },
    "2023-06-30": {
        "Tax Effect Of Unusual Items": NaN,
        "Tax Rate For Calcs": NaN,
        "Normalized EBITDA": NaN,
        "Total Unusual Items": NaN,
        "Total Unusual Items Excluding Goodwill": NaN,
        "Net Income From Continuing Operation Net Minority Interest": NaN,
        "Reconciled Depreciation": NaN,
        "Reconciled Cost Of Revenue": NaN,
        "EBITDA": NaN,
        "EBIT": NaN,
        "Net Interest Income": NaN,
        "Interest Expense": NaN,
        "Interest Income": NaN,
        "Normalized Income": NaN,
        "Net Income From Continuing And Discontinued Operation": NaN,
        "Total Expenses": NaN,
        "Total Operating Income As Reported": NaN,
        "Diluted Average Shares": 210500000.0,
        "Basic Average Shares": 210500000.0,
        "Diluted EPS": -0.55,
        "Basic EPS": -0.55,
        "Diluted NI Availto Com Stockholders": NaN,
        "Net Income Common Stockholders": NaN,
        "Preferred Stock Dividends": NaN,
        "Net Income": NaN,
        "Net Income Including Noncontrolling Interests": NaN,
        "Net Income Discontinuous Operations": -37300000.0,
        "Net Income Continuous Operations": NaN,
        "Tax Provision": NaN,
        "Pretax Income": NaN,
        "Other Income Expense": NaN,
        "Other Non Operating Income Expenses": NaN,
        "Special Income Charges": NaN,
        "Gain On Sale Of Business": 0.0,
        "Write Off": NaN,
        "Restructuring And Mergern Acquisition": NaN,
        "Gain On Sale Of Security": -1600000.0,
        "Net Non Operating Interest Income Expense": NaN,
        "Interest Expense Non Operating": NaN,
        "Interest Income Non Operating": NaN,
        "Operating Income": NaN,
        "Operating Expense": NaN,
        "Depreciation Amortization Depletion Income Statement": NaN,
        "Depreciation And Amortization In Income Statement": NaN,
        "Amortization": NaN,
        "Amortization Of Intangibles Income Statement": NaN,
        "Research And Development": NaN,
        "Selling General And Administration": NaN,
        "Gross Profit": NaN,
        "Cost Of Revenue": NaN,
        "Total Revenue": NaN,
        "Operating Revenue": NaN
    },
    "2022-03-31": {
        "Diluted EPS": -0.75,
        "Total Revenue": NaN,
        "Gross Profit": 636,
        "Operating Income": 27,
        "EBIT": 207,
        "Net Income": -154
    },
    "2021-12-31": {
        "Diluted EPS": -0.5,
        "Total Revenue": NaN,
        "Gross Profit": 686,
        "Operating Income": 37,
        "EBIT": 228,
        "Net Income": -101
    },
    "2021-09-30": {
        "Diluted EPS": -0.68,
        "Total Revenue": NaN,
        "Gross Profit": 653,
        "Operating Income": 21,
        "EBIT": 224,
        "Net Income": -139
    },
    "2021-06-30": {
        "Diluted EPS": -0.82,
        "Total Revenue": NaN,
        "Gross Profit": 673,
        "Operating Income": -18,
        "EBIT": 175,
        "Net Income": -168
    },
    "2021-03-31": {
        "Diluted EPS": -0.55,
        "Total Revenue": NaN,
        "Gross Profit": 672,
        "Operating Income": 9,
        "EBIT": 208,
        "Net Income": -112
    },
    "2020-12-31": {
        "Diluted EPS": 0.06,
        "Total Revenue": NaN,
        "Gross Profit": 715,
        "Operating Income": 119,
        "EBIT": 324,
        "Net Income": 10
    },
    "2020-09-30": {
        "Diluted EPS": -0.66,
        "Total Revenue": NaN,
        "Gross Profit": 736,
        "Operating Income": 56,
        "EBIT": 266,
        "Net Income": -130
    },
    "2020-06-30": {
        "Diluted EPS": -1.71,
        "Total Revenue": NaN,
        "Gross Profit": 656,
        "Operating Income": -195,
        "EBIT": 9,
        "Net Income": -335
    },
    "2020-03-31": {
        "Diluted EPS": -0.89,
        "Total Revenue": NaN,
        "Gross Profit": 641,
        "Operating Income": -32,
        "EBIT": 174,
        "Net Income": -174
    },
    "2019-12-31": {
        "Diluted EPS": -2.32,
        "Total Revenue": NaN,
        "Gross Profit": 736,
        "Operating Income": -339,
        "EBIT": -83,
        "Net Income": -451
    },
    "2019-09-30": {
        "Diluted EPS": -0.88,
        "Total Revenue": NaN,
        "Gross Profit": 610,
        "Operating Income": -51,
        "EBIT": 163,
        "Net Income": -170
    },
    "2019-06-30": {
        "Diluted EPS": -1.81,
        "Total Revenue": NaN,
        "Gross Profit": 660,
        "Operating Income": -209,
        "EBIT": 8,
        "Net Income": -350
    },
    "2019-03-31": {
        "Diluted EPS": -0.01,
        "Total Revenue": NaN,
        "Gross Profit": 398,
        "Operating Income": 91,
        "EBIT": 174,
        "Net Income": -2
    },
    "2018-12-31": {
        "Diluted EPS": -0.12,
        "Total Revenue": NaN,
        "Gross Profit": 355,
        "Operating Income": 49,
        "EBIT": 134,
        "Net Income": -23
    },
    "2018-09-30": {
        "Diluted EPS": 0.33,
        "Total Revenue": NaN,
        "Gross Profit": 410,
        "Operating Income": 132,
        "EBIT": 227,
        "Net Income": 64
    },
    "2018-06-30": {
        "Diluted EPS": 0.34,
        "Total Revenue": NaN,
        "Gross Profit": 457,
        "Operating Income": 165,
        "EBIT": 254,
        "Net Income": 66
    },
    "2018-03-31": {
        "Diluted EPS": 0.17,
        "Total Revenue": NaN,
        "Gross Profit": 411,
        "Operating Income": 104,
        "EBIT": 193,
        "Net Income": 34
    },
    "2017-12-31": {
        "Diluted EPS": 0.27,
        "Total Revenue": NaN,
        "Gross Profit": 351,
        "Operating Income": 90,
        "EBIT": 186,
        "Net Income": 54
    },
    "2017-09-30": {
        "Diluted EPS": 0.26,
        "Total Revenue": NaN,
        "Gross Profit": 429,
        "Operating Income": 125,
        "EBIT": 218,
        "Net Income": 51
    },
    "2017-06-30": {
        "Diluted EPS": 0.28,
        "Total Revenue": NaN,
        "Gross Profit": 472,
        "Operating Income": 136,
        "EBIT": 226,
        "Net Income": 55
    },
    "2017-03-31": {
        "Diluted EPS": 0.17,
        "Total Revenue": NaN,
        "Gross Profit": 454,
        "Operating Income": 120,
        "EBIT": 220,
        "Net Income": 34
    },
    "2016-12-31": {
        "Diluted EPS": 0.27,
        "Total Revenue": NaN,
        "Gross Profit": 486,
        "Operating Income": 112,
        "EBIT": 210,
        "Net Income": 54
    },
    "2016-09-30": {
        "Diluted EPS": 0.48,
        "Total Revenue": NaN,
        "Gross Profit": 543,
        "Operating Income": 181,
        "EBIT": 282,
        "Net Income": 94
    },
    "2016-06-30": {
        "Diluted EPS": 0.32,
        "Total Revenue": NaN,
        "Gross Profit": 554,
        "Operating Income": 184,
        "EBIT": 287,
        "Net Income": 62
    },
    "2016-03-31": {
        "Diluted EPS": 0.06,
        "Total Revenue": NaN,
        "Gross Profit": 447,
        "Operating Income": 91,
        "EBIT": 188,
        "Net Income": 13
    },
    "2015-12-31": {
        "Diluted EPS": -0.39,
        "Total Revenue": NaN,
        "Gross Profit": 399,
        "Operating Income": 22,
        "EBIT": 126,
        "Net Income": -75
    },
    "2015-09-30": {
        "Diluted EPS": -0.42,
        "Total Revenue": 973,
        "Gross Profit": 339,
        "Operating Income": -43,
        "EBIT": 31,
        "Net Income": -81
    },
    "2015-06-30": {
        "Diluted EPS": 0.24,
        "Total Revenue": 867,
        "Gross Profit": 315,
        "Operating Income": 109,
        "EBIT": 176,
        "Net Income": 46
    },
    "2015-03-31": {
        "Diluted EPS": 0.2,
        "Total Revenue": 825,
        "Gross Profit": 293,
        "Operating Income": 93,
        "EBIT": 153,
        "Net Income": 39
    },
    "2014-12-31": {
        "Diluted EPS": 0.25,
        "Total Revenue": 828,
        "Gross Profit": 285,
        "Operating Income": 76,
        "EBIT": 137,
        "Net Income": 48
    },
    "2014-09-30": {
        "Diluted EPS": 0.5,
        "Total Revenue": NaN,
        "Gross Profit": 362,
        "Operating Income": 151,
        "EBIT": 211,
        "Net Income": 96
    },
    "2014-06-30": {
        "Diluted EPS": 0.15,
        "Total Revenue": NaN,
        "Gross Profit": 412,
        "Operating Income": 204,
        "EBIT": 283,
        "Net Income": 28
    },
    "2014-03-31": {
        "Diluted EPS": 0.34,
        "Total Revenue": 935,
        "Gross Profit": 338,
        "Operating Income": 147,
        "EBIT": 206,
        "Net Income": 64
    },
    "2013-12-31": {
        "Diluted EPS": -0.06,
        "Total Revenue": 847,
        "Gross Profit": 292,
        "Operating Income": 60,
        "EBIT": 133,
        "Net Income": -9
    },
    "2013-09-30": {
        "Diluted EPS": 0.07,
        "Total Revenue": 888,
        "Gross Profit": 310,
        "Operating Income": 100,
        "EBIT": 162,
        "Net Income": 11
    },
    "2013-06-30": {
        "Diluted EPS": 0.01,
        "Total Revenue": 941,
        "Gross Profit": 334,
        "Operating Income": 94,
        "EBIT": 155,
        "Net Income": 1
    },
    "2013-03-31": {
        "Diluted EPS": 0.1,
        "Total Revenue": 805,
        "Gross Profit": 265,
        "Operating Income": 75,
        "EBIT": 136,
        "Net Income": 16
    },
    "2012-12-31": {
        "Diluted EPS": 0.0,
        "Total Revenue": NaN,
        "Gross Profit": NaN,
        "Operating Income": NaN,
        "EBIT": NaN,
        "Net Income": NaN
    },
    "2012-09-30": {
        "Diluted EPS": 0.03,
        "Total Revenue": 894,
        "Gross Profit": 303,
        "Operating Income": 73,
        "EBIT": 138,
        "Net Income": 5
    },
    "2012-06-30": {
        "Diluted EPS": 0.04,
        "Total Revenue": 836,
        "Gross Profit": 263,
        "Operating Income": 65,
        "EBIT": 65,
        "Net Income": 7
    },
    "2011-12-31": {
        "Diluted EPS": 0.0,
        "Total Revenue": NaN,
        "Gross Profit": NaN,
        "Operating Income": NaN,
        "EBIT": NaN,
        "Net Income": NaN
    },
    "2010-12-31": {
        "Diluted EPS": 0.0,
        "Total Revenue": NaN,
        "Gross Profit": NaN,
        "Operating Income": NaN,
        "EBIT": NaN,
        "Net Income": NaN
    },
    "2023-09-30": {
        "Tax Effect Of Unusual Items": -27221185.993313,
        "Tax Rate For Calcs": 0.060707,
        "Normalized EBITDA": 190100000.0,
        "Total Unusual Items": -448400000.0,
        "Total Unusual Items Excluding Goodwill": -448400000.0,
        "Net Income From Continuing Operation Net Minority Interest": -533800000.0,
        "Reconciled Depreciation": 138700000.0,
        "Reconciled Cost Of Revenue": 603400000.0,
        "EBITDA": -258300000.0,
        "EBIT": -397000000.0,
        "Net Interest Income": -167900000.0,
        "Interest Expense": 171300000.0,
        "Interest Income": 3400000.0,
        "Normalized Income": -112621185.993313,
        "Net Income From Continuing And Discontinued Operation": -828700000.0,
        "Total Expenses": 1013900000.0,
        "Total Operating Income As Reported": -408400000.0,
        "Diluted Average Shares": 211900000.0,
        "Basic Average Shares": 211900000.0,
        "Diluted EPS": -3.98,
        "Basic EPS": -3.98,
        "Diluted NI Availto Com Stockholders": -844200000.0,
        "Net Income Common Stockholders": -844200000.0,
        "Preferred Stock Dividends": 15500000.0,
        "Net Income": -828700000.0,
        "Net Income Including Noncontrolling Interests": -828700000.0,
        "Net Income Discontinuous Operations": -294900000.0,
        "Net Income Continuous Operations": -533800000.0,
        "Tax Provision": -34500000.0,
        "Pretax Income": -568300000.0,
        "Other Income Expense": -439900000.0,
        "Other Non Operating Income Expenses": 8500000.0,
        "Special Income Charges": -447900000.0,
        "Gain On Sale Of Business": 0.0,
        "Write Off": 425900000.0,
        "Restructuring And Mergern Acquisition": 22000000.0,
        "Gain On Sale Of Security": -500000.0,
        "Net Non Operating Interest Income Expense": -167900000.0,
        "Interest Expense Non Operating": 171300000.0,
        "Interest Income Non Operating": 3400000.0,
        "Operating Income": 39500000.0,
        "Operating Expense": 340700000.0,
        "Depreciation Amortization Depletion Income Statement": 68900000.0,
        "Depreciation And Amortization In Income Statement": 68900000.0,
        "Amortization": 68900000.0,
        "Amortization Of Intangibles Income Statement": 68900000.0,
        "Research And Development": 85400000.0,
        "Selling General And Administration": 186400000.0,
        "Gross Profit": 380200000.0,
        "Cost Of Revenue": 673200000.0,
        "Total Revenue": 1053400000.0,
        "Operating Revenue": 1053400000.0
    },
    "2023-12-31": {
        "Tax Effect Of Unusual Items": 73521000.0,
        "Tax Rate For Calcs": 0.21,
        "Normalized EBITDA": 305600000.0,
        "Total Unusual Items": 350100000.0,
        "Total Unusual Items Excluding Goodwill": 350100000.0,
        "Net Income From Continuing Operation Net Minority Interest": 74400000.0,
        "Reconciled Depreciation": 119000000.0,
        "Reconciled Cost Of Revenue": -23400000.0,
        "EBITDA": 655700000.0,
        "EBIT": 536700000.0,
        "Net Interest Income": -167600000.0,
        "Interest Expense": 170900000.0,
        "Interest Income": 3300000.0,
        "Normalized Income": -202179000.0,
        "Net Income From Continuing And Discontinued Operation": -525200000.0,
        "Total Expenses": 127400000.0,
        "Total Operating Income As Reported": 488200000.0,
        "Diluted Average Shares": NaN,
        "Basic Average Shares": NaN,
        "Diluted EPS": NaN,
        "Basic EPS": NaN,
        "Diluted NI Availto Com Stockholders": -541100000.0,
        "Net Income Common Stockholders": -541100000.0,
        "Preferred Stock Dividends": 15900000.0,
        "Net Income": -525200000.0,
        "Net Income Including Noncontrolling Interests": -525200000.0,
        "Net Income Discontinuous Operations": NaN,
        "Net Income Continuous Operations": 74400000.0,
        "Tax Provision": 291400000.0,
        "Pretax Income": 365800000.0,
        "Other Income Expense": 391000000.0,
        "Other Non Operating Income Expenses": 40900000.0,
        "Special Income Charges": 345800000.0,
        "Gain On Sale Of Business": NaN,
        "Write Off": -323700000.0,
        "Restructuring And Mergern Acquisition": -22100000.0,
        "Gain On Sale Of Security": NaN,
        "Net Non Operating Interest Income Expense": -167600000.0,
        "Interest Expense Non Operating": 170900000.0,
        "Interest Income Non Operating": 3300000.0,
        "Operating Income": 142400000.0,
        "Operating Expense": 150800000.0,
        "Depreciation Amortization Depletion Income Statement": -2000000.0,
        "Depreciation And Amortization In Income Statement": -2000000.0,
        "Amortization": -2000000.0,
        "Amortization Of Intangibles Income Statement": -2000000.0,
        "Research And Development": 27600000.0,
        "Selling General And Administration": 125200000.0,
        "Gross Profit": 293200000.0,
        "Cost Of Revenue": -23400000.0,
        "Total Revenue": 269800000.0,
        "Operating Revenue": 269800000.0
    },
    "2024-03-31": {
        "Tax Effect Of Unusual Items": -4578000.0,
        "Tax Rate For Calcs": 0.21,
        "Normalized EBITDA": 139900000.0,
        "Total Unusual Items": -21800000.0,
        "Total Unusual Items Excluding Goodwill": -21800000.0,
        "Net Income From Continuing Operation Net Minority Interest": -262100000.0,
        "Reconciled Depreciation": 112700000.0,
        "Reconciled Cost Of Revenue": 727700000.0,
        "EBITDA": 118100000.0,
        "EBIT": 5400000.0,
        "Net Interest Income": -164100000.0,
        "Interest Expense": 167700000.0,
        "Interest Income": 3600000.0,
        "Normalized Income": -244878000.0,
        "Net Income From Continuing And Discontinued Operation": -359200000.0,
        "Total Expenses": 1144500000.0,
        "Total Operating Income As Reported": 2900000.0,
        "Diluted Average Shares": 212300000.0,
        "Basic Average Shares": 212300000.0,
        "Diluted EPS": -1.77,
        "Basic EPS": -1.77,
        "Diluted NI Availto Com Stockholders": -375200000.0,
        "Net Income Common Stockholders": -375200000.0,
        "Preferred Stock Dividends": 16000000.0,
        "Net Income": -359200000.0,
        "Net Income Including Noncontrolling Interests": -359200000.0,
        "Net Income Discontinuous Operations": -97100000.0,
        "Net Income Continuous Operations": -262100000.0,
        "Tax Provision": 99800000.0,
        "Pretax Income": -162300000.0,
        "Other Income Expense": -22100000.0,
        "Other Non Operating Income Expenses": -300000.0,
        "Special Income Charges": -21000000.0,
        "Gain On Sale Of Business": 9600000.0,
        "Write Off": NaN,
        "Restructuring And Mergern Acquisition": 30600000.0,
        "Gain On Sale Of Security": -800000.0,
        "Net Non Operating Interest Income Expense": -164100000.0,
        "Interest Expense Non Operating": 167700000.0,
        "Interest Income Non Operating": 3600000.0,
        "Operating Income": 23900000.0,
        "Operating Expense": 378300000.0,
        "Depreciation Amortization Depletion Income Statement": 74200000.0,
        "Depreciation And Amortization In Income Statement": 74200000.0,
        "Amortization": 74200000.0,
        "Amortization Of Intangibles Income Statement": 74200000.0,
        "Research And Development": 104400000.0,
        "Selling General And Administration": 199700000.0,
        "Gross Profit": 402200000.0,
        "Cost Of Revenue": 766200000.0,
        "Total Revenue": 1168400000.0,
        "Operating Revenue": 1168400000.0
    },
    "2024-06-30": {
        "Tax Effect Of Unusual Items": 1638000.0,
        "Tax Rate For Calcs": 0.21,
        "Normalized EBITDA": 280600000.0,
        "Total Unusual Items": 7800000.0,
        "Total Unusual Items Excluding Goodwill": 7800000.0,
        "Net Income From Continuing Operation Net Minority Interest": 74800000.0,
        "Reconciled Depreciation": 89800000.0,
        "Reconciled Cost Of Revenue": 809900000.0,
        "EBITDA": 288400000.0,
        "EBIT": 198600000.0,
        "Net Interest Income": -165400000.0,
        "Interest Expense": 167500000.0,
        "Interest Income": 2100000.0,
        "Normalized Income": 68638000.0,
        "Net Income From Continuing And Discontinued Operation": 44400000.0,
        "Total Expenses": 1201600000.0,
        "Total Operating Income As Reported": 192800000.0,
        "Diluted Average Shares": 215500000.0,
        "Basic Average Shares": 213500000.0,
        "Diluted EPS": 0.13,
        "Basic EPS": 0.13,
        "Diluted NI Availto Com Stockholders": 28200000.0,
        "Net Income Common Stockholders": 28200000.0,
        "Preferred Stock Dividends": 16200000.0,
        "Net Income": 44400000.0,
        "Net Income Including Noncontrolling Interests": 44400000.0,
        "Net Income Discontinuous Operations": -30400000.0,
        "Net Income Continuous Operations": 74800000.0,
        "Tax Provision": -43700000.0,
        "Pretax Income": 31100000.0,
        "Other Income Expense": 11200000.0,
        "Other Non Operating Income Expenses": 3400000.0,
        "Special Income Charges": 7500000.0,
        "Gain On Sale Of Business": 8400000.0,
        "Write Off": NaN,
        "Restructuring And Mergern Acquisition": 900000.0,
        "Gain On Sale Of Security": 300000.0,
        "Net Non Operating Interest Income Expense": -165400000.0,
        "Interest Expense Non Operating": 167500000.0,
        "Interest Income Non Operating": 2100000.0,
        "Operating Income": 185300000.0,
        "Operating Expense": 362300000.0,
        "Depreciation Amortization Depletion Income Statement": 60400000.0,
        "Depreciation And Amortization In Income Statement": 60400000.0,
        "Amortization": 60400000.0,
        "Amortization Of Intangibles Income Statement": 60400000.0,
        "Research And Development": 91600000.0,
        "Selling General And Administration": 210300000.0,
        "Gross Profit": 547600000.0,
        "Cost Of Revenue": 839300000.0,
        "Total Revenue": 1386900000.0,
        "Operating Revenue": 1386900000.0
    },
    "2024-09-30": {
        "Tax Effect Of Unusual Items": -1029000.0,
        "Tax Rate For Calcs": 0.21,
        "Normalized EBITDA": 188100000.0,
        "Total Unusual Items": -4900000.0,
        "Total Unusual Items Excluding Goodwill": -4900000.0,
        "Net Income From Continuing Operation Net Minority Interest": -96700000.0,
        "Reconciled Depreciation": 85200000.0,
        "Reconciled Cost Of Revenue": 618700000.0,
        "EBITDA": 183200000.0,
        "EBIT": 98000000.0,
        "Net Interest Income": -165400000.0,
        "Interest Expense": 168000000.0,
        "Interest Income": 2600000.0,
        "Normalized Income": -92829000.0,
        "Net Income From Continuing And Discontinued Operation": -33000000.0,
        "Total Expenses": 985300000.0,
        "Total Operating Income As Reported": 102200000.0,
        "Diluted Average Shares": 215900000.0,
        "Basic Average Shares": 215900000.0,
        "Diluted EPS": -0.23,
        "Basic EPS": -0.23,
        "Diluted NI Availto Com Stockholders": -49400000.0,
        "Net Income Common Stockholders": -49400000.0,
        "Preferred Stock Dividends": 16400000.0,
        "Net Income": -33000000.0,
        "Net Income Including Noncontrolling Interests": -33000000.0,
        "Net Income Discontinuous Operations": 63700000.0,
        "Net Income Continuous Operations": -96700000.0,
        "Tax Provision": 26700000.0,
        "Pretax Income": -70000000.0,
        "Other Income Expense": -1500000.0,
        "Other Non Operating Income Expenses": 3400000.0,
        "Special Income Charges": 5300000.0,
        "Gain On Sale Of Business": 4400000.0,
        "Write Off": 0.0,
        "Restructuring And Mergern Acquisition": -900000.0,
        "Gain On Sale Of Security": -10200000.0,
        "Net Non Operating Interest Income Expense": -165400000.0,
        "Interest Expense Non Operating": 168000000.0,
        "Interest Income Non Operating": 2600000.0,
        "Operating Income": 96900000.0,
        "Operating Expense": 338200000.0,
        "Depreciation Amortization Depletion Income Statement": 56800000.0,
        "Depreciation And Amortization In Income Statement": 56800000.0,
        "Amortization": 56800000.0,
        "Amortization Of Intangibles Income Statement": 56800000.0,
        "Research And Development": 78000000.0,
        "Selling General And Administration": 203400000.0,
        "Gross Profit": 435100000.0,
        "Cost Of Revenue": 647100000.0,
        "Total Revenue": 1082200000.0,
        "Operating Revenue": 1082200000.0
    }
}