{
    "2023-03-31": {
        "Tax Effect Of Unusual Items": NaN,
        "Tax Rate For Calcs": NaN,
        "Normalized EBITDA": NaN,
        "Total Unusual Items": NaN,
        "Total Unusual Items Excluding Goodwill": NaN,
        "Net Income From Continuing Operation Net Minority Interest": NaN,
        "Reconciled Depreciation": NaN,
        "Reconciled Cost Of Revenue": NaN,
        "EBITDA": NaN,
        "EBIT": NaN,
        "Net Interest Income": NaN,
        "Interest Expense": NaN,
        "Normalized Income": NaN,
        "Net Income From Continuing And Discontinued Operation": NaN,
        "Total Expenses": NaN,
        "Total Operating Income As Reported": NaN,
        "Diluted Average Shares": NaN,
        "Basic Average Shares": NaN,
        "Diluted EPS": NaN,
        "Basic EPS": NaN,
        "Diluted NI Availto Com Stockholders": NaN,
        "Net Income Common Stockholders": NaN,
        "Net Income": NaN,
        "Minority Interests": NaN,
        "Net Income Including Noncontrolling Interests": NaN,
        "Net Income Continuous Operations": NaN,
        "Earnings From Equity Interest Net Of Tax": NaN,
        "Tax Provision": NaN,
        "Pretax Income": NaN,
        "Other Income Expense": NaN,
        "Special Income Charges": NaN,
        "Other Special Charges": NaN,
        "Restructuring And Mergern Acquisition": NaN,
        "Gain On Sale Of Security": NaN,
        "Net Non Operating Interest Income Expense": NaN,
        "Interest Expense Non Operating": NaN,
        "Operating Income": NaN,
        "Operating Expense": NaN,
        "Other Operating Expenses": NaN,
        "Depreciation Amortization Depletion Income Statement": NaN,
        "Depreciation And Amortization In Income Statement": NaN,
        "Research And Development": NaN,
        "Selling General And Administration": NaN,
        "Selling And Marketing Expense": NaN,
        "General And Administrative Expense": NaN,
        "Other Gand A": NaN,
        "Salaries And Wages": 11300000.0,
        "Gross Profit": NaN,
        "Cost Of Revenue": NaN,
        "Total Revenue": NaN,
        "Operating Revenue": NaN
    },
    "2022-12-31": {
        "Tax Effect Of Unusual Items": 21000.0,
        "Tax Rate For Calcs": 0.21,
        "Normalized EBITDA": -130400000.0,
        "Total Unusual Items": 100000.0,
        "Total Unusual Items Excluding Goodwill": 100000.0,
        "Net Income From Continuing Operation Net Minority Interest": -158100000.0,
        "Reconciled Depreciation": 21200000.0,
        "Reconciled Cost Of Revenue": 918800000.0,
        "EBITDA": -130300000.0,
        "EBIT": -151500000.0,
        "Net Interest Income": -1300000.0,
        "Interest Expense": 1300000.0,
        "Normalized Income": -158179000.0,
        "Net Income From Continuing And Discontinued Operation": -158100000.0,
        "Total Expenses": 1258800000.0,
        "Total Operating Income As Reported": -152800000.0,
        "Diluted Average Shares": 436568882.0,
        "Basic Average Shares": 436568882.0,
        "Diluted EPS": -0.36,
        "Basic EPS": -0.36,
        "Diluted NI Availto Com Stockholders": -158100000.0,
        "Net Income Common Stockholders": -158100000.0,
        "Net Income": -158100000.0,
        "Minority Interests": -100000.0,
        "Net Income Including Noncontrolling Interests": -158000000.0,
        "Net Income Continuous Operations": -158000000.0,
        "Earnings From Equity Interest Net Of Tax": -4700000.0,
        "Tax Provision": 500000.0,
        "Pretax Income": -152800000.0,
        "Other Income Expense": 100000.0,
        "Special Income Charges": -1200000.0,
        "Other Special Charges": NaN,
        "Restructuring And Mergern Acquisition": 1200000.0,
        "Gain On Sale Of Security": 1300000.0,
        "Net Non Operating Interest Income Expense": -1300000.0,
        "Interest Expense Non Operating": 1300000.0,
        "Operating Income": -151600000.0,
        "Operating Expense": 340000000.0,
        "Other Operating Expenses": 83500000.0,
        "Depreciation Amortization Depletion Income Statement": 21200000.0,
        "Depreciation And Amortization In Income Statement": 21200000.0,
        "Research And Development": 63400000.0,
        "Selling General And Administration": 171900000.0,
        "Selling And Marketing Expense": 130800000.0,
        "General And Administrative Expense": 41100000.0,
        "Other Gand A": 41100000.0,
        "Salaries And Wages": NaN,
        "Gross Profit": 188400000.0,
        "Cost Of Revenue": 918800000.0,
        "Total Revenue": 1107200000.0,
        "Operating Revenue": 1107200000.0
    },
    "2022-09-30": {
        "Tax Effect Of Unusual Items": NaN,
        "Tax Rate For Calcs": NaN,
        "Normalized EBITDA": NaN,
        "Total Unusual Items": NaN,
        "Total Unusual Items Excluding Goodwill": NaN,
        "Net Income From Continuing Operation Net Minority Interest": NaN,
        "Reconciled Depreciation": NaN,
        "Reconciled Cost Of Revenue": NaN,
        "EBITDA": NaN,
        "EBIT": NaN,
        "Net Interest Income": NaN,
        "Interest Expense": NaN,
        "Normalized Income": NaN,
        "Net Income From Continuing And Discontinued Operation": NaN,
        "Total Expenses": NaN,
        "Total Operating Income As Reported": NaN,
        "Diluted Average Shares": NaN,
        "Basic Average Shares": NaN,
        "Diluted EPS": NaN,
        "Basic EPS": NaN,
        "Diluted NI Availto Com Stockholders": NaN,
        "Net Income Common Stockholders": NaN,
        "Net Income": NaN,
        "Minority Interests": NaN,
        "Net Income Including Noncontrolling Interests": NaN,
        "Net Income Continuous Operations": NaN,
        "Earnings From Equity Interest Net Of Tax": NaN,
        "Tax Provision": NaN,
        "Pretax Income": NaN,
        "Other Income Expense": NaN,
        "Special Income Charges": NaN,
        "Other Special Charges": 10500000.0,
        "Restructuring And Mergern Acquisition": NaN,
        "Gain On Sale Of Security": NaN,
        "Net Non Operating Interest Income Expense": NaN,
        "Interest Expense Non Operating": NaN,
        "Operating Income": NaN,
        "Operating Expense": NaN,
        "Other Operating Expenses": NaN,
        "Depreciation Amortization Depletion Income Statement": NaN,
        "Depreciation And Amortization In Income Statement": NaN,
        "Research And Development": NaN,
        "Selling General And Administration": NaN,
        "Selling And Marketing Expense": NaN,
        "General And Administrative Expense": NaN,
        "Other Gand A": NaN,
        "Salaries And Wages": 13300000.0,
        "Gross Profit": NaN,
        "Cost Of Revenue": NaN,
        "Total Revenue": NaN,
        "Operating Revenue": NaN
    },
    "2022-06-30": {
        "Tax Effect Of Unusual Items": -279839.518556,
        "Tax Rate For Calcs": 0.015045,
        "Normalized EBITDA": -55000000.0,
        "Total Unusual Items": -18600000.0,
        "Total Unusual Items Excluding Goodwill": -18600000.0,
        "Net Income From Continuing Operation Net Minority Interest": -101200000.0,
        "Reconciled Depreciation": 25400000.0,
        "Reconciled Cost Of Revenue": 1652900000.0,
        "EBITDA": -73600000.0,
        "EBIT": -99000000.0,
        "Net Interest Income": -700000.0,
        "Interest Expense": 700000.0,
        "Normalized Income": -82879839.518556,
        "Net Income From Continuing And Discontinued Operation": -101200000.0,
        "Total Expenses": 2100500000.0,
        "Total Operating Income As Reported": -99300000.0,
        "Diluted Average Shares": 427987083.0,
        "Basic Average Shares": 427987083.0,
        "Diluted EPS": -0.24,
        "Basic EPS": -0.24,
        "Diluted NI Availto Com Stockholders": -101200000.0,
        "Net Income Common Stockholders": -101200000.0,
        "Net Income": -101200000.0,
        "Minority Interests": -100000.0,
        "Net Income Including Noncontrolling Interests": -101100000.0,
        "Net Income Continuous Operations": -101100000.0,
        "Earnings From Equity Interest Net Of Tax": -2900000.0,
        "Tax Provision": -1500000.0,
        "Pretax Income": -99700000.0,
        "Other Income Expense": -18600000.0,
        "Special Income Charges": -18900000.0,
        "Restructuring And Mergern Acquisition": 18900000.0,
        "Gain On Sale Of Security": 300000.0,
        "Net Non Operating Interest Income Expense": -700000.0,
        "Interest Expense Non Operating": 700000.0,
        "Operating Income": -80400000.0,
        "Operating Expense": 447600000.0,
        "Other Operating Expenses": 104900000.0,
        "Depreciation Amortization Depletion Income Statement": 25400000.0,
        "Depreciation And Amortization In Income Statement": 25400000.0,
        "Research And Development": 107200000.0,
        "Selling General And Administration": 210100000.0,
        "Selling And Marketing Expense": 154900000.0,
        "General And Administrative Expense": 55200000.0,
        "Other Gand A": 55200000.0,
        "Salaries And Wages": NaN,
        "Gross Profit": 367200000.0,
        "Cost Of Revenue": 1652900000.0,
        "Total Revenue": 2020100000.0,
        "Operating Revenue": 2020100000.0
    },
    "2022-03-31": {
        "Diluted EPS": 0.13,
        "Total Revenue": NaN,
        "Gross Profit": 377,
        "Operating Income": 277,
        "EBIT": 332,
        "Net Income": 279
    },
    "2021-12-31": {
        "Diluted EPS": 0.08,
        "Total Revenue": NaN,
        "Gross Profit": 325,
        "Operating Income": 292,
        "EBIT": 341,
        "Net Income": 170
    },
    "2021-09-30": {
        "Diluted EPS": 0.04,
        "Total Revenue": NaN,
        "Gross Profit": 319,
        "Operating Income": 233,
        "EBIT": 288,
        "Net Income": 81
    },
    "2021-06-30": {
        "Diluted EPS": 0.17,
        "Total Revenue": NaN,
        "Gross Profit": 275,
        "Operating Income": 226,
        "EBIT": 273,
        "Net Income": 367
    },
    "2021-03-31": {
        "Diluted EPS": 0.03,
        "Total Revenue": NaN,
        "Gross Profit": 326,
        "Operating Income": 251,
        "EBIT": 295,
        "Net Income": 77
    },
    "2020-12-31": {
        "Diluted EPS": 0.09,
        "Total Revenue": NaN,
        "Gross Profit": 262,
        "Operating Income": 87,
        "EBIT": 143,
        "Net Income": 272
    },
    "2020-09-30": {
        "Diluted EPS": 0.04,
        "Total Revenue": NaN,
        "Gross Profit": 270,
        "Operating Income": 226,
        "EBIT": 272,
        "Net Income": 101
    },
    "2020-06-30": {
        "Diluted EPS": 0.09,
        "Total Revenue": NaN,
        "Gross Profit": 264,
        "Operating Income": 188,
        "EBIT": 224,
        "Net Income": 195
    },
    "2020-03-31": {
        "Diluted EPS": 0.0,
        "Total Revenue": NaN,
        "Gross Profit": 247,
        "Operating Income": 235,
        "EBIT": 290,
        "Net Income": -13
    },
    "2019-12-31": {
        "Diluted EPS": 0.26,
        "Total Revenue": NaN,
        "Gross Profit": 247,
        "Operating Income": 144,
        "EBIT": 144,
        "Net Income": 112
    },
    "2019-09-30": {
        "Diluted EPS": 0.0,
        "Total Revenue": NaN,
        "Gross Profit": 246,
        "Operating Income": -105,
        "EBIT": 77,
        "Net Income": -71
    },
    "2019-06-30": {
        "Diluted EPS": 0.0,
        "Total Revenue": NaN,
        "Gross Profit": 622,
        "Operating Income": 390,
        "EBIT": 329,
        "Net Income": 540
    },
    "2019-03-31": {
        "Diluted EPS": 0.1,
        "Total Revenue": NaN,
        "Gross Profit": 352,
        "Operating Income": 309,
        "EBIT": 370,
        "Net Income": 212
    },
    "2018-12-31": {
        "Diluted EPS": 0.13,
        "Total Revenue": NaN,
        "Gross Profit": 468,
        "Operating Income": 178,
        "EBIT": 246,
        "Net Income": 288
    },
    "2018-09-30": {
        "Diluted EPS": 0.03,
        "Total Revenue": NaN,
        "Gross Profit": 287,
        "Operating Income": 185,
        "EBIT": 235,
        "Net Income": 62
    },
    "2018-06-30": {
        "Diluted EPS": -0.01,
        "Total Revenue": NaN,
        "Gross Profit": 212,
        "Operating Income": 188,
        "EBIT": 237,
        "Net Income": -17
    },
    "2018-03-31": {
        "Diluted EPS": 0.07,
        "Total Revenue": NaN,
        "Gross Profit": 289,
        "Operating Income": 227,
        "EBIT": 293,
        "Net Income": 143
    },
    "2017-12-31": {
        "Diluted EPS": 0.08,
        "Total Revenue": NaN,
        "Gross Profit": 868,
        "Operating Income": 482,
        "EBIT": 553,
        "Net Income": 188
    },
    "2017-09-30": {
        "Diluted EPS": -0.01,
        "Total Revenue": NaN,
        "Gross Profit": -8,
        "Operating Income": -8,
        "EBIT": 59,
        "Net Income": -27
    },
    "2017-06-30": {
        "Diluted EPS": 0.02,
        "Total Revenue": NaN,
        "Gross Profit": 156,
        "Operating Income": 156,
        "EBIT": 220,
        "Net Income": 43
    },
    "2017-03-31": {
        "Diluted EPS": 0.06,
        "Total Revenue": NaN,
        "Gross Profit": 307,
        "Operating Income": 277,
        "EBIT": 341,
        "Net Income": 109
    },
    "2016-12-31": {
        "Diluted EPS": -0.05,
        "Total Revenue": NaN,
        "Gross Profit": 632,
        "Operating Income": 283,
        "EBIT": 336,
        "Net Income": -97
    },
    "2016-09-30": {
        "Diluted EPS": 0.07,
        "Total Revenue": NaN,
        "Gross Profit": 336,
        "Operating Income": 295,
        "EBIT": 367,
        "Net Income": 134
    },
    "2016-06-30": {
        "Diluted EPS": 0.03,
        "Total Revenue": NaN,
        "Gross Profit": 148,
        "Operating Income": 116,
        "EBIT": 178,
        "Net Income": 58
    },
    "2016-03-31": {
        "Diluted EPS": 0.0,
        "Total Revenue": NaN,
        "Gross Profit": 129,
        "Operating Income": 129,
        "EBIT": 180,
        "Net Income": 1
    },
    "2015-12-31": {
        "Diluted EPS": 0.0,
        "Total Revenue": NaN,
        "Gross Profit": -456,
        "Operating Income": -19,
        "EBIT": 57,
        "Net Income": 10
    },
    "2015-09-30": {
        "Diluted EPS": 0.03,
        "Total Revenue": NaN,
        "Gross Profit": 399,
        "Operating Income": 82,
        "EBIT": 122,
        "Net Income": 48
    },
    "2015-06-30": {
        "Diluted EPS": 0.09,
        "Total Revenue": NaN,
        "Gross Profit": 648,
        "Operating Income": 313,
        "EBIT": 366,
        "Net Income": 174
    },
    "2015-03-31": {
        "Diluted EPS": 0.0,
        "Total Revenue": NaN,
        "Gross Profit": NaN,
        "Operating Income": 531,
        "EBIT": 618,
        "Net Income": 523
    },
    "2014-12-31": {
        "Diluted EPS": 0.0,
        "Total Revenue": NaN,
        "Gross Profit": 27,
        "Operating Income": 373,
        "EBIT": 373,
        "Net Income": 797
    },
    "2014-09-30": {
        "Diluted EPS": 0.01,
        "Total Revenue": NaN,
        "Gross Profit": 450,
        "Operating Income": 30,
        "EBIT": 30,
        "Net Income": 11
    },
    "2014-06-30": {
        "Diluted EPS": 0.17,
        "Total Revenue": NaN,
        "Gross Profit": NaN,
        "Operating Income": 764,
        "EBIT": 764,
        "Net Income": 333
    },
    "2014-03-31": {
        "Diluted EPS": 0.0,
        "Total Revenue": NaN,
        "Gross Profit": 893,
        "Operating Income": 768,
        "EBIT": 846,
        "Net Income": 530
    },
    "2013-12-31": {
        "Diluted EPS": 0.0,
        "Total Revenue": NaN,
        "Gross Profit": NaN,
        "Operating Income": 425,
        "EBIT": 557,
        "Net Income": 562
    },
    "2013-09-30": {
        "Diluted EPS": 0.16,
        "Total Revenue": NaN,
        "Gross Profit": NaN,
        "Operating Income": NaN,
        "EBIT": NaN,
        "Net Income": 346
    },
    "2013-06-30": {
        "Diluted EPS": 0.14,
        "Total Revenue": NaN,
        "Gross Profit": 664,
        "Operating Income": 206,
        "EBIT": 292,
        "Net Income": 269
    },
    "2013-03-31": {
        "Diluted EPS": 0.25,
        "Total Revenue": NaN,
        "Gross Profit": 927,
        "Operating Income": 585,
        "EBIT": 686,
        "Net Income": 427
    },
    "2012-12-31": {
        "Diluted EPS": 0.59,
        "Total Revenue": NaN,
        "Gross Profit": -11,
        "Operating Income": 83,
        "EBIT": 246,
        "Net Income": NaN
    },
    "2012-09-30": {
        "Diluted EPS": 0.0,
        "Total Revenue": NaN,
        "Gross Profit": NaN,
        "Operating Income": 625,
        "EBIT": 729,
        "Net Income": 463
    },
    "2012-06-30": {
        "Diluted EPS": 0.19,
        "Total Revenue": NaN,
        "Gross Profit": NaN,
        "Operating Income": 683,
        "EBIT": 796,
        "Net Income": 310
    },
    "2012-03-31": {
        "Diluted EPS": 0.0,
        "Total Revenue": NaN,
        "Gross Profit": 919,
        "Operating Income": 682,
        "EBIT": 817,
        "Net Income": 358
    },
    "2011-12-31": {
        "Diluted EPS": 0.24,
        "Total Revenue": NaN,
        "Gross Profit": 532,
        "Operating Income": 224,
        "EBIT": 224,
        "Net Income": 361
    },
    "2011-09-30": {
        "Diluted EPS": 0.0,
        "Total Revenue": NaN,
        "Gross Profit": 779,
        "Operating Income": 779,
        "EBIT": 779,
        "Net Income": 405
    },
    "2011-06-30": {
        "Diluted EPS": 0.0,
        "Total Revenue": NaN,
        "Gross Profit": 651,
        "Operating Income": 651,
        "EBIT": 801,
        "Net Income": 328
    },
    "2011-03-31": {
        "Diluted EPS": 0.21,
        "Total Revenue": NaN,
        "Gross Profit": NaN,
        "Operating Income": 637,
        "EBIT": 777,
        "Net Income": 316
    },
    "2010-12-31": {
        "Diluted EPS": 0.0,
        "Total Revenue": NaN,
        "Gross Profit": -616,
        "Operating Income": 725,
        "EBIT": 855,
        "Net Income": 575
    },
    "2010-09-30": {
        "Diluted EPS": 0.17,
        "Total Revenue": NaN,
        "Gross Profit": 596,
        "Operating Income": 596,
        "EBIT": 596,
        "Net Income": 324
    },
    "2010-06-30": {
        "Diluted EPS": 0.09,
        "Total Revenue": NaN,
        "Gross Profit": NaN,
        "Operating Income": 381,
        "EBIT": 381,
        "Net Income": 164
    },
    "2010-03-31": {
        "Diluted EPS": 0.13,
        "Total Revenue": NaN,
        "Gross Profit": NaN,
        "Operating Income": 437,
        "EBIT": 543,
        "Net Income": 236
    },
    "2009-12-31": {
        "Diluted EPS": 0.13,
        "Total Revenue": NaN,
        "Gross Profit": NaN,
        "Operating Income": NaN,
        "EBIT": NaN,
        "Net Income": 222
    },
    "2009-09-30": {
        "Diluted EPS": 0.19,
        "Total Revenue": NaN,
        "Gross Profit": 691,
        "Operating Income": 610,
        "EBIT": 731,
        "Net Income": 329
    },
    "2009-06-30": {
        "Diluted EPS": 0.14,
        "Total Revenue": NaN,
        "Gross Profit": 881,
        "Operating Income": 515,
        "EBIT": 607,
        "Net Income": 283
    },
    "2009-03-31": {
        "Diluted EPS": 0.11,
        "Total Revenue": NaN,
        "Gross Profit": NaN,
        "Operating Income": NaN,
        "EBIT": NaN,
        "Net Income": 161
    },
    "2023-06-30": {
        "Tax Effect Of Unusual Items": NaN,
        "Tax Rate For Calcs": NaN,
        "Normalized EBITDA": NaN,
        "Total Unusual Items": NaN,
        "Total Unusual Items Excluding Goodwill": NaN,
        "Net Income From Continuing Operation Net Minority Interest": NaN,
        "Reconciled Depreciation": NaN,
        "Reconciled Cost Of Revenue": NaN,
        "EBITDA": NaN,
        "EBIT": NaN,
        "Net Interest Income": NaN,
        "Interest Expense": NaN,
        "Normalized Income": NaN,
        "Net Income From Continuing And Discontinued Operation": NaN,
        "Total Expenses": NaN,
        "Total Operating Income As Reported": NaN,
        "Diluted Average Shares": NaN,
        "Basic Average Shares": NaN,
        "Diluted EPS": NaN,
        "Basic EPS": NaN,
        "Diluted NI Availto Com Stockholders": NaN,
        "Net Income Common Stockholders": NaN,
        "Net Income": NaN,
        "Minority Interests": NaN,
        "Net Income Including Noncontrolling Interests": NaN,
        "Net Income Continuous Operations": NaN,
        "Earnings From Equity Interest Net Of Tax": NaN,
        "Tax Provision": NaN,
        "Pretax Income": NaN,
        "Other Income Expense": NaN,
        "Special Income Charges": NaN,
        "Other Special Charges": NaN,
        "Restructuring And Mergern Acquisition": NaN,
        "Gain On Sale Of Security": NaN,
        "Net Non Operating Interest Income Expense": NaN,
        "Interest Expense Non Operating": NaN,
        "Operating Income": NaN,
        "Operating Expense": NaN,
        "Other Operating Expenses": NaN,
        "Depreciation Amortization Depletion Income Statement": NaN,
        "Depreciation And Amortization In Income Statement": NaN,
        "Research And Development": NaN,
        "Selling General And Administration": NaN,
        "Selling And Marketing Expense": NaN,
        "General And Administrative Expense": NaN,
        "Other Gand A": NaN,
        "Salaries And Wages": 22300000.0,
        "Gross Profit": NaN,
        "Cost Of Revenue": NaN,
        "Total Revenue": NaN,
        "Operating Revenue": NaN
    },
    "2023-09-30": {
        "Tax Effect Of Unusual Items": -94147.582697,
        "Tax Rate For Calcs": 0.012723,
        "Normalized EBITDA": -8700000.0,
        "Total Unusual Items": -7400000.0,
        "Total Unusual Items Excluding Goodwill": -7400000.0,
        "Net Income From Continuing Operation Net Minority Interest": -39400000.0,
        "Reconciled Depreciation": 21300000.0,
        "Reconciled Cost Of Revenue": 1096200000.0,
        "EBITDA": -16100000.0,
        "EBIT": -37400000.0,
        "Net Interest Income": -1900000.0,
        "Interest Expense": 1900000.0,
        "Normalized Income": -32094147.582697,
        "Net Income From Continuing And Discontinued Operation": -39400000.0,
        "Total Expenses": 1367400000.0,
        "Total Operating Income As Reported": -38900000.0,
        "Diluted Average Shares": 470945736.0,
        "Basic Average Shares": 470945736.0,
        "Diluted EPS": -0.08,
        "Basic EPS": -0.08,
        "Diluted NI Availto Com Stockholders": -39400000.0,
        "Net Income Common Stockholders": -39400000.0,
        "Net Income": -39400000.0,
        "Minority Interests": -200000.0,
        "Net Income Including Noncontrolling Interests": -39200000.0,
        "Net Income Continuous Operations": -39200000.0,
        "Earnings From Equity Interest Net Of Tax": -400000.0,
        "Tax Provision": -500000.0,
        "Pretax Income": -39300000.0,
        "Other Income Expense": -7400000.0,
        "Special Income Charges": -8900000.0,
        "Other Special Charges": 7200000.0,
        "Restructuring And Mergern Acquisition": 1700000.0,
        "Gain On Sale Of Security": 1500000.0,
        "Net Non Operating Interest Income Expense": -1900000.0,
        "Interest Expense Non Operating": 1900000.0,
        "Operating Income": -30000000.0,
        "Operating Expense": 271200000.0,
        "Other Operating Expenses": 83200000.0,
        "Depreciation Amortization Depletion Income Statement": 21300000.0,
        "Depreciation And Amortization In Income Statement": 21300000.0,
        "Research And Development": 45800000.0,
        "Selling General And Administration": 120900000.0,
        "Selling And Marketing Expense": 103900000.0,
        "General And Administrative Expense": 17000000.0,
        "Other Gand A": 3700000.0,
        "Salaries And Wages": 13300000.0,
        "Gross Profit": 241200000.0,
        "Cost Of Revenue": 1096200000.0,
        "Total Revenue": 1337400000.0,
        "Operating Revenue": 1337400000.0
    },
    "2023-12-31": {
        "Tax Effect Of Unusual Items": -231000.0,
        "Tax Rate For Calcs": 0.21,
        "Normalized EBITDA": -58800000.0,
        "Total Unusual Items": -1100000.0,
        "Total Unusual Items Excluding Goodwill": -1100000.0,
        "Net Income From Continuing Operation Net Minority Interest": -83700000.0,
        "Reconciled Depreciation": 21500000.0,
        "Reconciled Cost Of Revenue": 895900000.0,
        "EBITDA": -59900000.0,
        "EBIT": -81400000.0,
        "Net Interest Income": -1600000.0,
        "Interest Expense": 1600000.0,
        "Normalized Income": -82831000.0,
        "Net Income From Continuing And Discontinued Operation": -83700000.0,
        "Total Expenses": 1176700000.0,
        "Total Operating Income As Reported": -83000000.0,
        "Diluted Average Shares": 483710540.0,
        "Basic Average Shares": 483710540.0,
        "Diluted EPS": -0.17,
        "Basic EPS": -0.17,
        "Diluted NI Availto Com Stockholders": -83700000.0,
        "Net Income Common Stockholders": -83700000.0,
        "Net Income": -83700000.0,
        "Minority Interests": 100000.0,
        "Net Income Including Noncontrolling Interests": -83800000.0,
        "Net Income Continuous Operations": -83800000.0,
        "Earnings From Equity Interest Net Of Tax": -700000.0,
        "Tax Provision": 100000.0,
        "Pretax Income": -83000000.0,
        "Other Income Expense": -1100000.0,
        "Special Income Charges": -2700000.0,
        "Other Special Charges": NaN,
        "Restructuring And Mergern Acquisition": 2700000.0,
        "Gain On Sale Of Security": 1600000.0,
        "Net Non Operating Interest Income Expense": -1600000.0,
        "Interest Expense Non Operating": 1600000.0,
        "Operating Income": -80300000.0,
        "Operating Expense": 280800000.0,
        "Other Operating Expenses": 79600000.0,
        "Depreciation Amortization Depletion Income Statement": 21500000.0,
        "Depreciation And Amortization In Income Statement": 21500000.0,
        "Research And Development": 44400000.0,
        "Selling General And Administration": 135300000.0,
        "Selling And Marketing Expense": 102900000.0,
        "General And Administrative Expense": 32400000.0,
        "Other Gand A": 70300000.0,
        "Salaries And Wages": NaN,
        "Gross Profit": 200500000.0,
        "Cost Of Revenue": 895900000.0,
        "Total Revenue": 1096400000.0,
        "Operating Revenue": 1096400000.0
    },
    "2024-03-31": {
        "Tax Effect Of Unusual Items": -131094.339623,
        "Tax Rate For Calcs": 0.002264,
        "Normalized EBITDA": -52300000.0,
        "Total Unusual Items": -57900000.0,
        "Total Unusual Items Excluding Goodwill": -57900000.0,
        "Net Income From Continuing Operation Net Minority Interest": -132900000.0,
        "Reconciled Depreciation": 20800000.0,
        "Reconciled Cost Of Revenue": 862300000.0,
        "EBITDA": -110200000.0,
        "EBIT": -131000000.0,
        "Net Interest Income": -1500000.0,
        "Interest Expense": 1500000.0,
        "Normalized Income": -75131094.339623,
        "Net Income From Continuing And Discontinued Operation": -132900000.0,
        "Total Expenses": 1127200000.0,
        "Total Operating Income As Reported": -132100000.0,
        "Diluted Average Shares": 490000265.0,
        "Basic Average Shares": 490000265.0,
        "Diluted EPS": -0.27,
        "Basic EPS": -0.27,
        "Diluted NI Availto Com Stockholders": -132900000.0,
        "Net Income Common Stockholders": -132900000.0,
        "Net Income": -132900000.0,
        "Minority Interests": 100000.0,
        "Net Income Including Noncontrolling Interests": -133000000.0,
        "Net Income Continuous Operations": -133000000.0,
        "Earnings From Equity Interest Net Of Tax": -800000.0,
        "Tax Provision": -300000.0,
        "Pretax Income": -132500000.0,
        "Other Income Expense": -57900000.0,
        "Special Income Charges": -59000000.0,
        "Other Special Charges": 57500000.0,
        "Restructuring And Mergern Acquisition": 1500000.0,
        "Gain On Sale Of Security": 1100000.0,
        "Net Non Operating Interest Income Expense": -1500000.0,
        "Interest Expense Non Operating": 1500000.0,
        "Operating Income": -73100000.0,
        "Operating Expense": 264900000.0,
        "Other Operating Expenses": 79000000.0,
        "Depreciation Amortization Depletion Income Statement": 20800000.0,
        "Depreciation And Amortization In Income Statement": 20800000.0,
        "Research And Development": 47000000.0,
        "Selling General And Administration": 118100000.0,
        "Selling And Marketing Expense": 93400000.0,
        "General And Administrative Expense": 24700000.0,
        "Other Gand A": 18300000.0,
        "Salaries And Wages": 6400000.0,
        "Gross Profit": 191800000.0,
        "Cost Of Revenue": 862300000.0,
        "Total Revenue": 1054100000.0,
        "Operating Revenue": 1054100000.0
    },
    "2024-06-30": {
        "Tax Effect Of Unusual Items": -609000.0,
        "Tax Rate For Calcs": 0.21,
        "Normalized EBITDA": 47000000.0,
        "Total Unusual Items": -2900000.0,
        "Total Unusual Items Excluding Goodwill": -2900000.0,
        "Net Income From Continuing Operation Net Minority Interest": 20700000.0,
        "Reconciled Depreciation": 21400000.0,
        "Reconciled Cost Of Revenue": 1405300000.0,
        "EBITDA": 44100000.0,
        "EBIT": 22700000.0,
        "Net Interest Income": -1600000.0,
        "Interest Expense": 1600000.0,
        "Normalized Income": 22991000.0,
        "Net Income From Continuing And Discontinued Operation": 20700000.0,
        "Total Expenses": 1675000000.0,
        "Total Operating Income As Reported": 21300000.0,
        "Diluted Average Shares": 509884022.0,
        "Basic Average Shares": 498664877.0,
        "Diluted EPS": 0.04,
        "Basic EPS": 0.04,
        "Diluted NI Availto Com Stockholders": 20700000.0,
        "Net Income Common Stockholders": 20700000.0,
        "Net Income": 20700000.0,
        "Minority Interests": -100000.0,
        "Net Income Including Noncontrolling Interests": 20800000.0,
        "Net Income Continuous Operations": 20800000.0,
        "Earnings From Equity Interest Net Of Tax": -400000.0,
        "Tax Provision": -100000.0,
        "Pretax Income": 21100000.0,
        "Other Income Expense": -2900000.0,
        "Special Income Charges": -4300000.0,
        "Other Special Charges": NaN,
        "Restructuring And Mergern Acquisition": 4300000.0,
        "Gain On Sale Of Security": 1400000.0,
        "Net Non Operating Interest Income Expense": -1600000.0,
        "Interest Expense Non Operating": 1600000.0,
        "Operating Income": 25600000.0,
        "Operating Expense": 269700000.0,
        "Other Operating Expenses": 83100000.0,
        "Depreciation Amortization Depletion Income Statement": 21400000.0,
        "Depreciation And Amortization In Income Statement": 21400000.0,
        "Research And Development": 47400000.0,
        "Selling General And Administration": 117800000.0,
        "Selling And Marketing Expense": 94900000.0,
        "General And Administrative Expense": 22900000.0,
        "Other Gand A": 22900000.0,
        "Salaries And Wages": NaN,
        "Gross Profit": 295300000.0,
        "Cost Of Revenue": 1405300000.0,
        "Total Revenue": 1700600000.0,
        "Operating Revenue": 1700600000.0
    },
    "2024-09-30": {
        "Tax Effect Of Unusual Items": 55555.555556,
        "Tax Rate For Calcs": 0.111111,
        "Normalized EBITDA": 18800000.0,
        "Total Unusual Items": 500000.0,
        "Total Unusual Items Excluding Goodwill": 500000.0,
        "Net Income From Continuing Operation Net Minority Interest": -1700000.0,
        "Reconciled Depreciation": 20500000.0,
        "Reconciled Cost Of Revenue": 1227700000.0,
        "EBITDA": 19300000.0,
        "EBIT": -1200000.0,
        "Net Interest Income": -1500000.0,
        "Interest Expense": 1500000.0,
        "Normalized Income": -2144444.444444,
        "Net Income From Continuing And Discontinued Operation": -1700000.0,
        "Total Expenses": 1495700000.0,
        "Total Operating Income As Reported": -3400000.0,
        "Diluted Average Shares": 505993014.0,
        "Basic Average Shares": 505993014.0,
        "Diluted EPS": -0.00336,
        "Basic EPS": -0.00336,
        "Diluted NI Availto Com Stockholders": -1700000.0,
        "Net Income Common Stockholders": -1700000.0,
        "Net Income": -1700000.0,
        "Minority Interests": 200000.0,
        "Net Income Including Noncontrolling Interests": -1900000.0,
        "Net Income Continuous Operations": -1900000.0,
        "Earnings From Equity Interest Net Of Tax": 500000.0,
        "Tax Provision": -300000.0,
        "Pretax Income": -2700000.0,
        "Other Income Expense": 500000.0,
        "Special Income Charges": -1700000.0,
        "Other Special Charges": NaN,
        "Restructuring And Mergern Acquisition": 1700000.0,
        "Gain On Sale Of Security": 2200000.0,
        "Net Non Operating Interest Income Expense": -1500000.0,
        "Interest Expense Non Operating": 1500000.0,
        "Operating Income": -1700000.0,
        "Operating Expense": 268000000.0,
        "Other Operating Expenses": 84400000.0,
        "Depreciation Amortization Depletion Income Statement": 20500000.0,
        "Depreciation And Amortization In Income Statement": 20500000.0,
        "Research And Development": 47500000.0,
        "Selling General And Administration": 115600000.0,
        "Selling And Marketing Expense": 88200000.0,
        "General And Administrative Expense": 27400000.0,
        "Other Gand A": 27400000.0,
        "Salaries And Wages": NaN,
        "Gross Profit": 266300000.0,
        "Cost Of Revenue": 1227700000.0,
        "Total Revenue": 1494000000.0,
        "Operating Revenue": 1494000000.0
    }
}