{
    "2022-09-30": {
        "Tax Effect Of Unusual Items": 0.0,
        "Tax Rate For Calcs": 0.0,
        "Normalized EBITDA": -772000.0,
        "Total Unusual Items": 273000.0,
        "Total Unusual Items Excluding Goodwill": 273000.0,
        "Net Income From Continuing Operation Net Minority Interest": -1956000.0,
        "Reconciled Depreciation": 702000.0,
        "Reconciled Cost Of Revenue": 1795000.0,
        "EBITDA": -499000.0,
        "EBIT": -1201000.0,
        "Net Interest Income": -755000.0,
        "Interest Expense": 755000.0,
        "Normalized Income": -2229000.0,
        "Net Income From Continuing And Discontinued Operation": -1956000.0,
        "Total Expenses": 5270000.0,
        "Total Operating Income As Reported": -689000.0,
        "Diluted Average Shares": 967615.0,
        "Basic Average Shares": 967615.0,
        "Diluted EPS": -2.21,
        "Basic EPS": -2.21,
        "Diluted NI Availto Com Stockholders": -2141000.0,
        "Net Income Common Stockholders": -2141000.0,
        "Preferred Stock Dividends": 185000.0,
        "Net Income": -1956000.0,
        "Net Income Including Noncontrolling Interests": -1956000.0,
        "Net Income Discontinuous Operations": 0.0,
        "Net Income Continuous Operations": -1956000.0,
        "Pretax Income": -1956000.0,
        "Other Income Expense": 273000.0,
        "Special Income Charges": 273000.0,
        "Gain On Sale Of Ppe": 0.0,
        "Gain On Sale Of Business": 0.0,
        "Other Special Charges": 817000.0,
        "Impairment Of Capital Assets": -1090000.0,
        "Net Non Operating Interest Income Expense": -755000.0,
        "Interest Expense Non Operating": 755000.0,
        "Operating Income": -1474000.0,
        "Operating Expense": 3475000.0,
        "Depreciation Amortization Depletion Income Statement": 702000.0,
        "Depreciation And Amortization In Income Statement": 702000.0,
        "Research And Development": 74000.0,
        "Selling General And Administration": 2699000.0,
        "Selling And Marketing Expense": 27000.0,
        "General And Administrative Expense": 2672000.0,
        "Other Gand A": 2672000.0,
        "Gross Profit": 2001000.0,
        "Cost Of Revenue": 1795000.0,
        "Total Revenue": 3796000.0,
        "Operating Revenue": 3796000.0
    },
    "2022-06-30": {
        "Tax Effect Of Unusual Items": 0.0,
        "Tax Rate For Calcs": 0.0,
        "Normalized EBITDA": -6837000.0,
        "Total Unusual Items": -30114000.0,
        "Total Unusual Items Excluding Goodwill": -30114000.0,
        "Net Income From Continuing Operation Net Minority Interest": -38560000.0,
        "Reconciled Depreciation": -1220000.0,
        "Reconciled Cost Of Revenue": 4463000.0,
        "EBITDA": -36951000.0,
        "EBIT": -37213000.0,
        "Net Interest Income": -1348000.0,
        "Interest Expense": 1348000.0,
        "Normalized Income": -8446000.0,
        "Net Income From Continuing And Discontinued Operation": -37749000.0,
        "Total Expenses": 9187000.0,
        "Total Operating Income As Reported": -36766000.0,
        "Diluted Average Shares": 861263.0,
        "Basic Average Shares": 861263.0,
        "Diluted EPS": -44.0,
        "Basic EPS": -44.0,
        "Diluted NI Availto Com Stockholders": -37934000.0,
        "Net Income Common Stockholders": -37934000.0,
        "Preferred Stock Dividends": 185000.0,
        "Net Income": -37749000.0,
        "Net Income Including Noncontrolling Interests": -37749000.0,
        "Net Income Discontinuous Operations": 811000.0,
        "Net Income Continuous Operations": -38560000.0,
        "Pretax Income": -38561000.0,
        "Other Income Expense": -30114000.0,
        "Special Income Charges": -30113000.0,
        "Gain On Sale Of Ppe": -11329000.0,
        "Gain On Sale Of Business": -2564000.0,
        "Other Special Charges": 445000.0,
        "Write Off": 15775000.0,
        "Impairment Of Capital Assets": NaN,
        "Gain On Sale Of Security": -1000.0,
        "Net Non Operating Interest Income Expense": -1348000.0,
        "Interest Expense Non Operating": 1348000.0,
        "Operating Income": -7099000.0,
        "Operating Expense": 6206000.0,
        "Depreciation Amortization Depletion Income Statement": 262000.0,
        "Depreciation And Amortization In Income Statement": 262000.0,
        "Research And Development": 536000.0,
        "Selling General And Administration": 5408000.0,
        "Selling And Marketing Expense": 12000.0,
        "General And Administrative Expense": 5396000.0,
        "Other Gand A": 5396000.0,
        "Gross Profit": -893000.0,
        "Cost Of Revenue": 2981000.0,
        "Total Revenue": 2088000.0,
        "Operating Revenue": 2088000.0
    },
    "2022-03-31": {
        "Diluted EPS": 0.0,
        "Total Revenue": 3,
        "Gross Profit": 1,
        "Operating Income": 1,
        "EBIT": 3,
        "Net Income": 0
    },
    "2021-12-31": {
        "Diluted EPS": -164.15,
        "Total Revenue": 5,
        "Gross Profit": 2,
        "Operating Income": -115,
        "EBIT": -68,
        "Net Income": -116
    },
    "2021-09-30": {
        "Diluted EPS": -14.85,
        "Total Revenue": 3,
        "Gross Profit": 2,
        "Operating Income": -10,
        "EBIT": -5,
        "Net Income": -11
    },
    "2021-06-30": {
        "Diluted EPS": -16.0,
        "Total Revenue": 2,
        "Gross Profit": 1,
        "Operating Income": -11,
        "EBIT": -7,
        "Net Income": -11
    },
    "2021-03-31": {
        "Diluted EPS": -25.0,
        "Total Revenue": 2,
        "Gross Profit": 1,
        "Operating Income": -10,
        "EBIT": -7,
        "Net Income": -16
    },
    "2020-12-31": {
        "Diluted EPS": -25.0,
        "Total Revenue": 2,
        "Gross Profit": 1,
        "Operating Income": -8,
        "EBIT": 0,
        "Net Income": -12
    },
    "2020-09-30": {
        "Diluted EPS": -23.0,
        "Total Revenue": 2,
        "Gross Profit": 1,
        "Operating Income": -7,
        "EBIT": -1,
        "Net Income": -10
    },
    "2020-06-30": {
        "Diluted EPS": -18.0,
        "Total Revenue": 3,
        "Gross Profit": 1,
        "Operating Income": -6,
        "EBIT": -2,
        "Net Income": -8
    },
    "2020-03-31": {
        "Diluted EPS": -16.0,
        "Total Revenue": 2,
        "Gross Profit": 1,
        "Operating Income": -6,
        "EBIT": -3,
        "Net Income": -7
    },
    "2019-12-31": {
        "Diluted EPS": 0.0,
        "Total Revenue": NaN,
        "Gross Profit": NaN,
        "Operating Income": NaN,
        "EBIT": NaN,
        "Net Income": NaN
    },
    "2019-09-30": {
        "Diluted EPS": 2.0,
        "Total Revenue": 3,
        "Gross Profit": 3,
        "Operating Income": 3,
        "EBIT": 3,
        "Net Income": 1
    },
    "2019-06-30": {
        "Diluted EPS": 0.0,
        "Total Revenue": 1,
        "Gross Profit": 1,
        "Operating Income": 1,
        "EBIT": 1,
        "Net Income": 0
    },
    "2016-03-31": {
        "Diluted EPS": -23.0,
        "Total Revenue": 0,
        "Gross Profit": 0,
        "Operating Income": 0,
        "EBIT": 0,
        "Net Income": -1
    },
    "2022-12-31": {
        "Tax Effect Of Unusual Items": 0.0,
        "Tax Rate For Calcs": 0.0,
        "Normalized EBITDA": -3840000.0,
        "Total Unusual Items": -35005000.0,
        "Total Unusual Items Excluding Goodwill": -35005000.0,
        "Net Income From Continuing Operation Net Minority Interest": -40144000.0,
        "Reconciled Depreciation": 303000.0,
        "Reconciled Cost Of Revenue": 1335000.0,
        "EBITDA": -38845000.0,
        "EBIT": -39148000.0,
        "Net Interest Income": -996000.0,
        "Interest Expense": 996000.0,
        "Normalized Income": -5139000.0,
        "Net Income From Continuing And Discontinued Operation": -40144000.0,
        "Total Expenses": 6084000.0,
        "Total Operating Income As Reported": -32972000.0,
        "Diluted Average Shares": NaN,
        "Basic Average Shares": NaN,
        "Diluted EPS": NaN,
        "Basic EPS": NaN,
        "Diluted NI Availto Com Stockholders": -40329000.0,
        "Net Income Common Stockholders": -40329000.0,
        "Preferred Stock Dividends": 185000.0,
        "Net Income": -40144000.0,
        "Net Income Including Noncontrolling Interests": -40144000.0,
        "Net Income Discontinuous Operations": 0.0,
        "Net Income Continuous Operations": -40144000.0,
        "Pretax Income": -40144000.0,
        "Other Income Expense": -35005000.0,
        "Other Non Operating Income Expenses": NaN,
        "Special Income Charges": -35005000.0,
        "Gain On Sale Of Ppe": 0.0,
        "Gain On Sale Of Business": -149000.0,
        "Other Special Charges": 8102000.0,
        "Write Off": NaN,
        "Impairment Of Capital Assets": 26754000.0,
        "Net Non Operating Interest Income Expense": -996000.0,
        "Interest Expense Non Operating": 996000.0,
        "Operating Income": -4143000.0,
        "Operating Expense": 4749000.0,
        "Depreciation Amortization Depletion Income Statement": 303000.0,
        "Depreciation And Amortization In Income Statement": 303000.0,
        "Research And Development": 572000.0,
        "Selling General And Administration": 3874000.0,
        "Selling And Marketing Expense": -56000.0,
        "General And Administrative Expense": 3930000.0,
        "Other Gand A": 3930000.0,
        "Gross Profit": 606000.0,
        "Cost Of Revenue": 1335000.0,
        "Total Revenue": 1941000.0,
        "Operating Revenue": 1941000.0
    },
    "2023-09-30": {
        "Tax Effect Of Unusual Items": 0.0,
        "Tax Rate For Calcs": 0.0,
        "Normalized EBITDA": -940000.0,
        "Total Unusual Items": 0.0,
        "Total Unusual Items Excluding Goodwill": 0.0,
        "Net Income From Continuing Operation Net Minority Interest": -1424000.0,
        "Reconciled Depreciation": 69000.0,
        "Reconciled Cost Of Revenue": 104000.0,
        "EBITDA": -940000.0,
        "EBIT": -1009000.0,
        "Net Interest Income": -415000.0,
        "Interest Expense": 415000.0,
        "Normalized Income": -1424000.0,
        "Net Income From Continuing And Discontinued Operation": -1424000.0,
        "Total Expenses": 1259000.0,
        "Total Operating Income As Reported": -1009000.0,
        "Diluted Average Shares": 2695571.0,
        "Basic Average Shares": 2695571.0,
        "Diluted EPS": -0.6,
        "Basic EPS": -0.6,
        "Diluted NI Availto Com Stockholders": -1609000.0,
        "Net Income Common Stockholders": -1609000.0,
        "Preferred Stock Dividends": 185000.0,
        "Net Income": -1424000.0,
        "Net Income Including Noncontrolling Interests": -1424000.0,
        "Net Income Discontinuous Operations": 0.0,
        "Net Income Continuous Operations": -1424000.0,
        "Pretax Income": -1424000.0,
        "Other Income Expense": NaN,
        "Other Non Operating Income Expenses": NaN,
        "Special Income Charges": 0.0,
        "Gain On Sale Of Ppe": 0.0,
        "Gain On Sale Of Business": 0.0,
        "Other Special Charges": NaN,
        "Write Off": NaN,
        "Impairment Of Capital Assets": 0.0,
        "Net Non Operating Interest Income Expense": -415000.0,
        "Interest Expense Non Operating": 415000.0,
        "Operating Income": -1009000.0,
        "Operating Expense": 1155000.0,
        "Depreciation Amortization Depletion Income Statement": 69000.0,
        "Depreciation And Amortization In Income Statement": 69000.0,
        "Research And Development": 46000.0,
        "Selling General And Administration": 1040000.0,
        "Selling And Marketing Expense": 0.0,
        "General And Administrative Expense": 1040000.0,
        "Other Gand A": 1040000.0,
        "Gross Profit": 146000.0,
        "Cost Of Revenue": 104000.0,
        "Total Revenue": 250000.0,
        "Operating Revenue": 250000.0
    },
    "2023-06-30": {
        "Tax Effect Of Unusual Items": 0.0,
        "Tax Rate For Calcs": 0.21,
        "Normalized EBITDA": 1110000.0,
        "Total Unusual Items": 0.0,
        "Total Unusual Items Excluding Goodwill": 0.0,
        "Net Income From Continuing Operation Net Minority Interest": 638000.0,
        "Reconciled Depreciation": 68000.0,
        "Reconciled Cost Of Revenue": 809000.0,
        "EBITDA": 1110000.0,
        "EBIT": 1042000.0,
        "Net Interest Income": -404000.0,
        "Interest Expense": 404000.0,
        "Normalized Income": 638000.0,
        "Net Income From Continuing And Discontinued Operation": 638000.0,
        "Total Expenses": 2412000.0,
        "Total Operating Income As Reported": 1084000.0,
        "Diluted Average Shares": 2693971.0,
        "Basic Average Shares": 2693971.0,
        "Diluted EPS": 0.17,
        "Basic EPS": 0.17,
        "Diluted NI Availto Com Stockholders": 453000.0,
        "Net Income Common Stockholders": 453000.0,
        "Preferred Stock Dividends": 185000.0,
        "Net Income": 638000.0,
        "Net Income Including Noncontrolling Interests": 638000.0,
        "Net Income Discontinuous Operations": 0.0,
        "Net Income Continuous Operations": 638000.0,
        "Pretax Income": 638000.0,
        "Other Income Expense": -42000.0,
        "Other Non Operating Income Expenses": -42000.0,
        "Special Income Charges": 0.0,
        "Gain On Sale Of Ppe": 0.0,
        "Gain On Sale Of Business": 0.0,
        "Other Special Charges": NaN,
        "Write Off": 0.0,
        "Impairment Of Capital Assets": NaN,
        "Net Non Operating Interest Income Expense": -404000.0,
        "Interest Expense Non Operating": 404000.0,
        "Operating Income": 1084000.0,
        "Operating Expense": 1603000.0,
        "Depreciation Amortization Depletion Income Statement": 68000.0,
        "Depreciation And Amortization In Income Statement": 68000.0,
        "Research And Development": 49000.0,
        "Selling General And Administration": 1486000.0,
        "Selling And Marketing Expense": 0.0,
        "General And Administrative Expense": 1486000.0,
        "Other Gand A": 1486000.0,
        "Gross Profit": 2687000.0,
        "Cost Of Revenue": 809000.0,
        "Total Revenue": 3496000.0,
        "Operating Revenue": 3496000.0
    },
    "2023-03-31": {
        "Tax Effect Of Unusual Items": 0.0,
        "Tax Rate For Calcs": 0.0,
        "Normalized EBITDA": -2054000.0,
        "Total Unusual Items": -2388000.0,
        "Total Unusual Items Excluding Goodwill": -2388000.0,
        "Net Income From Continuing Operation Net Minority Interest": -4930000.0,
        "Reconciled Depreciation": 69000.0,
        "Reconciled Cost Of Revenue": 301000.0,
        "EBITDA": -4442000.0,
        "EBIT": -4511000.0,
        "Net Interest Income": -419000.0,
        "Interest Expense": 419000.0,
        "Normalized Income": -2542000.0,
        "Net Income From Continuing And Discontinued Operation": -4930000.0,
        "Total Expenses": 2606000.0,
        "Total Operating Income As Reported": -2565000.0,
        "Diluted Average Shares": 2593028.0,
        "Basic Average Shares": 2593028.0,
        "Diluted EPS": -1.97,
        "Basic EPS": -1.97,
        "Diluted NI Availto Com Stockholders": -5115000.0,
        "Net Income Common Stockholders": -5115000.0,
        "Preferred Stock Dividends": 185000.0,
        "Net Income": -4930000.0,
        "Net Income Including Noncontrolling Interests": -4930000.0,
        "Net Income Discontinuous Operations": 0.0,
        "Net Income Continuous Operations": -4930000.0,
        "Pretax Income": -4930000.0,
        "Other Income Expense": -2388000.0,
        "Other Non Operating Income Expenses": NaN,
        "Special Income Charges": -2388000.0,
        "Gain On Sale Of Ppe": 0.0,
        "Gain On Sale Of Business": 454000.0,
        "Other Special Charges": 1946000.0,
        "Write Off": NaN,
        "Impairment Of Capital Assets": 896000.0,
        "Net Non Operating Interest Income Expense": -419000.0,
        "Interest Expense Non Operating": 419000.0,
        "Operating Income": -2123000.0,
        "Operating Expense": 2305000.0,
        "Depreciation Amortization Depletion Income Statement": 69000.0,
        "Depreciation And Amortization In Income Statement": 69000.0,
        "Research And Development": 57000.0,
        "Selling General And Administration": 2179000.0,
        "Selling And Marketing Expense": 0.0,
        "General And Administrative Expense": 2179000.0,
        "Other Gand A": 2179000.0,
        "Gross Profit": 182000.0,
        "Cost Of Revenue": 301000.0,
        "Total Revenue": 483000.0,
        "Operating Revenue": 483000.0
    }
}