{
    "2023-03-31": {
        "Tax Effect Of Unusual Items": 48960000.0,
        "Tax Rate For Calcs": 0.36,
        "Normalized EBITDA": 6624000000.0,
        "Total Unusual Items": 136000000.0,
        "Total Unusual Items Excluding Goodwill": 136000000.0,
        "Net Income From Continuing Operation Net Minority Interest": 2920000000.0,
        "Reconciled Depreciation": 1942000000.0,
        "Reconciled Cost Of Revenue": 9859000000.0,
        "EBITDA": 6760000000.0,
        "EBIT": 4818000000.0,
        "Net Interest Income": -256000000.0,
        "Interest Expense": 256000000.0,
        "Normalized Income": 2832960000.0,
        "Net Income From Continuing And Discontinued Operation": 2920000000.0,
        "Total Expenses": 10732000000.0,
        "Diluted Average Shares": 1223355000.0,
        "Basic Average Shares": 1220228000.0,
        "Diluted EPS": 2.38,
        "Basic EPS": 2.38,
        "Diluted NI Availto Com Stockholders": 2920000000.0,
        "Net Income Common Stockholders": 2920000000.0,
        "Otherunder Preferred Stock Dividend": NaN,
        "Net Income": 2920000000.0,
        "Net Income Including Noncontrolling Interests": 2920000000.0,
        "Net Income Continuous Operations": 2920000000.0,
        "Tax Provision": 1642000000.0,
        "Pretax Income": 4562000000.0,
        "Other Income Expense": 739000000.0,
        "Other Non Operating Income Expenses": 104000000.0,
        "Special Income Charges": 92000000.0,
        "Gain On Sale Of Ppe": 93000000.0,
        "Impairment Of Capital Assets": 1000000.0,
        "Earnings From Equity Interest": 499000000.0,
        "Gain On Sale Of Security": 44000000.0,
        "Net Non Operating Interest Income Expense": -256000000.0,
        "Interest Expense Non Operating": 256000000.0,
        "Operating Income": 4079000000.0,
        "Operating Expense": 873000000.0,
        "Other Operating Expenses": 138000000.0,
        "Other Taxes": 576000000.0,
        "Selling General And Administration": 159000000.0,
        "Gross Profit": 4952000000.0,
        "Cost Of Revenue": 9859000000.0,
        "Total Revenue": 14811000000.0,
        "Operating Revenue": 14811000000.0
    },
    "2022-12-31": {
        "Tax Effect Of Unusual Items": 101671060.17192,
        "Tax Rate For Calcs": 0.37937,
        "Normalized EBITDA": 7212000000.0,
        "Total Unusual Items": 268000000.0,
        "Total Unusual Items Excluding Goodwill": 268000000.0,
        "Net Income From Continuing Operation Net Minority Interest": 3249000000.0,
        "Reconciled Depreciation": 1999000000.0,
        "Reconciled Cost Of Revenue": 12619000000.0,
        "EBITDA": 7480000000.0,
        "EBIT": 5481000000.0,
        "Net Interest Income": -51000000.0,
        "Interest Expense": 246000000.0,
        "Normalized Income": 3082671060.17192,
        "Net Income From Continuing And Discontinued Operation": 3249000000.0,
        "Total Expenses": 13761000000.0,
        "Diluted Average Shares": 1243037000.0,
        "Basic Average Shares": 1239277000.0,
        "Diluted EPS": 2.61,
        "Basic EPS": 2.61,
        "Diluted NI Availto Com Stockholders": 3189000000.0,
        "Net Income Common Stockholders": 3189000000.0,
        "Otherunder Preferred Stock Dividend": NaN,
        "Net Income": 3249000000.0,
        "Net Income Including Noncontrolling Interests": 3249000000.0,
        "Net Income Continuous Operations": 3249000000.0,
        "Tax Provision": 1986000000.0,
        "Pretax Income": 5235000000.0,
        "Other Income Expense": 489000000.0,
        "Other Non Operating Income Expenses": -349000000.0,
        "Special Income Charges": 56000000.0,
        "Gain On Sale Of Ppe": 38000000.0,
        "Impairment Of Capital Assets": -18000000.0,
        "Earnings From Equity Interest": 570000000.0,
        "Gain On Sale Of Security": 212000000.0,
        "Net Non Operating Interest Income Expense": -51000000.0,
        "Interest Expense Non Operating": 246000000.0,
        "Operating Income": 4797000000.0,
        "Operating Expense": 1142000000.0,
        "Other Operating Expenses": 263000000.0,
        "Other Taxes": 687000000.0,
        "Selling General And Administration": 192000000.0,
        "Gross Profit": 5939000000.0,
        "Cost Of Revenue": 12619000000.0,
        "Total Revenue": 18558000000.0,
        "Operating Revenue": 18558000000.0
    },
    "2022-09-30": {
        "Tax Effect Of Unusual Items": 19992000.0,
        "Tax Rate For Calcs": 0.392,
        "Normalized EBITDA": 9520000000.0,
        "Total Unusual Items": 51000000.0,
        "Total Unusual Items Excluding Goodwill": 51000000.0,
        "Net Income From Continuing Operation Net Minority Interest": 4527000000.0,
        "Reconciled Depreciation": 1872000000.0,
        "Reconciled Cost Of Revenue": 12922000000.0,
        "EBITDA": 9571000000.0,
        "EBIT": 7699000000.0,
        "Net Interest Income": -259000000.0,
        "Interest Expense": 259000000.0,
        "Normalized Income": 4495992000.0,
        "Net Income From Continuing And Discontinued Operation": 4527000000.0,
        "Total Expenses": 14002000000.0,
        "Diluted Average Shares": 1269321000.0,
        "Basic Average Shares": 1265893000.0,
        "Diluted EPS": 3.55,
        "Basic EPS": 3.56,
        "Diluted NI Availto Com Stockholders": 4527000000.0,
        "Net Income Common Stockholders": 4527000000.0,
        "Otherunder Preferred Stock Dividend": NaN,
        "Net Income": 4527000000.0,
        "Net Income Including Noncontrolling Interests": 4527000000.0,
        "Net Income Continuous Operations": 4527000000.0,
        "Tax Provision": 2913000000.0,
        "Pretax Income": 7440000000.0,
        "Other Income Expense": 688000000.0,
        "Other Non Operating Income Expenses": 76000000.0,
        "Special Income Charges": -42000000.0,
        "Gain On Sale Of Ppe": -40000000.0,
        "Write Off": NaN,
        "Impairment Of Capital Assets": 2000000.0,
        "Earnings From Equity Interest": 561000000.0,
        "Gain On Sale Of Security": 93000000.0,
        "Net Non Operating Interest Income Expense": -259000000.0,
        "Interest Expense Non Operating": 259000000.0,
        "Operating Income": 7011000000.0,
        "Operating Expense": 1080000000.0,
        "Other Operating Expenses": 89000000.0,
        "Other Taxes": 843000000.0,
        "Selling General And Administration": 148000000.0,
        "Gross Profit": 8091000000.0,
        "Cost Of Revenue": 12922000000.0,
        "Total Revenue": 21013000000.0,
        "Operating Revenue": 21013000000.0
    },
    "2022-06-30": {
        "Tax Effect Of Unusual Items": 108240000.0,
        "Tax Rate For Calcs": 0.328,
        "Normalized EBITDA": 9407000000.0,
        "Total Unusual Items": 330000000.0,
        "Total Unusual Items Excluding Goodwill": 330000000.0,
        "Net Income From Continuing Operation Net Minority Interest": 5145000000.0,
        "Reconciled Depreciation": 1810000000.0,
        "Reconciled Cost Of Revenue": 12785000000.0,
        "EBITDA": 9737000000.0,
        "EBIT": 7927000000.0,
        "Net Interest Income": -272000000.0,
        "Interest Expense": 272000000.0,
        "Normalized Income": 4923240000.0,
        "Net Income From Continuing And Discontinued Operation": 5145000000.0,
        "Total Expenses": 14044000000.0,
        "Diluted Average Shares": 1295844000.0,
        "Basic Average Shares": 1289791000.0,
        "Diluted EPS": 3.96,
        "Basic EPS": 3.98,
        "Diluted NI Availto Com Stockholders": 5145000000.0,
        "Net Income Common Stockholders": 5145000000.0,
        "Otherunder Preferred Stock Dividend": NaN,
        "Net Income": 5145000000.0,
        "Net Income Including Noncontrolling Interests": 5145000000.0,
        "Net Income Continuous Operations": 5145000000.0,
        "Tax Provision": 2510000000.0,
        "Pretax Income": 7655000000.0,
        "Other Income Expense": 810000000.0,
        "Other Non Operating Income Expenses": -44000000.0,
        "Special Income Charges": 260000000.0,
        "Gain On Sale Of Ppe": 262000000.0,
        "Write Off": NaN,
        "Impairment Of Capital Assets": 2000000.0,
        "Earnings From Equity Interest": 524000000.0,
        "Gain On Sale Of Security": 70000000.0,
        "Net Non Operating Interest Income Expense": -272000000.0,
        "Interest Expense Non Operating": 272000000.0,
        "Operating Income": 7117000000.0,
        "Operating Expense": 1259000000.0,
        "Other Operating Expenses": 143000000.0,
        "Other Taxes": 1020000000.0,
        "Selling General And Administration": 96000000.0,
        "Gross Profit": 8376000000.0,
        "Cost Of Revenue": 12785000000.0,
        "Total Revenue": 21161000000.0,
        "Operating Revenue": 21161000000.0
    },
    "2023-06-30": {
        "Tax Effect Of Unusual Items": 4368000.0,
        "Tax Rate For Calcs": 0.336,
        "Normalized EBITDA": 5606000000.0,
        "Total Unusual Items": 13000000.0,
        "Total Unusual Items Excluding Goodwill": 13000000.0,
        "Net Income From Continuing Operation Net Minority Interest": 2232000000.0,
        "Reconciled Depreciation": 2010000000.0,
        "Reconciled Cost Of Revenue": 8512000000.0,
        "EBITDA": 5619000000.0,
        "EBIT": 3609000000.0,
        "Net Interest Income": -247000000.0,
        "Interest Expense": 247000000.0,
        "Normalized Income": 2223368000.0,
        "Net Income From Continuing And Discontinued Operation": 2232000000.0,
        "Total Expenses": 9312000000.0,
        "Diluted Average Shares": 1210342000.0,
        "Basic Average Shares": 1207443000.0,
        "Diluted EPS": 1.84,
        "Basic EPS": 1.84,
        "Diluted NI Availto Com Stockholders": 2224000000.0,
        "Net Income Common Stockholders": 2224000000.0,
        "Otherunder Preferred Stock Dividend": 8000000.0,
        "Net Income": 2232000000.0,
        "Net Income Including Noncontrolling Interests": 2232000000.0,
        "Net Income Continuous Operations": 2232000000.0,
        "Tax Provision": 1130000000.0,
        "Pretax Income": 3362000000.0,
        "Other Income Expense": 570000000.0,
        "Other Non Operating Income Expenses": 145000000.0,
        "Special Income Charges": -1000000.0,
        "Gain On Sale Of Ppe": -1000000.0,
        "Impairment Of Capital Assets": 0.0,
        "Earnings From Equity Interest": 412000000.0,
        "Gain On Sale Of Security": 14000000.0,
        "Net Non Operating Interest Income Expense": -247000000.0,
        "Interest Expense Non Operating": 247000000.0,
        "Operating Income": 3039000000.0,
        "Operating Expense": 800000000.0,
        "Other Operating Expenses": 83000000.0,
        "Other Taxes": 512000000.0,
        "Selling General And Administration": 205000000.0,
        "Gross Profit": 3839000000.0,
        "Cost Of Revenue": 8512000000.0,
        "Total Revenue": 12351000000.0,
        "Operating Revenue": 12351000000.0
    },
    "2022-03-31": {
        "Diluted EPS": 4.39,
        "Total Revenue": NaN,
        "Gross Profit": NaN,
        "Operating Income": NaN,
        "EBIT": NaN,
        "Net Income": NaN
    },
    "2021-12-31": {
        "Diluted EPS": 1.99,
        "Total Revenue": NaN,
        "Gross Profit": NaN,
        "Operating Income": NaN,
        "EBIT": NaN,
        "Net Income": NaN
    },
    "2021-09-30": {
        "Diluted EPS": 1.78,
        "Total Revenue": NaN,
        "Gross Profit": NaN,
        "Operating Income": NaN,
        "EBIT": NaN,
        "Net Income": NaN
    },
    "2021-06-30": {
        "Diluted EPS": 1.55,
        "Total Revenue": NaN,
        "Gross Profit": NaN,
        "Operating Income": NaN,
        "EBIT": NaN,
        "Net Income": NaN
    },
    "2021-03-31": {
        "Diluted EPS": 0.75,
        "Total Revenue": NaN,
        "Gross Profit": NaN,
        "Operating Income": NaN,
        "EBIT": NaN,
        "Net Income": 982
    },
    "2020-12-31": {
        "Diluted EPS": -0.73,
        "Total Revenue": NaN,
        "Gross Profit": NaN,
        "Operating Income": -811,
        "EBIT": 787,
        "Net Income": -772
    },
    "2020-09-30": {
        "Diluted EPS": -0.42,
        "Total Revenue": NaN,
        "Gross Profit": NaN,
        "Operating Income": -255,
        "EBIT": NaN,
        "Net Income": -450
    },
    "2020-06-30": {
        "Diluted EPS": 0.24,
        "Total Revenue": NaN,
        "Gross Profit": NaN,
        "Operating Income": 296,
        "EBIT": NaN,
        "Net Income": 260
    },
    "2020-03-31": {
        "Diluted EPS": -1.6,
        "Total Revenue": NaN,
        "Gross Profit": NaN,
        "Operating Income": NaN,
        "EBIT": 94,
        "Net Income": NaN
    },
    "2019-12-31": {
        "Diluted EPS": 0.66,
        "Total Revenue": NaN,
        "Gross Profit": NaN,
        "Operating Income": NaN,
        "EBIT": NaN,
        "Net Income": 720
    },
    "2019-09-30": {
        "Diluted EPS": 2.74,
        "Total Revenue": NaN,
        "Gross Profit": NaN,
        "Operating Income": NaN,
        "EBIT": NaN,
        "Net Income": NaN
    },
    "2019-06-30": {
        "Diluted EPS": 1.4,
        "Total Revenue": NaN,
        "Gross Profit": NaN,
        "Operating Income": NaN,
        "EBIT": NaN,
        "Net Income": NaN
    },
    "2019-03-31": {
        "Diluted EPS": 1.6,
        "Total Revenue": NaN,
        "Gross Profit": NaN,
        "Operating Income": NaN,
        "EBIT": NaN,
        "Net Income": NaN
    },
    "2018-12-31": {
        "Diluted EPS": 1.59,
        "Total Revenue": NaN,
        "Gross Profit": NaN,
        "Operating Income": NaN,
        "EBIT": NaN,
        "Net Income": NaN
    },
    "2018-09-30": {
        "Diluted EPS": 1.59,
        "Total Revenue": NaN,
        "Gross Profit": NaN,
        "Operating Income": NaN,
        "EBIT": NaN,
        "Net Income": NaN
    },
    "2018-06-30": {
        "Diluted EPS": 1.39,
        "Total Revenue": NaN,
        "Gross Profit": NaN,
        "Operating Income": NaN,
        "EBIT": NaN,
        "Net Income": NaN
    },
    "2018-03-31": {
        "Diluted EPS": 0.75,
        "Total Revenue": NaN,
        "Gross Profit": NaN,
        "Operating Income": NaN,
        "EBIT": NaN,
        "Net Income": 888
    },
    "2017-12-31": {
        "Diluted EPS": 1.27,
        "Total Revenue": NaN,
        "Gross Profit": NaN,
        "Operating Income": NaN,
        "EBIT": NaN,
        "Net Income": NaN
    },
    "2017-09-30": {
        "Diluted EPS": 0.34,
        "Total Revenue": NaN,
        "Gross Profit": NaN,
        "Operating Income": 998,
        "EBIT": NaN,
        "Net Income": 420
    },
    "2017-06-30": {
        "Diluted EPS": -2.78,
        "Total Revenue": NaN,
        "Gross Profit": NaN,
        "Operating Income": NaN,
        "EBIT": NaN,
        "Net Income": NaN
    },
    "2017-03-31": {
        "Diluted EPS": 0.47,
        "Total Revenue": NaN,
        "Gross Profit": NaN,
        "Operating Income": 188,
        "EBIT": NaN,
        "Net Income": 586
    },
    "2016-12-31": {
        "Diluted EPS": -0.03,
        "Total Revenue": NaN,
        "Gross Profit": NaN,
        "Operating Income": 374,
        "EBIT": NaN,
        "Net Income": -35
    },
    "2016-09-30": {
        "Diluted EPS": -0.84,
        "Total Revenue": NaN,
        "Gross Profit": NaN,
        "Operating Income": NaN,
        "EBIT": NaN,
        "Net Income": NaN
    },
    "2016-06-30": {
        "Diluted EPS": -0.86,
        "Total Revenue": NaN,
        "Gross Profit": NaN,
        "Operating Income": NaN,
        "EBIT": NaN,
        "Net Income": NaN
    },
    "2016-03-31": {
        "Diluted EPS": -1.18,
        "Total Revenue": NaN,
        "Gross Profit": NaN,
        "Operating Income": NaN,
        "EBIT": 538,
        "Net Income": NaN
    },
    "2015-12-31": {
        "Diluted EPS": -2.78,
        "Total Revenue": NaN,
        "Gross Profit": NaN,
        "Operating Income": NaN,
        "EBIT": NaN,
        "Net Income": NaN
    },
    "2015-09-30": {
        "Diluted EPS": -0.87,
        "Total Revenue": NaN,
        "Gross Profit": NaN,
        "Operating Income": NaN,
        "EBIT": 942,
        "Net Income": NaN
    },
    "2015-06-30": {
        "Diluted EPS": -0.15,
        "Total Revenue": NaN,
        "Gross Profit": NaN,
        "Operating Income": 233,
        "EBIT": NaN,
        "Net Income": -179
    },
    "2015-03-31": {
        "Diluted EPS": 0.22,
        "Total Revenue": NaN,
        "Gross Profit": NaN,
        "Operating Income": -49,
        "EBIT": NaN,
        "Net Income": 272
    },
    "2014-12-31": {
        "Diluted EPS": -0.04,
        "Total Revenue": NaN,
        "Gross Profit": NaN,
        "Operating Income": -104,
        "EBIT": NaN,
        "Net Income": -39
    },
    "2014-09-30": {
        "Diluted EPS": 2.17,
        "Total Revenue": NaN,
        "Gross Profit": NaN,
        "Operating Income": NaN,
        "EBIT": NaN,
        "Net Income": NaN
    },
    "2014-06-30": {
        "Diluted EPS": 1.67,
        "Total Revenue": NaN,
        "Gross Profit": NaN,
        "Operating Income": NaN,
        "EBIT": NaN,
        "Net Income": NaN
    },
    "2014-03-31": {
        "Diluted EPS": 1.71,
        "Total Revenue": NaN,
        "Gross Profit": NaN,
        "Operating Income": NaN,
        "EBIT": NaN,
        "Net Income": NaN
    },
    "2013-12-31": {
        "Diluted EPS": 2.0,
        "Total Revenue": NaN,
        "Gross Profit": NaN,
        "Operating Income": NaN,
        "EBIT": NaN,
        "Net Income": NaN
    },
    "2013-09-30": {
        "Diluted EPS": 2.0,
        "Total Revenue": NaN,
        "Gross Profit": NaN,
        "Operating Income": NaN,
        "EBIT": NaN,
        "Net Income": NaN
    },
    "2013-06-30": {
        "Diluted EPS": 1.65,
        "Total Revenue": NaN,
        "Gross Profit": NaN,
        "Operating Income": NaN,
        "EBIT": NaN,
        "Net Income": NaN
    },
    "2013-03-31": {
        "Diluted EPS": 1.73,
        "Total Revenue": NaN,
        "Gross Profit": NaN,
        "Operating Income": NaN,
        "EBIT": NaN,
        "Net Income": NaN
    },
    "2012-12-31": {
        "Diluted EPS": 1.19,
        "Total Revenue": NaN,
        "Gross Profit": NaN,
        "Operating Income": NaN,
        "EBIT": NaN,
        "Net Income": NaN
    },
    "2012-09-30": {
        "Diluted EPS": 1.46,
        "Total Revenue": NaN,
        "Gross Profit": NaN,
        "Operating Income": NaN,
        "EBIT": NaN,
        "Net Income": NaN
    },
    "2012-06-30": {
        "Diluted EPS": 1.8,
        "Total Revenue": NaN,
        "Gross Profit": NaN,
        "Operating Income": NaN,
        "EBIT": NaN,
        "Net Income": NaN
    },
    "2012-03-31": {
        "Diluted EPS": 2.27,
        "Total Revenue": NaN,
        "Gross Profit": NaN,
        "Operating Income": NaN,
        "EBIT": NaN,
        "Net Income": NaN
    },
    "2011-12-31": {
        "Diluted EPS": 2.56,
        "Total Revenue": NaN,
        "Gross Profit": NaN,
        "Operating Income": NaN,
        "EBIT": NaN,
        "Net Income": NaN
    },
    "2011-09-30": {
        "Diluted EPS": 1.91,
        "Total Revenue": NaN,
        "Gross Profit": NaN,
        "Operating Income": NaN,
        "EBIT": NaN,
        "Net Income": NaN
    },
    "2011-06-30": {
        "Diluted EPS": 2.41,
        "Total Revenue": NaN,
        "Gross Profit": NaN,
        "Operating Income": NaN,
        "EBIT": NaN,
        "Net Income": NaN
    },
    "2011-03-31": {
        "Diluted EPS": 2.09,
        "Total Revenue": NaN,
        "Gross Profit": NaN,
        "Operating Income": NaN,
        "EBIT": NaN,
        "Net Income": NaN
    },
    "2010-12-31": {
        "Diluted EPS": 1.39,
        "Total Revenue": NaN,
        "Gross Profit": NaN,
        "Operating Income": NaN,
        "EBIT": NaN,
        "Net Income": NaN
    },
    "2010-09-30": {
        "Diluted EPS": 2.05,
        "Total Revenue": NaN,
        "Gross Profit": NaN,
        "Operating Income": NaN,
        "EBIT": NaN,
        "Net Income": NaN
    },
    "2010-06-30": {
        "Diluted EPS": 2.77,
        "Total Revenue": NaN,
        "Gross Profit": NaN,
        "Operating Income": NaN,
        "EBIT": NaN,
        "Net Income": NaN
    },
    "2010-03-31": {
        "Diluted EPS": 1.4,
        "Total Revenue": NaN,
        "Gross Profit": NaN,
        "Operating Income": NaN,
        "EBIT": NaN,
        "Net Income": NaN
    },
    "2009-12-31": {
        "Diluted EPS": 0.86,
        "Total Revenue": NaN,
        "Gross Profit": NaN,
        "Operating Income": NaN,
        "EBIT": NaN,
        "Net Income": NaN
    },
    "2009-09-30": {
        "Diluted EPS": 0.97,
        "Total Revenue": NaN,
        "Gross Profit": NaN,
        "Operating Income": NaN,
        "EBIT": NaN,
        "Net Income": NaN
    },
    "2009-06-30": {
        "Diluted EPS": 0.57,
        "Total Revenue": NaN,
        "Gross Profit": NaN,
        "Operating Income": NaN,
        "EBIT": NaN,
        "Net Income": 859
    },
    "2009-03-31": {
        "Diluted EPS": 0.54,
        "Total Revenue": NaN,
        "Gross Profit": NaN,
        "Operating Income": NaN,
        "EBIT": NaN,
        "Net Income": 800
    },
    "2023-09-30": {
        "Tax Effect Of Unusual Items": 13356000.0,
        "Tax Rate For Calcs": 0.318,
        "Normalized EBITDA": 6566000000.0,
        "Total Unusual Items": 42000000.0,
        "Total Unusual Items Excluding Goodwill": 42000000.0,
        "Net Income From Continuing Operation Net Minority Interest": 2798000000.0,
        "Reconciled Depreciation": 2246000000.0,
        "Reconciled Cost Of Revenue": 9633000000.0,
        "EBITDA": 6608000000.0,
        "EBIT": 4362000000.0,
        "Net Interest Income": -262000000.0,
        "Interest Expense": 262000000.0,
        "Normalized Income": 2769356000.0,
        "Net Income From Continuing And Discontinued Operation": 2798000000.0,
        "Total Expenses": 10430000000.0,
        "Diluted Average Shares": 1199746000.0,
        "Basic Average Shares": 1196641000.0,
        "Diluted EPS": 2.32,
        "Basic EPS": 2.33,
        "Diluted NI Availto Com Stockholders": 2798000000.0,
        "Net Income Common Stockholders": 2798000000.0,
        "Otherunder Preferred Stock Dividend": NaN,
        "Net Income": 2798000000.0,
        "Net Income Including Noncontrolling Interests": 2798000000.0,
        "Net Income Continuous Operations": 2798000000.0,
        "Tax Provision": 1302000000.0,
        "Pretax Income": 4100000000.0,
        "Other Income Expense": 542000000.0,
        "Other Non Operating Income Expenses": 112000000.0,
        "Special Income Charges": 97000000.0,
        "Gain On Sale Of Ppe": 108000000.0,
        "Impairment Of Capital Assets": 11000000.0,
        "Earnings From Equity Interest": 388000000.0,
        "Gain On Sale Of Security": -55000000.0,
        "Net Non Operating Interest Income Expense": -262000000.0,
        "Interest Expense Non Operating": 262000000.0,
        "Operating Income": 3820000000.0,
        "Operating Expense": 797000000.0,
        "Other Operating Expenses": 92000000.0,
        "Other Taxes": 536000000.0,
        "Selling General And Administration": 169000000.0,
        "Gross Profit": 4617000000.0,
        "Cost Of Revenue": 9633000000.0,
        "Total Revenue": 14250000000.0,
        "Operating Revenue": 14250000000.0
    },
    "2023-12-31": {
        "Tax Effect Of Unusual Items": -20340759.849906,
        "Tax Rate For Calcs": 0.294794,
        "Normalized EBITDA": 6703000000.0,
        "Total Unusual Items": -69000000.0,
        "Total Unusual Items Excluding Goodwill": -69000000.0,
        "Net Income From Continuing Operation Net Minority Interest": 3007000000.0,
        "Reconciled Depreciation": 2072000000.0,
        "Reconciled Cost Of Revenue": 9934000000.0,
        "EBITDA": 6634000000.0,
        "EBIT": 4562000000.0,
        "Net Interest Income": 114000000.0,
        "Interest Expense": 298000000.0,
        "Normalized Income": 3055659240.150094,
        "Net Income From Continuing And Discontinued Operation": 3007000000.0,
        "Total Expenses": 10641000000.0,
        "Diluted Average Shares": NaN,
        "Basic Average Shares": NaN,
        "Diluted EPS": NaN,
        "Basic EPS": NaN,
        "Diluted NI Availto Com Stockholders": 2972000000.0,
        "Net Income Common Stockholders": 2972000000.0,
        "Otherunder Preferred Stock Dividend": NaN,
        "Net Income": 3007000000.0,
        "Net Income Including Noncontrolling Interests": 3007000000.0,
        "Net Income Continuous Operations": 3007000000.0,
        "Tax Provision": 1257000000.0,
        "Pretax Income": 4264000000.0,
        "Other Income Expense": 62000000.0,
        "Other Non Operating Income Expenses": -290000000.0,
        "Special Income Charges": 26000000.0,
        "Gain On Sale Of Ppe": 28000000.0,
        "Impairment Of Capital Assets": 2000000.0,
        "Earnings From Equity Interest": 421000000.0,
        "Gain On Sale Of Security": -95000000.0,
        "Net Non Operating Interest Income Expense": 114000000.0,
        "Interest Expense Non Operating": 298000000.0,
        "Operating Income": 4088000000.0,
        "Operating Expense": 707000000.0,
        "Other Operating Expenses": 85000000.0,
        "Other Taxes": 450000000.0,
        "Selling General And Administration": 172000000.0,
        "Gross Profit": 4795000000.0,
        "Cost Of Revenue": 9934000000.0,
        "Total Revenue": 14729000000.0,
        "Operating Revenue": 14729000000.0
    }
}