{
    "2023-06-30": {
        "Tax Effect Of Unusual Items": -3430365.0,
        "Tax Rate For Calcs": 0.213,
        "Normalized EBITDA": 970405000.0,
        "Total Unusual Items": -16105000.0,
        "Total Unusual Items Excluding Goodwill": -16105000.0,
        "Net Income From Continuing Operation Net Minority Interest": 479581000.0,
        "Reconciled Depreciation": 277006000.0,
        "Reconciled Cost Of Revenue": 64679663000.0,
        "EBITDA": 954300000.0,
        "EBIT": 677294000.0,
        "Net Interest Income": -57864000.0,
        "Interest Expense": 68466000.0,
        "Interest Income": 10602000.0,
        "Normalized Income": 492255635.0,
        "Net Income From Continuing And Discontinued Operation": 479581000.0,
        "Total Expenses": 66260810000.0,
        "Total Operating Income As Reported": 670128000.0,
        "Diluted Average Shares": 204375000.0,
        "Basic Average Shares": 202349000.0,
        "Diluted EPS": 2.35,
        "Basic EPS": 2.37,
        "Diluted NI Availto Com Stockholders": 479581000.0,
        "Net Income Common Stockholders": 479581000.0,
        "Net Income": 479581000.0,
        "Minority Interests": 368000.0,
        "Net Income Including Noncontrolling Interests": 479213000.0,
        "Net Income Continuous Operations": 479213000.0,
        "Tax Provision": 129615000.0,
        "Pretax Income": 608828000.0,
        "Other Income Expense": -19541000.0,
        "Other Non Operating Income Expenses": -3436000.0,
        "Special Income Charges": -16105000.0,
        "Other Special Charges": -67102000.0,
        "Write Off": 0.0,
        "Impairment Of Capital Assets": 0.0,
        "Restructuring And Mergern Acquisition": 83207000.0,
        "Net Non Operating Interest Income Expense": -57864000.0,
        "Interest Expense Non Operating": 68466000.0,
        "Interest Income Non Operating": 10602000.0,
        "Operating Income": 686233000.0,
        "Operating Expense": 1578413000.0,
        "Depreciation Amortization Depletion Income Statement": 274272000.0,
        "Depreciation And Amortization In Income Statement": 274272000.0,
        "Amortization": 169768000.0,
        "Amortization Of Intangibles Income Statement": 169768000.0,
        "Depreciation Income Statement": 104504000.0,
        "Selling General And Administration": 1304141000.0,
        "Gross Profit": 2264646000.0,
        "Cost Of Revenue": 64682397000.0,
        "Total Revenue": 66947043000.0,
        "Operating Revenue": 66947043000.0
    },
    "2023-03-31": {
        "Tax Effect Of Unusual Items": NaN,
        "Tax Rate For Calcs": NaN,
        "Normalized EBITDA": NaN,
        "Total Unusual Items": NaN,
        "Total Unusual Items Excluding Goodwill": NaN,
        "Net Income From Continuing Operation Net Minority Interest": NaN,
        "Reconciled Depreciation": NaN,
        "Reconciled Cost Of Revenue": NaN,
        "EBITDA": NaN,
        "EBIT": NaN,
        "Net Interest Income": NaN,
        "Interest Expense": NaN,
        "Interest Income": NaN,
        "Normalized Income": NaN,
        "Net Income From Continuing And Discontinued Operation": NaN,
        "Total Expenses": NaN,
        "Total Operating Income As Reported": NaN,
        "Diluted Average Shares": 204256000.0,
        "Basic Average Shares": 202316000.0,
        "Diluted EPS": 2.13,
        "Basic EPS": 2.15,
        "Diluted NI Availto Com Stockholders": NaN,
        "Net Income Common Stockholders": NaN,
        "Net Income": NaN,
        "Minority Interests": NaN,
        "Net Income Including Noncontrolling Interests": NaN,
        "Net Income Continuous Operations": NaN,
        "Tax Provision": NaN,
        "Pretax Income": NaN,
        "Other Income Expense": NaN,
        "Other Non Operating Income Expenses": NaN,
        "Special Income Charges": NaN,
        "Other Special Charges": NaN,
        "Write Off": 0.0,
        "Impairment Of Capital Assets": NaN,
        "Restructuring And Mergern Acquisition": NaN,
        "Net Non Operating Interest Income Expense": NaN,
        "Interest Expense Non Operating": NaN,
        "Interest Income Non Operating": NaN,
        "Operating Income": NaN,
        "Operating Expense": NaN,
        "Depreciation Amortization Depletion Income Statement": NaN,
        "Depreciation And Amortization In Income Statement": NaN,
        "Amortization": NaN,
        "Amortization Of Intangibles Income Statement": NaN,
        "Depreciation Income Statement": NaN,
        "Selling General And Administration": NaN,
        "Gross Profit": NaN,
        "Cost Of Revenue": NaN,
        "Total Revenue": NaN,
        "Operating Revenue": NaN
    },
    "2022-12-31": {
        "Tax Effect Of Unusual Items": NaN,
        "Tax Rate For Calcs": NaN,
        "Normalized EBITDA": NaN,
        "Total Unusual Items": NaN,
        "Total Unusual Items Excluding Goodwill": NaN,
        "Net Income From Continuing Operation Net Minority Interest": NaN,
        "Reconciled Depreciation": NaN,
        "Reconciled Cost Of Revenue": NaN,
        "EBITDA": NaN,
        "EBIT": NaN,
        "Net Interest Income": NaN,
        "Interest Expense": NaN,
        "Interest Income": NaN,
        "Normalized Income": NaN,
        "Net Income From Continuing And Discontinued Operation": NaN,
        "Total Expenses": NaN,
        "Total Operating Income As Reported": NaN,
        "Diluted Average Shares": NaN,
        "Basic Average Shares": NaN,
        "Diluted EPS": NaN,
        "Basic EPS": NaN,
        "Diluted NI Availto Com Stockholders": NaN,
        "Net Income Common Stockholders": NaN,
        "Net Income": NaN,
        "Minority Interests": NaN,
        "Net Income Including Noncontrolling Interests": NaN,
        "Net Income Continuous Operations": NaN,
        "Tax Provision": NaN,
        "Pretax Income": NaN,
        "Other Income Expense": NaN,
        "Other Non Operating Income Expenses": NaN,
        "Special Income Charges": NaN,
        "Other Special Charges": NaN,
        "Write Off": 0.0,
        "Impairment Of Capital Assets": NaN,
        "Restructuring And Mergern Acquisition": NaN,
        "Net Non Operating Interest Income Expense": NaN,
        "Interest Expense Non Operating": NaN,
        "Interest Income Non Operating": NaN,
        "Operating Income": NaN,
        "Operating Expense": NaN,
        "Depreciation Amortization Depletion Income Statement": NaN,
        "Depreciation And Amortization In Income Statement": NaN,
        "Amortization": NaN,
        "Amortization Of Intangibles Income Statement": NaN,
        "Depreciation Income Statement": NaN,
        "Selling General And Administration": NaN,
        "Gross Profit": NaN,
        "Cost Of Revenue": NaN,
        "Total Revenue": NaN,
        "Operating Revenue": NaN
    },
    "2022-09-30": {
        "Tax Effect Of Unusual Items": NaN,
        "Tax Rate For Calcs": NaN,
        "Normalized EBITDA": NaN,
        "Total Unusual Items": NaN,
        "Total Unusual Items Excluding Goodwill": NaN,
        "Net Income From Continuing Operation Net Minority Interest": NaN,
        "Reconciled Depreciation": NaN,
        "Reconciled Cost Of Revenue": NaN,
        "EBITDA": NaN,
        "EBIT": NaN,
        "Net Interest Income": NaN,
        "Interest Expense": NaN,
        "Interest Income": NaN,
        "Normalized Income": NaN,
        "Net Income From Continuing And Discontinued Operation": NaN,
        "Total Expenses": NaN,
        "Total Operating Income As Reported": NaN,
        "Diluted Average Shares": NaN,
        "Basic Average Shares": NaN,
        "Diluted EPS": NaN,
        "Basic EPS": NaN,
        "Diluted NI Availto Com Stockholders": NaN,
        "Net Income Common Stockholders": NaN,
        "Net Income": NaN,
        "Minority Interests": NaN,
        "Net Income Including Noncontrolling Interests": NaN,
        "Net Income Continuous Operations": NaN,
        "Tax Provision": NaN,
        "Pretax Income": NaN,
        "Other Income Expense": NaN,
        "Other Non Operating Income Expenses": NaN,
        "Special Income Charges": NaN,
        "Other Special Charges": NaN,
        "Write Off": 0.0,
        "Impairment Of Capital Assets": 0.0,
        "Restructuring And Mergern Acquisition": NaN,
        "Net Non Operating Interest Income Expense": NaN,
        "Interest Expense Non Operating": NaN,
        "Interest Income Non Operating": NaN,
        "Operating Income": NaN,
        "Operating Expense": NaN,
        "Depreciation Amortization Depletion Income Statement": NaN,
        "Depreciation And Amortization In Income Statement": NaN,
        "Amortization": NaN,
        "Amortization Of Intangibles Income Statement": NaN,
        "Depreciation Income Statement": NaN,
        "Selling General And Administration": NaN,
        "Gross Profit": NaN,
        "Cost Of Revenue": NaN,
        "Total Revenue": NaN,
        "Operating Revenue": NaN
    },
    "2022-06-30": {
        "Tax Effect Of Unusual Items": -34082022.0,
        "Tax Rate For Calcs": 0.237,
        "Normalized EBITDA": 845105000.0,
        "Total Unusual Items": -143806000.0,
        "Total Unusual Items Excluding Goodwill": -143806000.0,
        "Net Income From Continuing Operation Net Minority Interest": 406964000.0,
        "Reconciled Depreciation": 172114000.0,
        "Reconciled Cost Of Revenue": 58049232000.0,
        "EBITDA": 701299000.0,
        "EBIT": 529185000.0,
        "Net Interest Income": -52862000.0,
        "Interest Expense": 52862000.0,
        "Interest Income": 4795000.0,
        "Normalized Income": 516687978.0,
        "Net Income From Continuing And Discontinued Operation": 406964000.0,
        "Total Expenses": 59433498000.0,
        "Total Operating Income As Reported": 487297000.0,
        "Diluted Average Shares": 211738000.0,
        "Basic Average Shares": 208885000.0,
        "Diluted EPS": 1.92,
        "Basic EPS": 1.95,
        "Diluted NI Availto Com Stockholders": 406964000.0,
        "Net Income Common Stockholders": 406964000.0,
        "Net Income": 406964000.0,
        "Minority Interests": 43761000.0,
        "Net Income Including Noncontrolling Interests": 363203000.0,
        "Net Income Continuous Operations": 363203000.0,
        "Tax Provision": 113120000.0,
        "Pretax Income": 476323000.0,
        "Other Income Expense": -101918000.0,
        "Other Non Operating Income Expenses": 41888000.0,
        "Special Income Charges": -143806000.0,
        "Other Special Charges": 23442000.0,
        "Write Off": 0.0,
        "Impairment Of Capital Assets": 75936000.0,
        "Restructuring And Mergern Acquisition": 67870000.0,
        "Net Non Operating Interest Income Expense": -52862000.0,
        "Interest Expense Non Operating": 52862000.0,
        "Interest Income Non Operating": 4795000.0,
        "Operating Income": 631103000.0,
        "Operating Expense": 1384266000.0,
        "Depreciation Amortization Depletion Income Statement": 172114000.0,
        "Depreciation And Amortization In Income Statement": 172114000.0,
        "Amortization": 74925000.0,
        "Amortization Of Intangibles Income Statement": 74925000.0,
        "Depreciation Income Statement": 97189000.0,
        "Selling General And Administration": 1212152000.0,
        "Gross Profit": 2015369000.0,
        "Cost Of Revenue": 58049232000.0,
        "Total Revenue": 60064601000.0,
        "Operating Revenue": 60064601000.0
    },
    "2023-09-30": {
        "Tax Effect Of Unusual Items": -23236906.366831,
        "Tax Rate For Calcs": 0.218275,
        "Normalized EBITDA": 910646000.0,
        "Total Unusual Items": -106457000.0,
        "Total Unusual Items Excluding Goodwill": -106457000.0,
        "Net Income From Continuing Operation Net Minority Interest": 350565000.0,
        "Reconciled Depreciation": 283660000.0,
        "Reconciled Cost Of Revenue": 66661445000.0,
        "EBITDA": 804189000.0,
        "EBIT": 520529000.0,
        "Net Interest Income": -60942000.0,
        "Interest Expense": 74106000.0,
        "Interest Income": 13164000.0,
        "Normalized Income": 433785093.633169,
        "Net Income From Continuing And Discontinued Operation": 350565000.0,
        "Total Expenses": 68338933000.0,
        "Total Operating Income As Reported": 476941000.0,
        "Diluted Average Shares": 203395000.0,
        "Basic Average Shares": 201338000.0,
        "Diluted EPS": 1.72,
        "Basic EPS": 1.74,
        "Diluted NI Availto Com Stockholders": 350565000.0,
        "Net Income Common Stockholders": 350565000.0,
        "Net Income": 350565000.0,
        "Minority Interests": 1585000.0,
        "Net Income Including Noncontrolling Interests": 348980000.0,
        "Net Income Continuous Operations": 348980000.0,
        "Tax Provision": 97443000.0,
        "Pretax Income": 446423000.0,
        "Other Income Expense": -76033000.0,
        "Other Non Operating Income Expenses": 30424000.0,
        "Special Income Charges": -106457000.0,
        "Other Special Charges": 13890000.0,
        "Write Off": 0.0,
        "Impairment Of Capital Assets": 0.0,
        "Restructuring And Mergern Acquisition": 92567000.0,
        "Net Non Operating Interest Income Expense": -60942000.0,
        "Interest Expense Non Operating": 74106000.0,
        "Interest Income Non Operating": 13164000.0,
        "Operating Income": 583398000.0,
        "Operating Expense": 1670054000.0,
        "Depreciation Amortization Depletion Income Statement": 276226000.0,
        "Depreciation And Amortization In Income Statement": 276226000.0,
        "Amortization": 170612000.0,
        "Amortization Of Intangibles Income Statement": 170612000.0,
        "Depreciation Income Statement": 105614000.0,
        "Selling General And Administration": 1393828000.0,
        "Gross Profit": 2253452000.0,
        "Cost Of Revenue": 66668879000.0,
        "Total Revenue": 68922331000.0,
        "Operating Revenue": 68922331000.0
    },
    "2023-12-31": {
        "Tax Effect Of Unusual Items": 5384990.0,
        "Tax Rate For Calcs": 0.23,
        "Normalized EBITDA": 1097046000.0,
        "Total Unusual Items": 23413000.0,
        "Total Unusual Items Excluding Goodwill": 23413000.0,
        "Net Income From Continuing Operation Net Minority Interest": 601500000.0,
        "Reconciled Depreciation": 278445000.0,
        "Reconciled Cost Of Revenue": 69776179000.0,
        "EBITDA": 1120459000.0,
        "EBIT": 842014000.0,
        "Net Interest Income": -40564000.0,
        "Interest Expense": 58616000.0,
        "Interest Income": 18052000.0,
        "Normalized Income": 583471990.0,
        "Net Income From Continuing And Discontinued Operation": 601500000.0,
        "Total Expenses": 71453371000.0,
        "Total Operating Income As Reported": 822875000.0,
        "Diluted Average Shares": 201837000.0,
        "Basic Average Shares": 200081000.0,
        "Diluted EPS": 2.98,
        "Basic EPS": 3.01,
        "Diluted NI Availto Com Stockholders": 601500000.0,
        "Net Income Common Stockholders": 601500000.0,
        "Net Income": 601500000.0,
        "Minority Interests": -1508000.0,
        "Net Income Including Noncontrolling Interests": 603008000.0,
        "Net Income Continuous Operations": 603008000.0,
        "Tax Provision": 180390000.0,
        "Pretax Income": 783398000.0,
        "Other Income Expense": 24500000.0,
        "Other Non Operating Income Expenses": 1087000.0,
        "Special Income Charges": 23413000.0,
        "Other Special Charges": -78917000.0,
        "Write Off": NaN,
        "Impairment Of Capital Assets": NaN,
        "Restructuring And Mergern Acquisition": 55504000.0,
        "Net Non Operating Interest Income Expense": -40564000.0,
        "Interest Expense Non Operating": 58616000.0,
        "Interest Income Non Operating": 18052000.0,
        "Operating Income": 799462000.0,
        "Operating Expense": 1669350000.0,
        "Depreciation Amortization Depletion Income Statement": 270603000.0,
        "Depreciation And Amortization In Income Statement": 270603000.0,
        "Amortization": 166425000.0,
        "Amortization Of Intangibles Income Statement": 166425000.0,
        "Depreciation Income Statement": 104178000.0,
        "Selling General And Administration": 1398747000.0,
        "Gross Profit": 2468812000.0,
        "Cost Of Revenue": 69784021000.0,
        "Total Revenue": 72252833000.0,
        "Operating Revenue": 72252833000.0
    },
    "2024-03-31": {
        "Tax Effect Of Unusual Items": -31773756.0,
        "Tax Rate For Calcs": 0.098,
        "Normalized EBITDA": 1147854000.0,
        "Total Unusual Items": -324222000.0,
        "Total Unusual Items Excluding Goodwill": -324222000.0,
        "Net Income From Continuing Operation Net Minority Interest": 420775000.0,
        "Reconciled Depreciation": 279756000.0,
        "Reconciled Cost Of Revenue": 65868260000.0,
        "EBITDA": 823632000.0,
        "EBIT": 543876000.0,
        "Net Interest Income": -64130000.0,
        "Interest Expense": 76810000.0,
        "Interest Income": 12680000.0,
        "Normalized Income": 713223244.0,
        "Net Income From Continuing And Discontinued Operation": 420775000.0,
        "Total Expenses": 67536826000.0,
        "Total Operating Income As Reported": 553259000.0,
        "Diluted Average Shares": 201177000.0,
        "Basic Average Shares": 199406000.0,
        "Diluted EPS": 2.09,
        "Basic EPS": 2.11,
        "Diluted NI Availto Com Stockholders": 420775000.0,
        "Net Income Common Stockholders": 420775000.0,
        "Net Income": 420775000.0,
        "Minority Interests": -430000.0,
        "Net Income Including Noncontrolling Interests": 421205000.0,
        "Net Income Continuous Operations": 421205000.0,
        "Tax Provision": 45861000.0,
        "Pretax Income": 467066000.0,
        "Other Income Expense": -346285000.0,
        "Other Non Operating Income Expenses": -22063000.0,
        "Special Income Charges": -324222000.0,
        "Other Special Charges": 225985000.0,
        "Write Off": NaN,
        "Impairment Of Capital Assets": NaN,
        "Restructuring And Mergern Acquisition": 98237000.0,
        "Net Non Operating Interest Income Expense": -64130000.0,
        "Interest Expense Non Operating": 76810000.0,
        "Interest Income Non Operating": 12680000.0,
        "Operating Income": 877481000.0,
        "Operating Expense": 1660542000.0,
        "Depreciation Amortization Depletion Income Statement": 271732000.0,
        "Depreciation And Amortization In Income Statement": 271732000.0,
        "Amortization": 165502000.0,
        "Amortization Of Intangibles Income Statement": 165502000.0,
        "Depreciation Income Statement": 106230000.0,
        "Selling General And Administration": 1388810000.0,
        "Gross Profit": 2538023000.0,
        "Cost Of Revenue": 65876284000.0,
        "Total Revenue": 68414307000.0,
        "Operating Revenue": 68414307000.0
    },
    "2024-06-30": {
        "Tax Effect Of Unusual Items": -18480000.0,
        "Tax Rate For Calcs": 0.224,
        "Normalized EBITDA": 1050660000.0,
        "Total Unusual Items": -82500000.0,
        "Total Unusual Items Excluding Goodwill": -82500000.0,
        "Net Income From Continuing Operation Net Minority Interest": 483463000.0,
        "Reconciled Depreciation": 280890000.0,
        "Reconciled Cost Of Revenue": 71822281000.0,
        "EBITDA": 968160000.0,
        "EBIT": 687270000.0,
        "Net Interest Income": -31328000.0,
        "Interest Expense": 58936000.0,
        "Interest Income": 27608000.0,
        "Normalized Income": 547483000.0,
        "Net Income From Continuing And Discontinued Operation": 483463000.0,
        "Total Expenses": 73486377000.0,
        "Total Operating Income As Reported": 672476000.0,
        "Diluted Average Shares": NaN,
        "Basic Average Shares": NaN,
        "Diluted EPS": NaN,
        "Basic EPS": NaN,
        "Diluted NI Availto Com Stockholders": 483463000.0,
        "Net Income Common Stockholders": 483463000.0,
        "Net Income": 483463000.0,
        "Minority Interests": -4131000.0,
        "Net Income Including Noncontrolling Interests": 487594000.0,
        "Net Income Continuous Operations": 487594000.0,
        "Tax Provision": 140740000.0,
        "Pretax Income": 628334000.0,
        "Other Income Expense": -95314000.0,
        "Other Non Operating Income Expenses": -12814000.0,
        "Special Income Charges": -82500000.0,
        "Other Special Charges": 14485000.0,
        "Write Off": NaN,
        "Impairment Of Capital Assets": NaN,
        "Restructuring And Mergern Acquisition": 68015000.0,
        "Net Non Operating Interest Income Expense": -31328000.0,
        "Interest Expense Non Operating": 58936000.0,
        "Interest Income Non Operating": 27608000.0,
        "Operating Income": 754976000.0,
        "Operating Expense": 1655801000.0,
        "Depreciation Amortization Depletion Income Statement": 272595000.0,
        "Depreciation And Amortization In Income Statement": 272595000.0,
        "Amortization": 164655000.0,
        "Amortization Of Intangibles Income Statement": 164655000.0,
        "Depreciation Income Statement": 107940000.0,
        "Selling General And Administration": 1383206000.0,
        "Gross Profit": 2410777000.0,
        "Cost Of Revenue": 71830576000.0,
        "Total Revenue": 74241353000.0,
        "Operating Revenue": 74241353000.0
    }
}