{
    "2023-09-30": {
        "Tax Effect Of Unusual Items": -5993400.0,
        "Tax Rate For Calcs": 0.21,
        "Normalized EBITDA": 14171000.0,
        "Total Unusual Items": -28540000.0,
        "Total Unusual Items Excluding Goodwill": -28540000.0,
        "Net Income From Continuing Operation Net Minority Interest": -41146000.0,
        "Reconciled Depreciation": 24467000.0,
        "Reconciled Cost Of Revenue": 97485000.0,
        "EBITDA": -14369000.0,
        "EBIT": -38836000.0,
        "Net Interest Income": -2196000.0,
        "Interest Expense": 2196000.0,
        "Normalized Income": -18599400.0,
        "Net Income From Continuing And Discontinued Operation": -41146000.0,
        "Total Expenses": 124290000.0,
        "Total Operating Income As Reported": -12044000.0,
        "Diluted Average Shares": 382483000.0,
        "Basic Average Shares": 382483000.0,
        "Diluted EPS": -0.11,
        "Basic EPS": -0.11,
        "Diluted NI Availto Com Stockholders": -41146000.0,
        "Net Income Common Stockholders": -41146000.0,
        "Net Income": -41146000.0,
        "Net Income Including Noncontrolling Interests": -41146000.0,
        "Net Income Continuous Operations": -41146000.0,
        "Tax Provision": 114000.0,
        "Pretax Income": -41032000.0,
        "Other Income Expense": -27450000.0,
        "Other Non Operating Income Expenses": 1090000.0,
        "Special Income Charges": -28540000.0,
        "Gain On Sale Of Ppe": 23000.0,
        "Other Special Charges": -374000.0,
        "Write Off": 681000.0,
        "Impairment Of Capital Assets": 0.0,
        "Restructuring And Mergern Acquisition": 28256000.0,
        "Gain On Sale Of Security": NaN,
        "Net Non Operating Interest Income Expense": -2196000.0,
        "Total Other Finance Cost": NaN,
        "Interest Expense Non Operating": 2196000.0,
        "Operating Income": -11386000.0,
        "Operating Expense": 26805000.0,
        "Other Operating Expenses": NaN,
        "Research And Development": 2253000.0,
        "Selling General And Administration": 24552000.0,
        "Selling And Marketing Expense": 1041000.0,
        "General And Administrative Expense": 23511000.0,
        "Other Gand A": 23511000.0,
        "Gross Profit": 15419000.0,
        "Cost Of Revenue": 97485000.0,
        "Total Revenue": 112904000.0,
        "Operating Revenue": 112904000.0
    },
    "2023-06-30": {
        "Tax Effect Of Unusual Items": -3953250.0,
        "Tax Rate For Calcs": 0.21,
        "Normalized EBITDA": 49411000.0,
        "Total Unusual Items": -18825000.0,
        "Total Unusual Items Excluding Goodwill": -18825000.0,
        "Net Income From Continuing Operation Net Minority Interest": -9260000.0,
        "Reconciled Depreciation": 20747000.0,
        "Reconciled Cost Of Revenue": 89953000.0,
        "EBITDA": 30586000.0,
        "EBIT": 9839000.0,
        "Net Interest Income": 36000.0,
        "Interest Expense": NaN,
        "Normalized Income": 5611750.0,
        "Net Income From Continuing And Discontinued Operation": -9260000.0,
        "Total Expenses": 117073000.0,
        "Total Operating Income As Reported": 9469000.0,
        "Diluted Average Shares": 375779000.0,
        "Basic Average Shares": 375779000.0,
        "Diluted EPS": -0.02,
        "Basic EPS": -0.02,
        "Diluted NI Availto Com Stockholders": -9260000.0,
        "Net Income Common Stockholders": -9260000.0,
        "Net Income": -9260000.0,
        "Net Income Including Noncontrolling Interests": -9260000.0,
        "Net Income Continuous Operations": -9260000.0,
        "Tax Provision": 129000.0,
        "Pretax Income": -9131000.0,
        "Other Income Expense": -19006000.0,
        "Other Non Operating Income Expenses": -181000.0,
        "Special Income Charges": -18825000.0,
        "Gain On Sale Of Ppe": 757000.0,
        "Other Special Charges": 85000.0,
        "Write Off": 1127000.0,
        "Impairment Of Capital Assets": 1127000.0,
        "Restructuring And Mergern Acquisition": 18455000.0,
        "Gain On Sale Of Security": NaN,
        "Net Non Operating Interest Income Expense": 36000.0,
        "Total Other Finance Cost": -36000.0,
        "Interest Expense Non Operating": NaN,
        "Operating Income": 9839000.0,
        "Operating Expense": 27120000.0,
        "Other Operating Expenses": NaN,
        "Research And Development": 1640000.0,
        "Selling General And Administration": 25480000.0,
        "Selling And Marketing Expense": 1084000.0,
        "General And Administrative Expense": 24396000.0,
        "Other Gand A": 24396000.0,
        "Gross Profit": 36959000.0,
        "Cost Of Revenue": 89953000.0,
        "Total Revenue": 126912000.0,
        "Operating Revenue": 126912000.0
    },
    "2023-03-31": {
        "Tax Effect Of Unusual Items": NaN,
        "Tax Rate For Calcs": NaN,
        "Normalized EBITDA": NaN,
        "Total Unusual Items": NaN,
        "Total Unusual Items Excluding Goodwill": NaN,
        "Net Income From Continuing Operation Net Minority Interest": NaN,
        "Reconciled Depreciation": NaN,
        "Reconciled Cost Of Revenue": NaN,
        "EBITDA": NaN,
        "EBIT": NaN,
        "Net Interest Income": NaN,
        "Interest Expense": 157000.0,
        "Normalized Income": NaN,
        "Net Income From Continuing And Discontinued Operation": NaN,
        "Total Expenses": NaN,
        "Total Operating Income As Reported": NaN,
        "Diluted Average Shares": NaN,
        "Basic Average Shares": NaN,
        "Diluted EPS": NaN,
        "Basic EPS": NaN,
        "Diluted NI Availto Com Stockholders": NaN,
        "Net Income Common Stockholders": NaN,
        "Net Income": NaN,
        "Net Income Including Noncontrolling Interests": NaN,
        "Net Income Continuous Operations": NaN,
        "Tax Provision": NaN,
        "Pretax Income": NaN,
        "Other Income Expense": NaN,
        "Other Non Operating Income Expenses": NaN,
        "Special Income Charges": NaN,
        "Gain On Sale Of Ppe": NaN,
        "Other Special Charges": NaN,
        "Write Off": NaN,
        "Impairment Of Capital Assets": 1056000.0,
        "Restructuring And Mergern Acquisition": NaN,
        "Gain On Sale Of Security": NaN,
        "Net Non Operating Interest Income Expense": NaN,
        "Total Other Finance Cost": NaN,
        "Interest Expense Non Operating": 157000.0,
        "Operating Income": NaN,
        "Operating Expense": NaN,
        "Other Operating Expenses": NaN,
        "Research And Development": NaN,
        "Selling General And Administration": NaN,
        "Selling And Marketing Expense": NaN,
        "General And Administrative Expense": NaN,
        "Other Gand A": NaN,
        "Gross Profit": NaN,
        "Cost Of Revenue": NaN,
        "Total Revenue": NaN,
        "Operating Revenue": NaN
    },
    "2022-12-31": {
        "Tax Effect Of Unusual Items": NaN,
        "Tax Rate For Calcs": NaN,
        "Normalized EBITDA": NaN,
        "Total Unusual Items": NaN,
        "Total Unusual Items Excluding Goodwill": NaN,
        "Net Income From Continuing Operation Net Minority Interest": NaN,
        "Reconciled Depreciation": NaN,
        "Reconciled Cost Of Revenue": NaN,
        "EBITDA": NaN,
        "EBIT": NaN,
        "Net Interest Income": NaN,
        "Interest Expense": 22092000.0,
        "Normalized Income": NaN,
        "Net Income From Continuing And Discontinued Operation": NaN,
        "Total Expenses": NaN,
        "Total Operating Income As Reported": NaN,
        "Diluted Average Shares": NaN,
        "Basic Average Shares": NaN,
        "Diluted EPS": NaN,
        "Basic EPS": NaN,
        "Diluted NI Availto Com Stockholders": NaN,
        "Net Income Common Stockholders": NaN,
        "Net Income": NaN,
        "Net Income Including Noncontrolling Interests": NaN,
        "Net Income Continuous Operations": NaN,
        "Tax Provision": NaN,
        "Pretax Income": NaN,
        "Other Income Expense": NaN,
        "Other Non Operating Income Expenses": NaN,
        "Special Income Charges": NaN,
        "Gain On Sale Of Ppe": NaN,
        "Other Special Charges": NaN,
        "Write Off": NaN,
        "Impairment Of Capital Assets": NaN,
        "Restructuring And Mergern Acquisition": NaN,
        "Gain On Sale Of Security": 4952000.0,
        "Net Non Operating Interest Income Expense": NaN,
        "Total Other Finance Cost": NaN,
        "Interest Expense Non Operating": 22092000.0,
        "Operating Income": NaN,
        "Operating Expense": NaN,
        "Other Operating Expenses": NaN,
        "Research And Development": NaN,
        "Selling General And Administration": NaN,
        "Selling And Marketing Expense": NaN,
        "General And Administrative Expense": NaN,
        "Other Gand A": NaN,
        "Gross Profit": NaN,
        "Cost Of Revenue": NaN,
        "Total Revenue": NaN,
        "Operating Revenue": NaN
    },
    "2023-12-31": {
        "Tax Effect Of Unusual Items": -25050690.0,
        "Tax Rate For Calcs": 0.21,
        "Normalized EBITDA": 38795000.0,
        "Total Unusual Items": -119289000.0,
        "Total Unusual Items Excluding Goodwill": -119289000.0,
        "Net Income From Continuing Operation Net Minority Interest": -195693000.0,
        "Reconciled Depreciation": 30942000.0,
        "Reconciled Cost Of Revenue": 102629000.0,
        "EBITDA": -80494000.0,
        "EBIT": -111436000.0,
        "Net Interest Income": -83921000.0,
        "Interest Expense": 83921000.0,
        "Normalized Income": -101454690.0,
        "Net Income From Continuing And Discontinued Operation": -195693000.0,
        "Total Expenses": 132628000.0,
        "Total Operating Income As Reported": 3934000.0,
        "Diluted Average Shares": 385074000.0,
        "Basic Average Shares": 385074000.0,
        "Diluted EPS": -0.51,
        "Basic EPS": -0.51,
        "Diluted NI Availto Com Stockholders": -195693000.0,
        "Net Income Common Stockholders": -195693000.0,
        "Net Income": -195693000.0,
        "Net Income Including Noncontrolling Interests": -195693000.0,
        "Net Income Continuous Operations": -195693000.0,
        "Tax Provision": 336000.0,
        "Pretax Income": -195357000.0,
        "Other Income Expense": -120737000.0,
        "Other Non Operating Income Expenses": -1448000.0,
        "Special Income Charges": -115371000.0,
        "Gain On Sale Of Ppe": 93000.0,
        "Other Special Charges": 1070000.0,
        "Write Off": 1542000.0,
        "Impairment Of Capital Assets": 0.0,
        "Restructuring And Mergern Acquisition": 112852000.0,
        "Gain On Sale Of Security": NaN,
        "Net Non Operating Interest Income Expense": -83921000.0,
        "Total Other Finance Cost": NaN,
        "Interest Expense Non Operating": 83921000.0,
        "Operating Income": 9301000.0,
        "Operating Expense": 29999000.0,
        "Other Operating Expenses": NaN,
        "Research And Development": 1876000.0,
        "Selling General And Administration": 28123000.0,
        "Selling And Marketing Expense": 3886000.0,
        "General And Administrative Expense": 24237000.0,
        "Other Gand A": 24237000.0,
        "Gross Profit": 39300000.0,
        "Cost Of Revenue": 102629000.0,
        "Total Revenue": 141929000.0,
        "Operating Revenue": 141929000.0
    },
    "2024-03-31": {
        "Tax Effect Of Unusual Items": 166008.0,
        "Tax Rate For Calcs": 0.001,
        "Normalized EBITDA": 88742000.0,
        "Total Unusual Items": 166008000.0,
        "Total Unusual Items Excluding Goodwill": 166008000.0,
        "Net Income From Continuing Operation Net Minority Interest": 210691000.0,
        "Reconciled Depreciation": 29766000.0,
        "Reconciled Cost Of Revenue": 101645000.0,
        "EBITDA": 254750000.0,
        "EBIT": 224984000.0,
        "Net Interest Income": -14087000.0,
        "Interest Expense": 14087000.0,
        "Normalized Income": 44849008.0,
        "Net Income From Continuing And Discontinued Operation": 210691000.0,
        "Total Expenses": 118569000.0,
        "Total Operating Income As Reported": 55227000.0,
        "Diluted Average Shares": 282531000.0,
        "Basic Average Shares": 230954000.0,
        "Diluted EPS": 0.78,
        "Basic EPS": 0.91,
        "Diluted NI Availto Com Stockholders": 210691000.0,
        "Net Income Common Stockholders": 210691000.0,
        "Net Income": 210691000.0,
        "Net Income Including Noncontrolling Interests": 210691000.0,
        "Net Income Continuous Operations": 210691000.0,
        "Tax Provision": 206000.0,
        "Pretax Income": 210897000.0,
        "Other Income Expense": 164262000.0,
        "Other Non Operating Income Expenses": -1746000.0,
        "Special Income Charges": 108112000.0,
        "Gain On Sale Of Ppe": -3277000.0,
        "Other Special Charges": 50000.0,
        "Write Off": 0.0,
        "Impairment Of Capital Assets": 0.0,
        "Restructuring And Mergern Acquisition": -111439000.0,
        "Gain On Sale Of Security": 57896000.0,
        "Net Non Operating Interest Income Expense": -14087000.0,
        "Total Other Finance Cost": NaN,
        "Interest Expense Non Operating": 14087000.0,
        "Operating Income": 60722000.0,
        "Operating Expense": 16924000.0,
        "Other Operating Expenses": NaN,
        "Research And Development": 1799000.0,
        "Selling General And Administration": 15125000.0,
        "Selling And Marketing Expense": 982000.0,
        "General And Administrative Expense": 14143000.0,
        "Other Gand A": 14143000.0,
        "Gross Profit": 77646000.0,
        "Cost Of Revenue": 101645000.0,
        "Total Revenue": 179291000.0,
        "Operating Revenue": 179291000.0
    },
    "2022-09-30": {
        "Tax Effect Of Unusual Items": NaN,
        "Tax Rate For Calcs": NaN,
        "Normalized EBITDA": NaN,
        "Total Unusual Items": NaN,
        "Total Unusual Items Excluding Goodwill": NaN,
        "Net Income From Continuing Operation Net Minority Interest": NaN,
        "Reconciled Depreciation": NaN,
        "Reconciled Cost Of Revenue": NaN,
        "EBITDA": NaN,
        "EBIT": NaN,
        "Net Interest Income": NaN,
        "Interest Expense": NaN,
        "Normalized Income": NaN,
        "Net Income From Continuing And Discontinued Operation": NaN,
        "Total Expenses": NaN,
        "Total Operating Income As Reported": NaN,
        "Diluted Average Shares": NaN,
        "Basic Average Shares": NaN,
        "Diluted EPS": NaN,
        "Basic EPS": NaN,
        "Diluted NI Availto Com Stockholders": NaN,
        "Net Income Common Stockholders": NaN,
        "Net Income": NaN,
        "Net Income Including Noncontrolling Interests": NaN,
        "Net Income Continuous Operations": NaN,
        "Tax Provision": NaN,
        "Pretax Income": NaN,
        "Other Income Expense": NaN,
        "Other Non Operating Income Expenses": NaN,
        "Special Income Charges": NaN,
        "Gain On Sale Of Ppe": NaN,
        "Other Special Charges": NaN,
        "Impairment Of Capital Assets": NaN,
        "Restructuring And Mergern Acquisition": NaN,
        "Gain On Sale Of Security": 521000.0,
        "Net Non Operating Interest Income Expense": NaN,
        "Total Other Finance Cost": NaN,
        "Interest Expense Non Operating": NaN,
        "Operating Income": NaN,
        "Operating Expense": NaN,
        "Research And Development": NaN,
        "Selling General And Administration": NaN,
        "Selling And Marketing Expense": NaN,
        "General And Administrative Expense": NaN,
        "Other Gand A": NaN,
        "Gross Profit": NaN,
        "Cost Of Revenue": NaN,
        "Total Revenue": NaN,
        "Operating Revenue": NaN
    },
    "2024-06-30": {
        "Tax Effect Of Unusual Items": -167249460.0,
        "Tax Rate For Calcs": 0.21,
        "Normalized EBITDA": 834735000.0,
        "Total Unusual Items": -796426000.0,
        "Total Unusual Items Excluding Goodwill": -796426000.0,
        "Net Income From Continuing Operation Net Minority Interest": -804896000.0,
        "Reconciled Depreciation": 31459000.0,
        "Reconciled Cost Of Revenue": 102285000.0,
        "EBITDA": 38309000.0,
        "EBIT": 6850000.0,
        "Net Interest Income": -14775000.0,
        "Interest Expense": NaN,
        "Normalized Income": -175719460.0,
        "Net Income From Continuing And Discontinued Operation": -804896000.0,
        "Total Expenses": 134252000.0,
        "Total Operating Income As Reported": 6579000.0,
        "Diluted Average Shares": 178505000.0,
        "Basic Average Shares": 178505000.0,
        "Diluted EPS": -4.51,
        "Basic EPS": -4.51,
        "Diluted NI Availto Com Stockholders": -804896000.0,
        "Net Income Common Stockholders": -804896000.0,
        "Net Income": -804896000.0,
        "Net Income Including Noncontrolling Interests": -804896000.0,
        "Net Income Continuous Operations": -804896000.0,
        "Tax Provision": 144000.0,
        "Pretax Income": -804752000.0,
        "Other Income Expense": -796827000.0,
        "Other Non Operating Income Expenses": -401000.0,
        "Special Income Charges": 148000.0,
        "Gain On Sale Of Ppe": 268000.0,
        "Other Special Charges": 120000.0,
        "Write Off": 0.0,
        "Impairment Of Capital Assets": NaN,
        "Restructuring And Mergern Acquisition": 0.0,
        "Gain On Sale Of Security": -796574000.0,
        "Net Non Operating Interest Income Expense": -14775000.0,
        "Total Other Finance Cost": 14775000.0,
        "Interest Expense Non Operating": NaN,
        "Operating Income": 6850000.0,
        "Operating Expense": 31967000.0,
        "Other Operating Expenses": 584000.0,
        "Research And Development": 2174000.0,
        "Selling General And Administration": 29209000.0,
        "Selling And Marketing Expense": 2966000.0,
        "General And Administrative Expense": 26243000.0,
        "Other Gand A": 26243000.0,
        "Gross Profit": 38817000.0,
        "Cost Of Revenue": 102285000.0,
        "Total Revenue": 141102000.0,
        "Operating Revenue": 141102000.0
    }
}