{
    "2023-03-31": {
        "Tax Effect Of Unusual Items": 273000.0,
        "Tax Rate For Calcs": 0.21,
        "Normalized EBITDA": 306500000.0,
        "Total Unusual Items": 1300000.0,
        "Total Unusual Items Excluding Goodwill": 1300000.0,
        "Net Income From Continuing Operation Net Minority Interest": 108400000.0,
        "Reconciled Depreciation": 107400000.0,
        "Reconciled Cost Of Revenue": 418900000.0,
        "EBIT": 200400000.0,
        "Net Interest Income": -58800000.0,
        "Interest Expense": 58800000.0,
        "Interest Income": 2900000.0,
        "Normalized Income": 107373000.0,
        "Net Income From Continuing And Discontinued Operation": 108400000.0,
        "Total Expenses": 1246700000.0,
        "Total Operating Income As Reported": 43500000.0,
        "Diluted Average Shares": 865200000.0,
        "Basic Average Shares": 851600000.0,
        "Diluted EPS": 0.12,
        "Basic EPS": 0.12,
        "Diluted NI Availto Com Stockholders": 105100000.0,
        "Net Income Common Stockholders": 105100000.0,
        "Preferred Stock Dividends": 3300000.0,
        "Net Income": 108400000.0,
        "Minority Interests": -3400000.0,
        "Net Income Including Noncontrolling Interests": 111800000.0,
        "Net Income Discontinuous Operations": 0.0,
        "Net Income Continuous Operations": 111800000.0,
        "Tax Provision": 29800000.0,
        "Pretax Income": 141600000.0,
        "Other Income Expense": 158200000.0,
        "Other Non Operating Income Expenses": 156900000.0,
        "Special Income Charges": 1300000.0,
        "Impairment Of Capital Assets": NaN,
        "Restructuring And Mergern Acquisition": -1300000.0,
        "Gain On Sale Of Security": 3500000.0,
        "Net Non Operating Interest Income Expense": -58800000.0,
        "Interest Expense Non Operating": 58800000.0,
        "Interest Income Non Operating": 2900000.0,
        "Operating Income": 42200000.0,
        "Operating Expense": 768600000.0,
        "Depreciation Amortization Depletion Income Statement": 48200000.0,
        "Depreciation And Amortization In Income Statement": 48200000.0,
        "Amortization": 48200000.0,
        "Amortization Of Intangibles Income Statement": 48200000.0,
        "Selling General And Administration": 720400000.0,
        "Gross Profit": 810800000.0,
        "Cost Of Revenue": 478100000.0,
        "Total Revenue": 1288900000.0,
        "Operating Revenue": 1288900000.0
    },
    "2022-12-31": {
        "Tax Effect Of Unusual Items": 400200.0,
        "Tax Rate For Calcs": 0.138,
        "Normalized EBITDA": 442100000.0,
        "Total Unusual Items": 2900000.0,
        "Total Unusual Items Excluding Goodwill": 2900000.0,
        "Net Income From Continuing Operation Net Minority Interest": 238300000.0,
        "Reconciled Depreciation": 103800000.0,
        "Reconciled Cost Of Revenue": 469100000.0,
        "EBIT": 341200000.0,
        "Net Interest Income": -61000000.0,
        "Interest Expense": 61000000.0,
        "Interest Income": 6100000.0,
        "Normalized Income": 235800200.0,
        "Net Income From Continuing And Discontinued Operation": 238300000.0,
        "Total Expenses": 1327200000.0,
        "Total Operating Income As Reported": 199300000.0,
        "Diluted Average Shares": 886800000.0,
        "Basic Average Shares": 850800000.0,
        "Diluted EPS": 0.27,
        "Basic EPS": 0.28,
        "Diluted NI Availto Com Stockholders": 235000000.0,
        "Net Income Common Stockholders": 235000000.0,
        "Preferred Stock Dividends": 3300000.0,
        "Net Income": 238300000.0,
        "Minority Interests": -3100000.0,
        "Net Income Including Noncontrolling Interests": 241400000.0,
        "Net Income Discontinuous Operations": 0.0,
        "Net Income Continuous Operations": 241400000.0,
        "Tax Provision": 38800000.0,
        "Pretax Income": 280200000.0,
        "Other Income Expense": 144800000.0,
        "Other Non Operating Income Expenses": 141900000.0,
        "Special Income Charges": 2900000.0,
        "Impairment Of Capital Assets": NaN,
        "Restructuring And Mergern Acquisition": -2900000.0,
        "Gain On Sale Of Security": -2100000.0,
        "Net Non Operating Interest Income Expense": -61000000.0,
        "Interest Expense Non Operating": 61000000.0,
        "Interest Income Non Operating": 6100000.0,
        "Operating Income": 196400000.0,
        "Operating Expense": 801900000.0,
        "Depreciation Amortization Depletion Income Statement": 47600000.0,
        "Depreciation And Amortization In Income Statement": 47600000.0,
        "Amortization": 47600000.0,
        "Amortization Of Intangibles Income Statement": 47600000.0,
        "Selling General And Administration": 754300000.0,
        "Gross Profit": 998300000.0,
        "Cost Of Revenue": 525300000.0,
        "Total Revenue": 1523600000.0,
        "Operating Revenue": 1523600000.0
    },
    "2022-09-30": {
        "Tax Effect Of Unusual Items": 409200.0,
        "Tax Rate For Calcs": 0.341,
        "Normalized EBITDA": 375500000.0,
        "Total Unusual Items": 1200000.0,
        "Total Unusual Items Excluding Goodwill": 1200000.0,
        "Net Income From Continuing Operation Net Minority Interest": 128600000.0,
        "Reconciled Depreciation": 106600000.0,
        "Reconciled Cost Of Revenue": 442000000.0,
        "EBIT": 270100000.0,
        "Net Interest Income": -65900000.0,
        "Interest Expense": 65900000.0,
        "Interest Income": 3600000.0,
        "Normalized Income": 127809200.0,
        "Net Income From Continuing And Discontinued Operation": 128600000.0,
        "Total Expenses": 1219300000.0,
        "Total Operating Income As Reported": 171900000.0,
        "Diluted Average Shares": 882200000.0,
        "Basic Average Shares": 842000000.0,
        "Diluted EPS": 0.15,
        "Basic EPS": 0.15,
        "Diluted NI Availto Com Stockholders": 125300000.0,
        "Net Income Common Stockholders": 125300000.0,
        "Preferred Stock Dividends": 3300000.0,
        "Net Income": 128600000.0,
        "Minority Interests": -5900000.0,
        "Net Income Including Noncontrolling Interests": 134500000.0,
        "Net Income Discontinuous Operations": NaN,
        "Net Income Continuous Operations": 134500000.0,
        "Tax Provision": 69700000.0,
        "Pretax Income": 204200000.0,
        "Other Income Expense": 99400000.0,
        "Other Non Operating Income Expenses": 98200000.0,
        "Special Income Charges": 1200000.0,
        "Impairment Of Capital Assets": NaN,
        "Restructuring And Mergern Acquisition": -1200000.0,
        "Gain On Sale Of Security": -11900000.0,
        "Net Non Operating Interest Income Expense": -65900000.0,
        "Interest Expense Non Operating": 65900000.0,
        "Interest Income Non Operating": 3600000.0,
        "Operating Income": 170700000.0,
        "Operating Expense": 718000000.0,
        "Depreciation Amortization Depletion Income Statement": 47300000.0,
        "Depreciation And Amortization In Income Statement": 47300000.0,
        "Amortization": 47300000.0,
        "Amortization Of Intangibles Income Statement": 47300000.0,
        "Selling General And Administration": 670700000.0,
        "Gross Profit": 888700000.0,
        "Cost Of Revenue": 501300000.0,
        "Total Revenue": 1390000000.0,
        "Operating Revenue": 1390000000.0
    },
    "2022-06-30": {
        "Tax Effect Of Unusual Items": -9560000.0,
        "Tax Rate For Calcs": 0.4,
        "Normalized EBITDA": -89600000.0,
        "Total Unusual Items": -23900000.0,
        "Total Unusual Items Excluding Goodwill": -23900000.0,
        "Net Income From Continuing Operation Net Minority Interest": -282700000.0,
        "Reconciled Depreciation": 126900000.0,
        "Reconciled Cost Of Revenue": 368100000.0,
        "EBIT": -240400000.0,
        "Net Interest Income": -40400000.0,
        "Interest Expense": 40400000.0,
        "Interest Income": 4400000.0,
        "Normalized Income": -268360000.0,
        "Net Income From Continuing And Discontinued Operation": -281500000.0,
        "Total Expenses": 1221800000.0,
        "Total Operating Income As Reported": -77400000.0,
        "Diluted Average Shares": 838400000.0,
        "Basic Average Shares": 838400000.0,
        "Diluted EPS": -0.34,
        "Basic EPS": -0.34,
        "Diluted NI Availto Com Stockholders": -284800000.0,
        "Net Income Common Stockholders": -284800000.0,
        "Preferred Stock Dividends": 3300000.0,
        "Net Income": -281500000.0,
        "Minority Interests": -1600000.0,
        "Net Income Including Noncontrolling Interests": -279900000.0,
        "Net Income Discontinuous Operations": 1200000.0,
        "Net Income Continuous Operations": -281100000.0,
        "Tax Provision": 300000.0,
        "Pretax Income": -280800000.0,
        "Other Income Expense": -186900000.0,
        "Other Non Operating Income Expenses": -163000000.0,
        "Special Income Charges": -23900000.0,
        "Impairment Of Capital Assets": 31400000.0,
        "Restructuring And Mergern Acquisition": -7500000.0,
        "Gain On Sale Of Security": 11000000.0,
        "Net Non Operating Interest Income Expense": -40400000.0,
        "Interest Expense Non Operating": 40400000.0,
        "Interest Income Non Operating": 4400000.0,
        "Operating Income": -53500000.0,
        "Operating Expense": 775600000.0,
        "Depreciation Amortization Depletion Income Statement": 48800000.0,
        "Depreciation And Amortization In Income Statement": 48800000.0,
        "Amortization": 48800000.0,
        "Amortization Of Intangibles Income Statement": 48800000.0,
        "Selling General And Administration": 726800000.0,
        "Gross Profit": 722100000.0,
        "Cost Of Revenue": 446200000.0,
        "Total Revenue": 1168300000.0,
        "Operating Revenue": 1168300000.0
    },
    "2022-03-31": {
        "Diluted EPS": 0.06,
        "Total Revenue": NaN,
        "Gross Profit": 763,
        "Operating Income": 57,
        "EBIT": 179,
        "Net Income": 50
    },
    "2021-12-31": {
        "Diluted EPS": 0.23,
        "Total Revenue": NaN,
        "Gross Profit": NaN,
        "Operating Income": 244,
        "EBIT": 374,
        "Net Income": 193
    },
    "2021-09-30": {
        "Diluted EPS": 0.13,
        "Total Revenue": NaN,
        "Gross Profit": 867,
        "Operating Income": 17,
        "EBIT": 155,
        "Net Income": 103
    },
    "2021-06-30": {
        "Diluted EPS": -0.26,
        "Total Revenue": NaN,
        "Gross Profit": 641,
        "Operating Income": 2,
        "EBIT": 151,
        "Net Income": -210
    },
    "2021-03-31": {
        "Diluted EPS": -0.02,
        "Total Revenue": NaN,
        "Gross Profit": 636,
        "Operating Income": -1,
        "EBIT": 145,
        "Net Income": -19
    },
    "2020-12-31": {
        "Diluted EPS": -0.36,
        "Total Revenue": NaN,
        "Gross Profit": 832,
        "Operating Income": 17,
        "EBIT": 161,
        "Net Income": -275
    },
    "2020-09-30": {
        "Diluted EPS": 0.24,
        "Total Revenue": NaN,
        "Gross Profit": 659,
        "Operating Income": -66,
        "EBIT": 80,
        "Net Income": 201
    },
    "2020-06-30": {
        "Diluted EPS": -1.01,
        "Total Revenue": 560,
        "Gross Profit": 224,
        "Operating Income": -921,
        "EBIT": -752,
        "Net Income": -696
    },
    "2020-03-31": {
        "Diluted EPS": -0.36,
        "Total Revenue": NaN,
        "Gross Profit": 602,
        "Operating Income": -300,
        "EBIT": -109,
        "Net Income": -272
    },
    "2019-12-31": {
        "Diluted EPS": -0.03,
        "Total Revenue": NaN,
        "Gross Profit": NaN,
        "Operating Income": -81,
        "EBIT": 98,
        "Net Income": -21
    },
    "2019-09-30": {
        "Diluted EPS": 0.07,
        "Total Revenue": NaN,
        "Gross Profit": 849,
        "Operating Income": 64,
        "EBIT": 243,
        "Net Income": 52
    },
    "2019-06-30": {
        "Diluted EPS": -3.72,
        "Total Revenue": NaN,
        "Gross Profit": 918,
        "Operating Income": NaN,
        "EBIT": NaN,
        "Net Income": NaN
    },
    "2019-03-31": {
        "Diluted EPS": -0.02,
        "Total Revenue": NaN,
        "Gross Profit": NaN,
        "Operating Income": 86,
        "EBIT": 268,
        "Net Income": -12
    },
    "2018-12-31": {
        "Diluted EPS": -1.28,
        "Total Revenue": NaN,
        "Gross Profit": NaN,
        "Operating Income": -805,
        "EBIT": -623,
        "Net Income": -961
    },
    "2018-09-30": {
        "Diluted EPS": -0.02,
        "Total Revenue": NaN,
        "Gross Profit": NaN,
        "Operating Income": -21,
        "EBIT": 165,
        "Net Income": -12
    },
    "2018-06-30": {
        "Diluted EPS": -0.25,
        "Total Revenue": -257,
        "Gross Profit": -264,
        "Operating Income": -381,
        "EBIT": -187,
        "Net Income": -181
    },
    "2018-03-31": {
        "Diluted EPS": -0.1,
        "Total Revenue": NaN,
        "Gross Profit": NaN,
        "Operating Income": 21,
        "EBIT": 214,
        "Net Income": -77
    },
    "2017-12-31": {
        "Diluted EPS": 0.15,
        "Total Revenue": NaN,
        "Gross Profit": NaN,
        "Operating Income": 175,
        "EBIT": 357,
        "Net Income": 109
    },
    "2017-09-30": {
        "Diluted EPS": -0.03,
        "Total Revenue": NaN,
        "Gross Profit": NaN,
        "Operating Income": 30,
        "EBIT": 198,
        "Net Income": -20
    },
    "2017-06-30": {
        "Diluted EPS": -0.5,
        "Total Revenue": NaN,
        "Gross Profit": NaN,
        "Operating Income": -262,
        "EBIT": -122,
        "Net Income": -305
    },
    "2017-03-31": {
        "Diluted EPS": -0.22,
        "Total Revenue": NaN,
        "Gross Profit": NaN,
        "Operating Income": -193,
        "EBIT": -8,
        "Net Income": -164
    },
    "2016-12-31": {
        "Diluted EPS": 0.06,
        "Total Revenue": NaN,
        "Gross Profit": NaN,
        "Operating Income": -13,
        "EBIT": 158,
        "Net Income": 47
    },
    "2016-09-30": {
        "Diluted EPS": 0.0,
        "Total Revenue": NaN,
        "Gross Profit": 635,
        "Operating Income": 46,
        "EBIT": 106,
        "Net Income": NaN
    },
    "2016-06-30": {
        "Diluted EPS": -0.07,
        "Total Revenue": NaN,
        "Gross Profit": 610,
        "Operating Income": -3,
        "EBIT": 58,
        "Net Income": -31
    },
    "2016-03-31": {
        "Diluted EPS": -0.08,
        "Total Revenue": 951,
        "Gross Profit": 582,
        "Operating Income": 23,
        "EBIT": 81,
        "Net Income": -27
    },
    "2015-12-31": {
        "Diluted EPS": 0.25,
        "Total Revenue": NaN,
        "Gross Profit": 743,
        "Operating Income": 152,
        "EBIT": 208,
        "Net Income": 89
    },
    "2015-09-30": {
        "Diluted EPS": 0.34,
        "Total Revenue": NaN,
        "Gross Profit": 669,
        "Operating Income": 82,
        "EBIT": 139,
        "Net Income": 126
    },
    "2015-06-30": {
        "Diluted EPS": 0.05,
        "Total Revenue": NaN,
        "Gross Profit": 605,
        "Operating Income": -23,
        "EBIT": 35,
        "Net Income": 21
    },
    "2015-03-31": {
        "Diluted EPS": 0.21,
        "Total Revenue": 934,
        "Gross Profit": 582,
        "Operating Income": 115,
        "EBIT": 171,
        "Net Income": 76
    },
    "2014-12-31": {
        "Diluted EPS": 0.35,
        "Total Revenue": NaN,
        "Gross Profit": 751,
        "Operating Income": 184,
        "EBIT": 242,
        "Net Income": 125
    },
    "2014-09-30": {
        "Diluted EPS": 0.03,
        "Total Revenue": NaN,
        "Gross Profit": 700,
        "Operating Income": 120,
        "EBIT": 179,
        "Net Income": 11
    },
    "2014-06-30": {
        "Diluted EPS": -0.05,
        "Total Revenue": NaN,
        "Gross Profit": 593,
        "Operating Income": -11,
        "EBIT": 51,
        "Net Income": -20
    },
    "2014-03-31": {
        "Diluted EPS": -0.66,
        "Total Revenue": NaN,
        "Gross Profit": 613,
        "Operating Income": -272,
        "EBIT": -210,
        "Net Income": -253
    },
    "2013-12-31": {
        "Diluted EPS": 0.21,
        "Total Revenue": NaN,
        "Gross Profit": 774,
        "Operating Income": 144,
        "EBIT": 205,
        "Net Income": 83
    },
    "2013-09-30": {
        "Diluted EPS": 0.24,
        "Total Revenue": NaN,
        "Gross Profit": 706,
        "Operating Income": 166,
        "EBIT": 230,
        "Net Income": 94
    },
    "2013-06-30": {
        "Diluted EPS": -0.16,
        "Total Revenue": NaN,
        "Gross Profit": 620,
        "Operating Income": -24,
        "EBIT": 45,
        "Net Income": -62
    },
    "2013-03-31": {
        "Diluted EPS": 0.05,
        "Total Revenue": 998,
        "Gross Profit": 615,
        "Operating Income": 30,
        "EBIT": 96,
        "Net Income": 20
    },
    "2012-12-31": {
        "Diluted EPS": 0.31,
        "Total Revenue": NaN,
        "Gross Profit": 817,
        "Operating Income": 222,
        "EBIT": 286,
        "Net Income": 123
    },
    "2012-09-30": {
        "Diluted EPS": 0.22,
        "Total Revenue": NaN,
        "Gross Profit": 737,
        "Operating Income": 166,
        "EBIT": 227,
        "Net Income": 87
    },
    "2012-06-30": {
        "Diluted EPS": 0.0,
        "Total Revenue": NaN,
        "Gross Profit": NaN,
        "Operating Income": NaN,
        "EBIT": NaN,
        "Net Income": NaN
    },
    "2012-03-31": {
        "Diluted EPS": 0.0,
        "Total Revenue": NaN,
        "Gross Profit": NaN,
        "Operating Income": NaN,
        "EBIT": NaN,
        "Net Income": NaN
    },
    "2011-06-30": {
        "Diluted EPS": 0.0,
        "Total Revenue": NaN,
        "Gross Profit": NaN,
        "Operating Income": NaN,
        "EBIT": NaN,
        "Net Income": NaN
    },
    "2010-06-30": {
        "Diluted EPS": 0.0,
        "Total Revenue": NaN,
        "Gross Profit": NaN,
        "Operating Income": NaN,
        "EBIT": NaN,
        "Net Income": NaN
    }
}