{
    "2023-06-30": {
        "Tax Effect Of Unusual Items": NaN,
        "Tax Rate For Calcs": NaN,
        "Normalized EBITDA": NaN,
        "Total Unusual Items": -7175000000.0,
        "Total Unusual Items Excluding Goodwill": -7175000000.0,
        "Net Income From Continuing Operation Net Minority Interest": NaN,
        "Reconciled Depreciation": NaN,
        "Reconciled Cost Of Revenue": NaN,
        "EBITDA": NaN,
        "EBIT": NaN,
        "Net Interest Income": NaN,
        "Interest Expense": NaN,
        "Normalized Income": NaN,
        "Net Income From Continuing And Discontinued Operation": NaN,
        "Total Expenses": NaN,
        "Rent Expense Supplemental": NaN,
        "Total Operating Income As Reported": NaN,
        "Diluted Average Shares": NaN,
        "Basic Average Shares": NaN,
        "Diluted EPS": NaN,
        "Basic EPS": NaN,
        "Diluted NI Availto Com Stockholders": NaN,
        "Net Income Common Stockholders": NaN,
        "Net Income": NaN,
        "Minority Interests": NaN,
        "Net Income Including Noncontrolling Interests": NaN,
        "Net Income Continuous Operations": NaN,
        "Tax Provision": NaN,
        "Pretax Income": NaN,
        "Other Income Expense": NaN,
        "Other Non Operating Income Expenses": NaN,
        "Special Income Charges": -7175000000.0,
        "Gain On Sale Of Ppe": 0.0,
        "Gain On Sale Of Business": -7175000000.0,
        "Other Special Charges": NaN,
        "Restructuring And Mergern Acquisition": 7175000000.0,
        "Earnings From Equity Interest": NaN,
        "Gain On Sale Of Security": -7175000000.0,
        "Net Non Operating Interest Income Expense": NaN,
        "Interest Expense Non Operating": NaN,
        "Operating Income": NaN,
        "Operating Expense": NaN,
        "Other Operating Expenses": NaN,
        "Other Taxes": 37000000.0,
        "Selling General And Administration": -83000000.0,
        "General And Administrative Expense": -83000000.0,
        "Salaries And Wages": -83000000.0,
        "Gross Profit": NaN,
        "Cost Of Revenue": NaN,
        "Total Revenue": NaN,
        "Operating Revenue": NaN
    },
    "2023-03-31": {
        "Tax Effect Of Unusual Items": NaN,
        "Tax Rate For Calcs": NaN,
        "Normalized EBITDA": NaN,
        "Total Unusual Items": NaN,
        "Total Unusual Items Excluding Goodwill": NaN,
        "Net Income From Continuing Operation Net Minority Interest": NaN,
        "Reconciled Depreciation": NaN,
        "Reconciled Cost Of Revenue": NaN,
        "EBITDA": NaN,
        "EBIT": NaN,
        "Net Interest Income": NaN,
        "Interest Expense": NaN,
        "Normalized Income": NaN,
        "Net Income From Continuing And Discontinued Operation": NaN,
        "Total Expenses": NaN,
        "Rent Expense Supplemental": NaN,
        "Total Operating Income As Reported": NaN,
        "Diluted Average Shares": NaN,
        "Basic Average Shares": NaN,
        "Diluted EPS": NaN,
        "Basic EPS": NaN,
        "Diluted NI Availto Com Stockholders": NaN,
        "Net Income Common Stockholders": NaN,
        "Net Income": NaN,
        "Minority Interests": NaN,
        "Net Income Including Noncontrolling Interests": NaN,
        "Net Income Continuous Operations": NaN,
        "Tax Provision": NaN,
        "Pretax Income": NaN,
        "Other Income Expense": NaN,
        "Other Non Operating Income Expenses": NaN,
        "Special Income Charges": NaN,
        "Gain On Sale Of Ppe": 1000000.0,
        "Gain On Sale Of Business": NaN,
        "Other Special Charges": 30000000.0,
        "Restructuring And Mergern Acquisition": NaN,
        "Earnings From Equity Interest": NaN,
        "Gain On Sale Of Security": NaN,
        "Net Non Operating Interest Income Expense": NaN,
        "Interest Expense Non Operating": NaN,
        "Operating Income": NaN,
        "Operating Expense": NaN,
        "Other Operating Expenses": NaN,
        "Other Taxes": 36000000.0,
        "Selling General And Administration": -86000000.0,
        "General And Administrative Expense": -86000000.0,
        "Salaries And Wages": -86000000.0,
        "Gross Profit": NaN,
        "Cost Of Revenue": NaN,
        "Total Revenue": NaN,
        "Operating Revenue": NaN
    },
    "2022-12-31": {
        "Tax Effect Of Unusual Items": NaN,
        "Tax Rate For Calcs": NaN,
        "Normalized EBITDA": NaN,
        "Total Unusual Items": NaN,
        "Total Unusual Items Excluding Goodwill": NaN,
        "Net Income From Continuing Operation Net Minority Interest": NaN,
        "Reconciled Depreciation": NaN,
        "Reconciled Cost Of Revenue": NaN,
        "EBITDA": NaN,
        "EBIT": NaN,
        "Net Interest Income": NaN,
        "Interest Expense": NaN,
        "Normalized Income": NaN,
        "Net Income From Continuing And Discontinued Operation": NaN,
        "Total Expenses": NaN,
        "Rent Expense Supplemental": NaN,
        "Total Operating Income As Reported": NaN,
        "Diluted Average Shares": NaN,
        "Basic Average Shares": NaN,
        "Diluted EPS": NaN,
        "Basic EPS": NaN,
        "Diluted NI Availto Com Stockholders": NaN,
        "Net Income Common Stockholders": NaN,
        "Net Income": NaN,
        "Minority Interests": NaN,
        "Net Income Including Noncontrolling Interests": NaN,
        "Net Income Continuous Operations": NaN,
        "Tax Provision": NaN,
        "Pretax Income": NaN,
        "Other Income Expense": NaN,
        "Other Non Operating Income Expenses": NaN,
        "Special Income Charges": NaN,
        "Gain On Sale Of Ppe": 11000000.0,
        "Gain On Sale Of Business": NaN,
        "Other Special Charges": 29000000.0,
        "Restructuring And Mergern Acquisition": 0.0,
        "Earnings From Equity Interest": NaN,
        "Gain On Sale Of Security": NaN,
        "Net Non Operating Interest Income Expense": NaN,
        "Interest Expense Non Operating": NaN,
        "Operating Income": NaN,
        "Operating Expense": NaN,
        "Other Operating Expenses": NaN,
        "Other Taxes": 30000000.0,
        "Selling General And Administration": NaN,
        "General And Administrative Expense": NaN,
        "Salaries And Wages": NaN,
        "Gross Profit": NaN,
        "Cost Of Revenue": NaN,
        "Total Revenue": NaN,
        "Operating Revenue": NaN
    },
    "2022-09-30": {
        "Tax Effect Of Unusual Items": NaN,
        "Tax Rate For Calcs": NaN,
        "Normalized EBITDA": NaN,
        "Total Unusual Items": NaN,
        "Total Unusual Items Excluding Goodwill": NaN,
        "Net Income From Continuing Operation Net Minority Interest": NaN,
        "Reconciled Depreciation": NaN,
        "Reconciled Cost Of Revenue": NaN,
        "EBITDA": NaN,
        "EBIT": NaN,
        "Net Interest Income": NaN,
        "Interest Expense": NaN,
        "Normalized Income": NaN,
        "Net Income From Continuing And Discontinued Operation": NaN,
        "Total Expenses": NaN,
        "Rent Expense Supplemental": NaN,
        "Total Operating Income As Reported": NaN,
        "Diluted Average Shares": NaN,
        "Basic Average Shares": NaN,
        "Diluted EPS": NaN,
        "Basic EPS": NaN,
        "Diluted NI Availto Com Stockholders": NaN,
        "Net Income Common Stockholders": NaN,
        "Net Income": NaN,
        "Minority Interests": NaN,
        "Net Income Including Noncontrolling Interests": NaN,
        "Net Income Continuous Operations": NaN,
        "Tax Provision": NaN,
        "Pretax Income": NaN,
        "Other Income Expense": NaN,
        "Other Non Operating Income Expenses": NaN,
        "Special Income Charges": NaN,
        "Gain On Sale Of Ppe": NaN,
        "Gain On Sale Of Business": 0.0,
        "Other Special Charges": 24000000.0,
        "Restructuring And Mergern Acquisition": 0.0,
        "Earnings From Equity Interest": NaN,
        "Gain On Sale Of Security": -2000000.0,
        "Net Non Operating Interest Income Expense": NaN,
        "Interest Expense Non Operating": NaN,
        "Operating Income": NaN,
        "Operating Expense": NaN,
        "Other Operating Expenses": NaN,
        "Other Taxes": NaN,
        "Selling General And Administration": 151000000.0,
        "General And Administrative Expense": 151000000.0,
        "Other Gand A": 151000000.0,
        "Salaries And Wages": -102000000.0,
        "Gross Profit": NaN,
        "Cost Of Revenue": NaN,
        "Total Revenue": NaN,
        "Operating Revenue": NaN
    },
    "2022-06-30": {
        "Tax Effect Of Unusual Items": -7263000.0,
        "Tax Rate For Calcs": 0.2421,
        "Normalized EBITDA": 1411000000.0,
        "Total Unusual Items": -30000000.0,
        "Total Unusual Items Excluding Goodwill": -30000000.0,
        "Net Income From Continuing Operation Net Minority Interest": 765000000.0,
        "Reconciled Depreciation": 211000000.0,
        "Reconciled Cost Of Revenue": 1021000000.0,
        "EBITDA": 1381000000.0,
        "EBIT": 1170000000.0,
        "Net Interest Income": -160000000.0,
        "Interest Expense": 160000000.0,
        "Normalized Income": 787737000.0,
        "Net Income From Continuing And Discontinued Operation": 765000000.0,
        "Total Expenses": 1304000000.0,
        "Rent Expense Supplemental": 29000000.0,
        "Total Operating Income As Reported": 868000000.0,
        "Diluted Average Shares": 932600000.0,
        "Basic Average Shares": 929900000.0,
        "Diluted EPS": 0.82,
        "Basic EPS": 0.82,
        "Diluted NI Availto Com Stockholders": 765000000.0,
        "Net Income Common Stockholders": 765000000.0,
        "Net Income": 765000000.0,
        "Minority Interests": NaN,
        "Net Income Including Noncontrolling Interests": 765000000.0,
        "Net Income Continuous Operations": 765000000.0,
        "Tax Provision": 245000000.0,
        "Pretax Income": 1010000000.0,
        "Other Income Expense": 272000000.0,
        "Other Non Operating Income Expenses": 94000000.0,
        "Special Income Charges": -30000000.0,
        "Gain On Sale Of Ppe": 0.0,
        "Other Special Charges": 30000000.0,
        "Restructuring And Mergern Acquisition": 0.0,
        "Earnings From Equity Interest": 208000000.0,
        "Gain On Sale Of Security": NaN,
        "Net Non Operating Interest Income Expense": -160000000.0,
        "Interest Expense Non Operating": 160000000.0,
        "Operating Income": 898000000.0,
        "Operating Expense": 283000000.0,
        "Other Operating Expenses": 90000000.0,
        "Other Taxes": 35000000.0,
        "Selling General And Administration": 158000000.0,
        "General And Administrative Expense": 158000000.0,
        "Other Gand A": 158000000.0,
        "Salaries And Wages": NaN,
        "Gross Profit": 1181000000.0,
        "Cost Of Revenue": 1021000000.0,
        "Total Revenue": 2202000000.0,
        "Operating Revenue": 2202000000.0
    },
    "2023-09-30": {
        "Tax Effect Of Unusual Items": 0.0,
        "Tax Rate For Calcs": 0.248555,
        "Normalized EBITDA": 1696000000.0,
        "Total Unusual Items": 0.0,
        "Total Unusual Items Excluding Goodwill": 0.0,
        "Net Income From Continuing Operation Net Minority Interest": 780000000.0,
        "Reconciled Depreciation": 451000000.0,
        "Reconciled Cost Of Revenue": 1660000000.0,
        "EBITDA": 1696000000.0,
        "EBIT": 1245000000.0,
        "Net Interest Income": -207000000.0,
        "Interest Expense": 207000000.0,
        "Normalized Income": 780000000.0,
        "Net Income From Continuing And Discontinued Operation": 780000000.0,
        "Total Expenses": 2166000000.0,
        "Rent Expense Supplemental": 91000000.0,
        "Total Operating Income As Reported": 1173000000.0,
        "Diluted Average Shares": 933900000.0,
        "Basic Average Shares": 931500000.0,
        "Diluted EPS": 0.84,
        "Basic EPS": 0.84,
        "Diluted NI Availto Com Stockholders": 780000000.0,
        "Net Income Common Stockholders": 780000000.0,
        "Net Income": 780000000.0,
        "Minority Interests": 0.0,
        "Net Income Including Noncontrolling Interests": 780000000.0,
        "Net Income Continuous Operations": 780000000.0,
        "Tax Provision": 258000000.0,
        "Pretax Income": 1038000000.0,
        "Other Income Expense": 72000000.0,
        "Other Non Operating Income Expenses": 72000000.0,
        "Special Income Charges": 0.0,
        "Gain On Sale Of Ppe": 0.0,
        "Gain On Sale Of Business": 0.0,
        "Other Special Charges": NaN,
        "Restructuring And Mergern Acquisition": 0.0,
        "Earnings From Equity Interest": 0.0,
        "Gain On Sale Of Security": NaN,
        "Net Non Operating Interest Income Expense": -207000000.0,
        "Interest Expense Non Operating": 207000000.0,
        "Operating Income": 1173000000.0,
        "Operating Expense": 506000000.0,
        "Other Operating Expenses": 506000000.0,
        "Other Taxes": 33000000.0,
        "Selling General And Administration": -85000000.0,
        "General And Administrative Expense": -85000000.0,
        "Salaries And Wages": -85000000.0,
        "Gross Profit": 1679000000.0,
        "Cost Of Revenue": 1660000000.0,
        "Total Revenue": 3339000000.0,
        "Operating Revenue": 3339000000.0
    },
    "2023-12-31": {
        "Tax Effect Of Unusual Items": -6593194.122196,
        "Tax Rate For Calcs": 0.212684,
        "Normalized EBITDA": 1987000000.0,
        "Total Unusual Items": -31000000.0,
        "Total Unusual Items Excluding Goodwill": -31000000.0,
        "Net Income From Continuing Operation Net Minority Interest": 1023000000.0,
        "Reconciled Depreciation": 457000000.0,
        "Reconciled Cost Of Revenue": 1784000000.0,
        "EBITDA": 1956000000.0,
        "EBIT": 1499000000.0,
        "Net Interest Income": -206000000.0,
        "Interest Expense": 206000000.0,
        "Normalized Income": 1047406805.877804,
        "Net Income From Continuing And Discontinued Operation": 1023000000.0,
        "Total Expenses": 2336000000.0,
        "Rent Expense Supplemental": 76000000.0,
        "Total Operating Income As Reported": 1442000000.0,
        "Diluted Average Shares": 933800000.0,
        "Basic Average Shares": 931800000.0,
        "Diluted EPS": 1.1,
        "Basic EPS": 1.1,
        "Diluted NI Availto Com Stockholders": 1023000000.0,
        "Net Income Common Stockholders": 1023000000.0,
        "Net Income": 1023000000.0,
        "Minority Interests": 5000000.0,
        "Net Income Including Noncontrolling Interests": 1018000000.0,
        "Net Income Continuous Operations": 1018000000.0,
        "Tax Provision": 275000000.0,
        "Pretax Income": 1293000000.0,
        "Other Income Expense": 59000000.0,
        "Other Non Operating Income Expenses": 90000000.0,
        "Special Income Charges": -4000000.0,
        "Gain On Sale Of Ppe": 2000000.0,
        "Gain On Sale Of Business": 0.0,
        "Other Special Charges": NaN,
        "Restructuring And Mergern Acquisition": NaN,
        "Earnings From Equity Interest": 0.0,
        "Gain On Sale Of Security": NaN,
        "Net Non Operating Interest Income Expense": -206000000.0,
        "Interest Expense Non Operating": 206000000.0,
        "Operating Income": 1440000000.0,
        "Operating Expense": 552000000.0,
        "Other Operating Expenses": 519000000.0,
        "Other Taxes": 33000000.0,
        "Selling General And Administration": NaN,
        "General And Administrative Expense": NaN,
        "Salaries And Wages": NaN,
        "Gross Profit": 1992000000.0,
        "Cost Of Revenue": 1784000000.0,
        "Total Revenue": 3776000000.0,
        "Operating Revenue": 3776000000.0
    },
    "2024-03-31": {
        "Tax Effect Of Unusual Items": 0.0,
        "Tax Rate For Calcs": 0.2509,
        "Normalized EBITDA": 1706000000.0,
        "Total Unusual Items": NaN,
        "Total Unusual Items Excluding Goodwill": NaN,
        "Net Income From Continuing Operation Net Minority Interest": 775000000.0,
        "Reconciled Depreciation": 467000000.0,
        "Reconciled Cost Of Revenue": 1791000000.0,
        "EBITDA": 1706000000.0,
        "EBIT": 1239000000.0,
        "Net Interest Income": -206000000.0,
        "Interest Expense": 206000000.0,
        "Normalized Income": 775000000.0,
        "Net Income From Continuing And Discontinued Operation": 775000000.0,
        "Total Expenses": 2371000000.0,
        "Rent Expense Supplemental": 82000000.0,
        "Total Operating Income As Reported": 1149000000.0,
        "Diluted Average Shares": 934400000.0,
        "Basic Average Shares": 932400000.0,
        "Diluted EPS": 0.83,
        "Basic EPS": 0.83,
        "Diluted NI Availto Com Stockholders": 775000000.0,
        "Net Income Common Stockholders": 775000000.0,
        "Net Income": 775000000.0,
        "Minority Interests": 1000000.0,
        "Net Income Including Noncontrolling Interests": 774000000.0,
        "Net Income Continuous Operations": 774000000.0,
        "Tax Provision": 259000000.0,
        "Pretax Income": 1033000000.0,
        "Other Income Expense": 90000000.0,
        "Other Non Operating Income Expenses": 90000000.0,
        "Special Income Charges": NaN,
        "Gain On Sale Of Ppe": NaN,
        "Gain On Sale Of Business": NaN,
        "Other Special Charges": NaN,
        "Restructuring And Mergern Acquisition": NaN,
        "Earnings From Equity Interest": 0.0,
        "Gain On Sale Of Security": NaN,
        "Net Non Operating Interest Income Expense": -206000000.0,
        "Interest Expense Non Operating": 206000000.0,
        "Operating Income": 1149000000.0,
        "Operating Expense": 580000000.0,
        "Other Operating Expenses": 580000000.0,
        "Other Taxes": NaN,
        "Selling General And Administration": -88000000.0,
        "General And Administrative Expense": -88000000.0,
        "Salaries And Wages": -88000000.0,
        "Gross Profit": 1729000000.0,
        "Cost Of Revenue": 1791000000.0,
        "Total Revenue": 3520000000.0,
        "Operating Revenue": 3520000000.0
    },
    "2024-06-30": {
        "Tax Effect Of Unusual Items": 0.0,
        "Tax Rate For Calcs": 0.244,
        "Normalized EBITDA": 1868000000.0,
        "Total Unusual Items": 0.0,
        "Total Unusual Items Excluding Goodwill": 0.0,
        "Net Income From Continuing Operation Net Minority Interest": 905000000.0,
        "Reconciled Depreciation": 473000000.0,
        "Reconciled Cost Of Revenue": 1730000000.0,
        "EBITDA": 1868000000.0,
        "EBIT": 1395000000.0,
        "Net Interest Income": -200000000.0,
        "Interest Expense": 200000000.0,
        "Normalized Income": 905000000.0,
        "Net Income From Continuing And Discontinued Operation": 905000000.0,
        "Total Expenses": 2336000000.0,
        "Rent Expense Supplemental": 82000000.0,
        "Total Operating Income As Reported": 1267000000.0,
        "Diluted Average Shares": 934600000.0,
        "Basic Average Shares": 932800000.0,
        "Diluted EPS": 0.97,
        "Basic EPS": 0.97,
        "Diluted NI Availto Com Stockholders": 905000000.0,
        "Net Income Common Stockholders": 905000000.0,
        "Net Income": 905000000.0,
        "Minority Interests": 2000000.0,
        "Net Income Including Noncontrolling Interests": 903000000.0,
        "Net Income Continuous Operations": 903000000.0,
        "Tax Provision": 292000000.0,
        "Pretax Income": 1195000000.0,
        "Other Income Expense": 128000000.0,
        "Other Non Operating Income Expenses": 128000000.0,
        "Special Income Charges": 0.0,
        "Gain On Sale Of Ppe": NaN,
        "Gain On Sale Of Business": 0.0,
        "Other Special Charges": NaN,
        "Restructuring And Mergern Acquisition": NaN,
        "Earnings From Equity Interest": 0.0,
        "Gain On Sale Of Security": NaN,
        "Net Non Operating Interest Income Expense": -200000000.0,
        "Interest Expense Non Operating": 200000000.0,
        "Operating Income": 1267000000.0,
        "Operating Expense": 606000000.0,
        "Other Operating Expenses": 606000000.0,
        "Other Taxes": NaN,
        "Selling General And Administration": -88000000.0,
        "General And Administrative Expense": -88000000.0,
        "Salaries And Wages": -88000000.0,
        "Gross Profit": 1873000000.0,
        "Cost Of Revenue": 1730000000.0,
        "Total Revenue": 3603000000.0,
        "Operating Revenue": 3603000000.0
    },
    "2024-09-30": {
        "Tax Effect Of Unusual Items": 0.0,
        "Tax Rate For Calcs": 0.2388,
        "Normalized EBITDA": 1763000000.0,
        "Total Unusual Items": 0.0,
        "Total Unusual Items Excluding Goodwill": 0.0,
        "Net Income From Continuing Operation Net Minority Interest": 837000000.0,
        "Reconciled Depreciation": 472000000.0,
        "Reconciled Cost Of Revenue": 1723000000.0,
        "EBITDA": 1763000000.0,
        "EBIT": 1291000000.0,
        "Net Interest Income": -192000000.0,
        "Interest Expense": 192000000.0,
        "Normalized Income": 837000000.0,
        "Net Income From Continuing And Discontinued Operation": 837000000.0,
        "Total Expenses": 2346000000.0,
        "Rent Expense Supplemental": 89000000.0,
        "Total Operating Income As Reported": 1203000000.0,
        "Diluted Average Shares": 935300000.0,
        "Basic Average Shares": 933200000.0,
        "Diluted EPS": 0.9,
        "Basic EPS": 0.9,
        "Diluted NI Availto Com Stockholders": 837000000.0,
        "Net Income Common Stockholders": 837000000.0,
        "Net Income": 837000000.0,
        "Minority Interests": 0.0,
        "Net Income Including Noncontrolling Interests": 837000000.0,
        "Net Income Continuous Operations": 837000000.0,
        "Tax Provision": 262000000.0,
        "Pretax Income": 1099000000.0,
        "Other Income Expense": 88000000.0,
        "Other Non Operating Income Expenses": 88000000.0,
        "Special Income Charges": 0.0,
        "Gain On Sale Of Ppe": NaN,
        "Gain On Sale Of Business": 0.0,
        "Other Special Charges": NaN,
        "Restructuring And Mergern Acquisition": NaN,
        "Earnings From Equity Interest": 0.0,
        "Gain On Sale Of Security": NaN,
        "Net Non Operating Interest Income Expense": -192000000.0,
        "Interest Expense Non Operating": 192000000.0,
        "Operating Income": 1203000000.0,
        "Operating Expense": 623000000.0,
        "Other Operating Expenses": 623000000.0,
        "Other Taxes": NaN,
        "Selling General And Administration": NaN,
        "General And Administrative Expense": NaN,
        "Salaries And Wages": NaN,
        "Gross Profit": 1826000000.0,
        "Cost Of Revenue": 1723000000.0,
        "Total Revenue": 3549000000.0,
        "Operating Revenue": 3549000000.0
    }
}