{
    "2023-12-31": {
        "Tax Effect Of Unusual Items": -6052.948003,
        "Tax Rate For Calcs": 0.232806,
        "Normalized EBITDA": 509510000.0,
        "Total Unusual Items": -26000.0,
        "Total Unusual Items Excluding Goodwill": -26000.0,
        "Net Income From Continuing Operation Net Minority Interest": 255857000.0,
        "Reconciled Depreciation": 83946000.0,
        "Reconciled Cost Of Revenue": 201459000.0,
        "EBITDA": 509484000.0,
        "EBIT": 425538000.0,
        "Net Interest Income": -92041000.0,
        "Interest Expense": 92041000.0,
        "Normalized Income": 255876947.051997,
        "Net Income From Continuing And Discontinued Operation": 255857000.0,
        "Total Expenses": 513269000.0,
        "Total Operating Income As Reported": 424051000.0,
        "Diluted Average Shares": 73475000.0,
        "Basic Average Shares": 72065000.0,
        "Diluted EPS": 3.48,
        "Basic EPS": 3.55,
        "Diluted NI Availto Com Stockholders": 255857000.0,
        "Net Income Common Stockholders": 255857000.0,
        "Net Income": 255857000.0,
        "Minority Interests": NaN,
        "Net Income Including Noncontrolling Interests": 255857000.0,
        "Net Income Continuous Operations": 255857000.0,
        "Tax Provision": 77640000.0,
        "Pretax Income": 333497000.0,
        "Other Income Expense": 1487000.0,
        "Other Non Operating Income Expenses": 1513000.0,
        "Special Income Charges": 0.0,
        "Gain On Sale Of Security": -26000.0,
        "Net Non Operating Interest Income Expense": -92041000.0,
        "Interest Expense Non Operating": 92041000.0,
        "Operating Income": 424051000.0,
        "Operating Expense": 311810000.0,
        "Other Operating Expenses": 120000.0,
        "Depreciation Amortization Depletion Income Statement": 83946000.0,
        "Depreciation And Amortization In Income Statement": 83946000.0,
        "Selling General And Administration": 227744000.0,
        "Selling And Marketing Expense": 86199000.0,
        "General And Administrative Expense": 141545000.0,
        "Other Gand A": 141545000.0,
        "Gross Profit": 735861000.0,
        "Cost Of Revenue": 201459000.0,
        "Total Revenue": 937320000.0,
        "Operating Revenue": 937320000.0
    },
    "2023-09-30": {
        "Tax Effect Of Unusual Items": -7980.0,
        "Tax Rate For Calcs": 0.266,
        "Normalized EBITDA": 543159000.0,
        "Total Unusual Items": -30000.0,
        "Total Unusual Items Excluding Goodwill": -30000.0,
        "Net Income From Continuing Operation Net Minority Interest": 271496000.0,
        "Reconciled Depreciation": 84750000.0,
        "Reconciled Cost Of Revenue": 208217000.0,
        "EBITDA": 543129000.0,
        "EBIT": 458379000.0,
        "Net Interest Income": -88285000.0,
        "Interest Expense": 88285000.0,
        "Normalized Income": 271518020.0,
        "Net Income From Continuing And Discontinued Operation": 271496000.0,
        "Total Expenses": 525915000.0,
        "Total Operating Income As Reported": 444977000.0,
        "Diluted Average Shares": 74604000.0,
        "Basic Average Shares": 73165000.0,
        "Diluted EPS": 3.64,
        "Basic EPS": 3.71,
        "Diluted NI Availto Com Stockholders": 271496000.0,
        "Net Income Common Stockholders": 271496000.0,
        "Net Income": 271496000.0,
        "Minority Interests": NaN,
        "Net Income Including Noncontrolling Interests": 271496000.0,
        "Net Income Continuous Operations": 271496000.0,
        "Tax Provision": 98598000.0,
        "Pretax Income": 370094000.0,
        "Other Income Expense": 13402000.0,
        "Other Non Operating Income Expenses": 13432000.0,
        "Special Income Charges": 0.0,
        "Gain On Sale Of Security": -30000.0,
        "Net Non Operating Interest Income Expense": -88285000.0,
        "Interest Expense Non Operating": 88285000.0,
        "Operating Income": 444977000.0,
        "Operating Expense": 317698000.0,
        "Other Operating Expenses": -845000.0,
        "Depreciation Amortization Depletion Income Statement": 84750000.0,
        "Depreciation And Amortization In Income Statement": 84750000.0,
        "Selling General And Administration": 233793000.0,
        "Selling And Marketing Expense": 85954000.0,
        "General And Administrative Expense": 147839000.0,
        "Other Gand A": 147839000.0,
        "Gross Profit": 762675000.0,
        "Cost Of Revenue": 208217000.0,
        "Total Revenue": 970892000.0,
        "Operating Revenue": 970892000.0
    },
    "2023-06-30": {
        "Tax Effect Of Unusual Items": -4788.020945,
        "Tax Rate For Calcs": 0.266001,
        "Normalized EBITDA": 498750000.0,
        "Total Unusual Items": -18000.0,
        "Total Unusual Items Excluding Goodwill": -18000.0,
        "Net Income From Continuing Operation Net Minority Interest": 239702000.0,
        "Reconciled Depreciation": 83676000.0,
        "Reconciled Cost Of Revenue": 205265000.0,
        "EBITDA": 498732000.0,
        "EBIT": 415056000.0,
        "Net Interest Income": -88486000.0,
        "Interest Expense": 88486000.0,
        "Normalized Income": 239715211.979055,
        "Net Income From Continuing And Discontinued Operation": 239702000.0,
        "Total Expenses": 535524000.0,
        "Total Operating Income As Reported": 412650000.0,
        "Diluted Average Shares": 75001000.0,
        "Basic Average Shares": 73887000.0,
        "Diluted EPS": 3.2,
        "Basic EPS": 3.24,
        "Diluted NI Availto Com Stockholders": 239702000.0,
        "Net Income Common Stockholders": 239702000.0,
        "Net Income": 239702000.0,
        "Minority Interests": 0.0,
        "Net Income Including Noncontrolling Interests": 239702000.0,
        "Net Income Continuous Operations": 239702000.0,
        "Tax Provision": 86868000.0,
        "Pretax Income": 326570000.0,
        "Other Income Expense": 2406000.0,
        "Other Non Operating Income Expenses": 2424000.0,
        "Special Income Charges": NaN,
        "Gain On Sale Of Security": -18000.0,
        "Net Non Operating Interest Income Expense": -88486000.0,
        "Interest Expense Non Operating": 88486000.0,
        "Operating Income": 412650000.0,
        "Operating Expense": 330259000.0,
        "Other Operating Expenses": 815000.0,
        "Depreciation Amortization Depletion Income Statement": 83676000.0,
        "Depreciation And Amortization In Income Statement": 83676000.0,
        "Selling General And Administration": 245768000.0,
        "Selling And Marketing Expense": 86412000.0,
        "General And Administrative Expense": 159356000.0,
        "Other Gand A": 159356000.0,
        "Gross Profit": 742909000.0,
        "Cost Of Revenue": 205265000.0,
        "Total Revenue": 948174000.0,
        "Operating Revenue": 948174000.0
    },
    "2023-03-31": {
        "Tax Effect Of Unusual Items": NaN,
        "Tax Rate For Calcs": NaN,
        "Normalized EBITDA": NaN,
        "Total Unusual Items": NaN,
        "Total Unusual Items Excluding Goodwill": NaN,
        "Net Income From Continuing Operation Net Minority Interest": NaN,
        "Reconciled Depreciation": NaN,
        "Reconciled Cost Of Revenue": NaN,
        "EBITDA": NaN,
        "EBIT": NaN,
        "Net Interest Income": NaN,
        "Interest Expense": NaN,
        "Normalized Income": NaN,
        "Net Income From Continuing And Discontinued Operation": NaN,
        "Total Expenses": NaN,
        "Total Operating Income As Reported": NaN,
        "Diluted Average Shares": NaN,
        "Basic Average Shares": NaN,
        "Diluted EPS": NaN,
        "Basic EPS": NaN,
        "Diluted NI Availto Com Stockholders": NaN,
        "Net Income Common Stockholders": NaN,
        "Net Income": NaN,
        "Minority Interests": 0.0,
        "Net Income Including Noncontrolling Interests": NaN,
        "Net Income Continuous Operations": NaN,
        "Tax Provision": NaN,
        "Pretax Income": NaN,
        "Other Income Expense": NaN,
        "Other Non Operating Income Expenses": NaN,
        "Special Income Charges": NaN,
        "Gain On Sale Of Security": NaN,
        "Net Non Operating Interest Income Expense": NaN,
        "Interest Expense Non Operating": NaN,
        "Operating Income": NaN,
        "Operating Expense": NaN,
        "Other Operating Expenses": NaN,
        "Depreciation Amortization Depletion Income Statement": NaN,
        "Depreciation And Amortization In Income Statement": NaN,
        "Selling General And Administration": NaN,
        "Selling And Marketing Expense": NaN,
        "General And Administrative Expense": NaN,
        "Other Gand A": NaN,
        "Gross Profit": NaN,
        "Cost Of Revenue": NaN,
        "Total Revenue": NaN,
        "Operating Revenue": NaN
    },
    "2022-12-31": {
        "Tax Effect Of Unusual Items": NaN,
        "Tax Rate For Calcs": NaN,
        "Normalized EBITDA": NaN,
        "Total Unusual Items": NaN,
        "Total Unusual Items Excluding Goodwill": NaN,
        "Net Income From Continuing Operation Net Minority Interest": NaN,
        "Reconciled Depreciation": NaN,
        "Reconciled Cost Of Revenue": NaN,
        "EBITDA": NaN,
        "EBIT": NaN,
        "Net Interest Income": NaN,
        "Interest Expense": NaN,
        "Normalized Income": NaN,
        "Net Income From Continuing And Discontinued Operation": NaN,
        "Total Expenses": NaN,
        "Total Operating Income As Reported": NaN,
        "Diluted Average Shares": NaN,
        "Basic Average Shares": NaN,
        "Diluted EPS": NaN,
        "Basic EPS": NaN,
        "Diluted NI Availto Com Stockholders": NaN,
        "Net Income Common Stockholders": NaN,
        "Net Income": NaN,
        "Minority Interests": NaN,
        "Net Income Including Noncontrolling Interests": NaN,
        "Net Income Continuous Operations": NaN,
        "Tax Provision": NaN,
        "Pretax Income": NaN,
        "Other Income Expense": NaN,
        "Other Non Operating Income Expenses": NaN,
        "Special Income Charges": 0.0,
        "Other Special Charges": 0.0,
        "Gain On Sale Of Security": NaN,
        "Net Non Operating Interest Income Expense": NaN,
        "Interest Expense Non Operating": NaN,
        "Operating Income": NaN,
        "Operating Expense": NaN,
        "Other Operating Expenses": NaN,
        "Depreciation Amortization Depletion Income Statement": NaN,
        "Depreciation And Amortization In Income Statement": NaN,
        "Selling General And Administration": NaN,
        "Selling And Marketing Expense": NaN,
        "General And Administrative Expense": NaN,
        "Other Gand A": NaN,
        "Gross Profit": NaN,
        "Cost Of Revenue": NaN,
        "Total Revenue": NaN,
        "Operating Revenue": NaN
    },
    "2024-03-31": {
        "Tax Effect Of Unusual Items": 41249.0,
        "Tax Rate For Calcs": 0.247,
        "Normalized EBITDA": 478971000.0,
        "Total Unusual Items": 167000.0,
        "Total Unusual Items Excluding Goodwill": 167000.0,
        "Net Income From Continuing Operation Net Minority Interest": 229769000.0,
        "Reconciled Depreciation": 84760000.0,
        "Reconciled Cost Of Revenue": 207411000.0,
        "EBITDA": 479138000.0,
        "EBIT": 394378000.0,
        "Net Interest Income": -89088000.0,
        "Interest Expense": 89088000.0,
        "Normalized Income": 229643249.0,
        "Net Income From Continuing And Discontinued Operation": 229769000.0,
        "Total Expenses": 537913000.0,
        "Total Operating Income As Reported": 397338000.0,
        "Diluted Average Shares": 73545000.0,
        "Basic Average Shares": 71769000.0,
        "Diluted EPS": 3.12,
        "Basic EPS": 3.2,
        "Diluted NI Availto Com Stockholders": 229769000.0,
        "Net Income Common Stockholders": 229769000.0,
        "Net Income": 229769000.0,
        "Minority Interests": -34000.0,
        "Net Income Including Noncontrolling Interests": 229803000.0,
        "Net Income Continuous Operations": 229803000.0,
        "Tax Provision": 75487000.0,
        "Pretax Income": 305290000.0,
        "Other Income Expense": -2960000.0,
        "Other Non Operating Income Expenses": -3127000.0,
        "Special Income Charges": NaN,
        "Gain On Sale Of Security": 167000.0,
        "Net Non Operating Interest Income Expense": -89088000.0,
        "Interest Expense Non Operating": 89088000.0,
        "Operating Income": 397338000.0,
        "Operating Expense": 330502000.0,
        "Other Operating Expenses": 292000.0,
        "Depreciation Amortization Depletion Income Statement": 84760000.0,
        "Depreciation And Amortization In Income Statement": 84760000.0,
        "Selling General And Administration": 245450000.0,
        "Selling And Marketing Expense": 94188000.0,
        "General And Administrative Expense": 151262000.0,
        "Other Gand A": 151262000.0,
        "Gross Profit": 727840000.0,
        "Cost Of Revenue": 207411000.0,
        "Total Revenue": 935251000.0,
        "Operating Revenue": 935251000.0
    },
    "2022-09-30": {
        "Tax Effect Of Unusual Items": NaN,
        "Tax Rate For Calcs": NaN,
        "Normalized EBITDA": NaN,
        "Total Unusual Items": NaN,
        "Total Unusual Items Excluding Goodwill": NaN,
        "Net Income From Continuing Operation Net Minority Interest": NaN,
        "Reconciled Depreciation": NaN,
        "Reconciled Cost Of Revenue": NaN,
        "EBITDA": NaN,
        "EBIT": NaN,
        "Net Interest Income": NaN,
        "Interest Expense": NaN,
        "Normalized Income": NaN,
        "Net Income From Continuing And Discontinued Operation": NaN,
        "Total Expenses": NaN,
        "Total Operating Income As Reported": NaN,
        "Diluted Average Shares": NaN,
        "Basic Average Shares": NaN,
        "Diluted EPS": NaN,
        "Basic EPS": NaN,
        "Diluted NI Availto Com Stockholders": NaN,
        "Net Income Common Stockholders": NaN,
        "Net Income": NaN,
        "Minority Interests": NaN,
        "Net Income Including Noncontrolling Interests": NaN,
        "Net Income Continuous Operations": NaN,
        "Tax Provision": NaN,
        "Pretax Income": NaN,
        "Other Income Expense": NaN,
        "Other Non Operating Income Expenses": NaN,
        "Special Income Charges": 0.0,
        "Other Special Charges": NaN,
        "Gain On Sale Of Security": NaN,
        "Net Non Operating Interest Income Expense": NaN,
        "Interest Expense Non Operating": NaN,
        "Operating Income": NaN,
        "Operating Expense": NaN,
        "Other Operating Expenses": NaN,
        "Depreciation Amortization Depletion Income Statement": NaN,
        "Depreciation And Amortization In Income Statement": NaN,
        "Selling General And Administration": NaN,
        "Selling And Marketing Expense": NaN,
        "General And Administrative Expense": NaN,
        "Other Gand A": NaN,
        "Gross Profit": NaN,
        "Cost Of Revenue": NaN,
        "Total Revenue": NaN,
        "Operating Revenue": NaN
    },
    "2024-06-30": {
        "Tax Effect Of Unusual Items": 8891.041945,
        "Tax Rate For Calcs": 0.246973,
        "Normalized EBITDA": 513185000.0,
        "Total Unusual Items": 36000.0,
        "Total Unusual Items Excluding Goodwill": 36000.0,
        "Net Income From Continuing Operation Net Minority Interest": 251625000.0,
        "Reconciled Depreciation": 84342000.0,
        "Reconciled Cost Of Revenue": 209199000.0,
        "EBITDA": 513221000.0,
        "EBIT": 428879000.0,
        "Net Interest Income": -94677000.0,
        "Interest Expense": 94677000.0,
        "Normalized Income": 251597891.041945,
        "Net Income From Continuing And Discontinued Operation": 251625000.0,
        "Total Expenses": 542371000.0,
        "Total Operating Income As Reported": 433339000.0,
        "Diluted Average Shares": 71497000.0,
        "Basic Average Shares": 70107000.0,
        "Diluted EPS": 3.52,
        "Basic EPS": 3.59,
        "Diluted NI Availto Com Stockholders": 251625000.0,
        "Net Income Common Stockholders": 251625000.0,
        "Net Income": 251625000.0,
        "Minority Interests": -38000.0,
        "Net Income Including Noncontrolling Interests": 251663000.0,
        "Net Income Continuous Operations": 251663000.0,
        "Tax Provision": 82539000.0,
        "Pretax Income": 334202000.0,
        "Other Income Expense": -4460000.0,
        "Other Non Operating Income Expenses": -4496000.0,
        "Special Income Charges": NaN,
        "Gain On Sale Of Security": 36000.0,
        "Net Non Operating Interest Income Expense": -94677000.0,
        "Interest Expense Non Operating": 94677000.0,
        "Operating Income": 433339000.0,
        "Operating Expense": 333172000.0,
        "Other Operating Expenses": 9000.0,
        "Depreciation Amortization Depletion Income Statement": 84342000.0,
        "Depreciation And Amortization In Income Statement": 84342000.0,
        "Selling General And Administration": 248821000.0,
        "Selling And Marketing Expense": 95044000.0,
        "General And Administrative Expense": 153777000.0,
        "Other Gand A": 153777000.0,
        "Gross Profit": 766511000.0,
        "Cost Of Revenue": 209199000.0,
        "Total Revenue": 975710000.0,
        "Operating Revenue": 975710000.0
    }
}