{
    "2023-03-31": {
        "Tax Effect Of Unusual Items": NaN,
        "Tax Rate For Calcs": NaN,
        "Normalized EBITDA": NaN,
        "Net Income From Continuing Operation Net Minority Interest": NaN,
        "Reconciled Depreciation": NaN,
        "Reconciled Cost Of Revenue": NaN,
        "EBITDA": NaN,
        "EBIT": NaN,
        "Net Interest Income": NaN,
        "Normalized Income": NaN,
        "Net Income From Continuing And Discontinued Operation": NaN,
        "Total Expenses": NaN,
        "Total Operating Income As Reported": NaN,
        "Diluted Average Shares": NaN,
        "Basic Average Shares": NaN,
        "Diluted EPS": NaN,
        "Basic EPS": NaN,
        "Diluted NI Availto Com Stockholders": NaN,
        "Net Income Common Stockholders": NaN,
        "Net Income": NaN,
        "Net Income Including Noncontrolling Interests": NaN,
        "Net Income Continuous Operations": NaN,
        "Tax Provision": NaN,
        "Pretax Income": NaN,
        "Other Income Expense": 15590.0,
        "Other Non Operating Income Expenses": 15590.0,
        "Net Non Operating Interest Income Expense": NaN,
        "Total Other Finance Cost": NaN,
        "Operating Income": NaN,
        "Operating Expense": NaN,
        "Selling General And Administration": NaN,
        "Gross Profit": NaN,
        "Cost Of Revenue": NaN,
        "Total Revenue": NaN,
        "Operating Revenue": NaN
    },
    "2022-12-31": {
        "Tax Effect Of Unusual Items": NaN,
        "Tax Rate For Calcs": NaN,
        "Normalized EBITDA": NaN,
        "Net Income From Continuing Operation Net Minority Interest": NaN,
        "Reconciled Depreciation": NaN,
        "Reconciled Cost Of Revenue": NaN,
        "EBITDA": NaN,
        "EBIT": NaN,
        "Net Interest Income": NaN,
        "Normalized Income": NaN,
        "Net Income From Continuing And Discontinued Operation": NaN,
        "Total Expenses": NaN,
        "Total Operating Income As Reported": NaN,
        "Diluted Average Shares": NaN,
        "Basic Average Shares": NaN,
        "Diluted EPS": NaN,
        "Basic EPS": NaN,
        "Diluted NI Availto Com Stockholders": NaN,
        "Net Income Common Stockholders": NaN,
        "Net Income": NaN,
        "Net Income Including Noncontrolling Interests": NaN,
        "Net Income Continuous Operations": NaN,
        "Tax Provision": NaN,
        "Pretax Income": NaN,
        "Other Income Expense": 3620.0,
        "Other Non Operating Income Expenses": 3620.0,
        "Net Non Operating Interest Income Expense": NaN,
        "Total Other Finance Cost": NaN,
        "Operating Income": NaN,
        "Operating Expense": NaN,
        "Selling General And Administration": NaN,
        "Gross Profit": NaN,
        "Cost Of Revenue": NaN,
        "Total Revenue": NaN,
        "Operating Revenue": NaN
    },
    "2022-09-30": {
        "Tax Effect Of Unusual Items": NaN,
        "Tax Rate For Calcs": NaN,
        "Normalized EBITDA": NaN,
        "Net Income From Continuing Operation Net Minority Interest": NaN,
        "Reconciled Depreciation": NaN,
        "Reconciled Cost Of Revenue": NaN,
        "EBITDA": NaN,
        "EBIT": NaN,
        "Net Interest Income": -1892.0,
        "Normalized Income": NaN,
        "Net Income From Continuing And Discontinued Operation": NaN,
        "Total Expenses": NaN,
        "Total Operating Income As Reported": NaN,
        "Diluted Average Shares": NaN,
        "Basic Average Shares": NaN,
        "Diluted EPS": NaN,
        "Basic EPS": NaN,
        "Diluted NI Availto Com Stockholders": NaN,
        "Net Income Common Stockholders": NaN,
        "Net Income": NaN,
        "Net Income Including Noncontrolling Interests": NaN,
        "Net Income Continuous Operations": NaN,
        "Tax Provision": NaN,
        "Pretax Income": NaN,
        "Other Income Expense": NaN,
        "Other Non Operating Income Expenses": NaN,
        "Net Non Operating Interest Income Expense": -1892.0,
        "Total Other Finance Cost": 1892.0,
        "Operating Income": NaN,
        "Operating Expense": NaN,
        "Selling General And Administration": NaN,
        "Gross Profit": NaN,
        "Cost Of Revenue": NaN,
        "Total Revenue": NaN,
        "Operating Revenue": NaN
    },
    "2022-06-30": {
        "Tax Effect Of Unusual Items": 0.0,
        "Tax Rate For Calcs": 0.321821,
        "Normalized EBITDA": 776000.0,
        "Net Income From Continuing Operation Net Minority Interest": 455108.0,
        "Reconciled Depreciation": 106520.0,
        "Reconciled Cost Of Revenue": 5242106.0,
        "EBITDA": 776000.0,
        "EBIT": 669480.0,
        "Net Interest Income": 1594.0,
        "Normalized Income": 455108.0,
        "Net Income From Continuing And Discontinued Operation": 455108.0,
        "Total Expenses": 6401263.0,
        "Total Operating Income As Reported": 669480.0,
        "Diluted Average Shares": 14708646.0,
        "Basic Average Shares": 14431825.0,
        "Diluted EPS": 0.03,
        "Basic EPS": 0.03,
        "Diluted NI Availto Com Stockholders": 455108.0,
        "Net Income Common Stockholders": 455108.0,
        "Net Income": 455108.0,
        "Net Income Including Noncontrolling Interests": 455108.0,
        "Net Income Continuous Operations": 455108.0,
        "Tax Provision": 215966.0,
        "Pretax Income": 671074.0,
        "Other Income Expense": NaN,
        "Other Non Operating Income Expenses": NaN,
        "Net Non Operating Interest Income Expense": 1594.0,
        "Total Other Finance Cost": -1594.0,
        "Operating Income": 669480.0,
        "Operating Expense": 1159157.0,
        "Selling General And Administration": 1159157.0,
        "Gross Profit": 1828637.0,
        "Cost Of Revenue": 5242106.0,
        "Total Revenue": 7070743.0,
        "Operating Revenue": 7070743.0
    },
    "2022-03-31": {
        "Diluted EPS": 0.03,
        "Total Revenue": 7,
        "Gross Profit": 2,
        "Operating Income": 1,
        "EBIT": 1,
        "Net Income": 0
    },
    "2021-12-31": {
        "Diluted EPS": 0.02,
        "Total Revenue": 6,
        "Gross Profit": 1,
        "Operating Income": 0,
        "EBIT": 0,
        "Net Income": 0
    },
    "2021-09-30": {
        "Diluted EPS": 0.18,
        "Total Revenue": 6,
        "Gross Profit": 1,
        "Operating Income": 0,
        "EBIT": 0,
        "Net Income": 3
    },
    "2021-06-30": {
        "Diluted EPS": 0.02,
        "Total Revenue": 6,
        "Gross Profit": 1,
        "Operating Income": 0,
        "EBIT": 0,
        "Net Income": 0
    },
    "2021-03-31": {
        "Diluted EPS": 0.0,
        "Total Revenue": 5,
        "Gross Profit": 1,
        "Operating Income": 0,
        "EBIT": 0,
        "Net Income": 0
    },
    "2020-12-31": {
        "Diluted EPS": -0.02,
        "Total Revenue": 4,
        "Gross Profit": 0,
        "Operating Income": 0,
        "EBIT": 0,
        "Net Income": 0
    },
    "2020-09-30": {
        "Diluted EPS": 0.02,
        "Total Revenue": 4,
        "Gross Profit": 1,
        "Operating Income": 0,
        "EBIT": 0,
        "Net Income": 0
    },
    "2020-06-30": {
        "Diluted EPS": 0.02,
        "Total Revenue": 6,
        "Gross Profit": 1,
        "Operating Income": 0,
        "EBIT": 0,
        "Net Income": 0
    },
    "2020-03-31": {
        "Diluted EPS": 0.05,
        "Total Revenue": 7,
        "Gross Profit": 2,
        "Operating Income": 1,
        "EBIT": 1,
        "Net Income": 1
    },
    "2019-12-31": {
        "Diluted EPS": 0.03,
        "Total Revenue": 5,
        "Gross Profit": 1,
        "Operating Income": 0,
        "EBIT": 1,
        "Net Income": 0
    },
    "2019-09-30": {
        "Diluted EPS": -0.04,
        "Total Revenue": 4,
        "Gross Profit": 0,
        "Operating Income": 0,
        "EBIT": 0,
        "Net Income": 0
    },
    "2019-06-30": {
        "Diluted EPS": 0.02,
        "Total Revenue": 6,
        "Gross Profit": 1,
        "Operating Income": 0,
        "EBIT": 0,
        "Net Income": 0
    },
    "2019-03-31": {
        "Diluted EPS": -0.06,
        "Total Revenue": 5,
        "Gross Profit": 0,
        "Operating Income": -1,
        "EBIT": -1,
        "Net Income": -1
    },
    "2018-12-31": {
        "Diluted EPS": -0.22,
        "Total Revenue": 6,
        "Gross Profit": 1,
        "Operating Income": 0,
        "EBIT": 0,
        "Net Income": -3
    },
    "2018-09-30": {
        "Diluted EPS": 0.0,
        "Total Revenue": 6,
        "Gross Profit": 1,
        "Operating Income": 0,
        "EBIT": 0,
        "Net Income": 0
    },
    "2018-06-30": {
        "Diluted EPS": -0.02,
        "Total Revenue": 5,
        "Gross Profit": 1,
        "Operating Income": 0,
        "EBIT": 0,
        "Net Income": 0
    },
    "2018-03-31": {
        "Diluted EPS": -0.04,
        "Total Revenue": 4,
        "Gross Profit": 0,
        "Operating Income": -1,
        "EBIT": -1,
        "Net Income": -1
    },
    "2017-12-31": {
        "Diluted EPS": -0.05,
        "Total Revenue": 4,
        "Gross Profit": 1,
        "Operating Income": 0,
        "EBIT": 0,
        "Net Income": -1
    },
    "2017-09-30": {
        "Diluted EPS": 0.0,
        "Total Revenue": 4,
        "Gross Profit": 1,
        "Operating Income": 0,
        "EBIT": 0,
        "Net Income": 0
    },
    "2017-06-30": {
        "Diluted EPS": -0.03,
        "Total Revenue": 4,
        "Gross Profit": 0,
        "Operating Income": -1,
        "EBIT": 0,
        "Net Income": 0
    },
    "2017-03-31": {
        "Diluted EPS": -0.05,
        "Total Revenue": 3,
        "Gross Profit": 0,
        "Operating Income": -1,
        "EBIT": -1,
        "Net Income": -1
    },
    "2016-12-31": {
        "Diluted EPS": -0.01,
        "Total Revenue": 3,
        "Gross Profit": 0,
        "Operating Income": -1,
        "EBIT": -1,
        "Net Income": 0
    },
    "2016-09-30": {
        "Diluted EPS": -0.01,
        "Total Revenue": 3,
        "Gross Profit": 0,
        "Operating Income": 0,
        "EBIT": 0,
        "Net Income": 0
    },
    "2016-06-30": {
        "Diluted EPS": -0.02,
        "Total Revenue": 4,
        "Gross Profit": 1,
        "Operating Income": 0,
        "EBIT": 0,
        "Net Income": 0
    },
    "2016-03-31": {
        "Diluted EPS": 0.01,
        "Total Revenue": 5,
        "Gross Profit": 1,
        "Operating Income": 0,
        "EBIT": 0,
        "Net Income": 0
    },
    "2015-12-31": {
        "Diluted EPS": 0.01,
        "Total Revenue": 5,
        "Gross Profit": 1,
        "Operating Income": 0,
        "EBIT": 0,
        "Net Income": 0
    },
    "2015-09-30": {
        "Diluted EPS": 0.0,
        "Total Revenue": 5,
        "Gross Profit": 1,
        "Operating Income": 0,
        "EBIT": 0,
        "Net Income": 0
    },
    "2015-06-30": {
        "Diluted EPS": 0.01,
        "Total Revenue": 6,
        "Gross Profit": 1,
        "Operating Income": 0,
        "EBIT": 0,
        "Net Income": 0
    },
    "2015-03-31": {
        "Diluted EPS": 0.01,
        "Total Revenue": 5,
        "Gross Profit": 1,
        "Operating Income": 0,
        "EBIT": 0,
        "Net Income": 0
    },
    "2014-12-31": {
        "Diluted EPS": 0.04,
        "Total Revenue": 6,
        "Gross Profit": 2,
        "Operating Income": 1,
        "EBIT": 1,
        "Net Income": 1
    },
    "2014-09-30": {
        "Diluted EPS": 0.01,
        "Total Revenue": 6,
        "Gross Profit": 1,
        "Operating Income": 0,
        "EBIT": 0,
        "Net Income": 0
    },
    "2014-06-30": {
        "Diluted EPS": 0.0,
        "Total Revenue": 5,
        "Gross Profit": 1,
        "Operating Income": 0,
        "EBIT": 0,
        "Net Income": 0
    },
    "2014-03-31": {
        "Diluted EPS": 0.02,
        "Total Revenue": 6,
        "Gross Profit": 2,
        "Operating Income": 0,
        "EBIT": 1,
        "Net Income": 0
    },
    "2013-12-31": {
        "Diluted EPS": 0.02,
        "Total Revenue": 5,
        "Gross Profit": 1,
        "Operating Income": 0,
        "EBIT": 1,
        "Net Income": 0
    },
    "2013-09-30": {
        "Diluted EPS": 0.03,
        "Total Revenue": 6,
        "Gross Profit": 2,
        "Operating Income": 1,
        "EBIT": 1,
        "Net Income": 0
    },
    "2013-06-30": {
        "Diluted EPS": 0.02,
        "Total Revenue": 5,
        "Gross Profit": 1,
        "Operating Income": 0,
        "EBIT": 1,
        "Net Income": 0
    },
    "2013-03-31": {
        "Diluted EPS": 0.0,
        "Total Revenue": 5,
        "Gross Profit": 1,
        "Operating Income": 0,
        "EBIT": 0,
        "Net Income": 0
    },
    "2012-12-31": {
        "Diluted EPS": -0.01,
        "Total Revenue": 4,
        "Gross Profit": 0,
        "Operating Income": 0,
        "EBIT": 0,
        "Net Income": 0
    },
    "2012-09-30": {
        "Diluted EPS": -0.04,
        "Total Revenue": 3,
        "Gross Profit": 0,
        "Operating Income": -1,
        "EBIT": -1,
        "Net Income": -1
    },
    "2012-06-30": {
        "Diluted EPS": -0.03,
        "Total Revenue": 4,
        "Gross Profit": 0,
        "Operating Income": -1,
        "EBIT": 0,
        "Net Income": 0
    },
    "2012-03-31": {
        "Diluted EPS": -0.04,
        "Total Revenue": 4,
        "Gross Profit": 0,
        "Operating Income": -1,
        "EBIT": -1,
        "Net Income": -1
    },
    "2011-12-31": {
        "Diluted EPS": 0.0,
        "Total Revenue": 4,
        "Gross Profit": 0,
        "Operating Income": 0,
        "EBIT": 0,
        "Net Income": 0
    },
    "2011-09-30": {
        "Diluted EPS": 0.0,
        "Total Revenue": 5,
        "Gross Profit": 1,
        "Operating Income": 0,
        "EBIT": 0,
        "Net Income": 0
    },
    "2011-06-30": {
        "Diluted EPS": 0.0,
        "Total Revenue": 5,
        "Gross Profit": 1,
        "Operating Income": 0,
        "EBIT": 0,
        "Net Income": 0
    },
    "2011-03-31": {
        "Diluted EPS": 0.0,
        "Total Revenue": 6,
        "Gross Profit": 1,
        "Operating Income": 0,
        "EBIT": 0,
        "Net Income": 0
    },
    "2010-12-31": {
        "Diluted EPS": -0.01,
        "Total Revenue": 5,
        "Gross Profit": 0,
        "Operating Income": -1,
        "EBIT": 0,
        "Net Income": 0
    },
    "2010-09-30": {
        "Diluted EPS": 0.03,
        "Total Revenue": 6,
        "Gross Profit": 1,
        "Operating Income": 1,
        "EBIT": 1,
        "Net Income": 0
    },
    "2010-06-30": {
        "Diluted EPS": 0.03,
        "Total Revenue": 5,
        "Gross Profit": 1,
        "Operating Income": 1,
        "EBIT": 1,
        "Net Income": 0
    },
    "2010-03-31": {
        "Diluted EPS": 0.01,
        "Total Revenue": 5,
        "Gross Profit": 1,
        "Operating Income": 0,
        "EBIT": 0,
        "Net Income": 0
    },
    "2009-12-31": {
        "Diluted EPS": 0.03,
        "Total Revenue": 3,
        "Gross Profit": 1,
        "Operating Income": 0,
        "EBIT": 0,
        "Net Income": 1
    },
    "2009-09-30": {
        "Diluted EPS": -0.01,
        "Total Revenue": 3,
        "Gross Profit": 0,
        "Operating Income": 0,
        "EBIT": 0,
        "Net Income": 0
    },
    "2009-06-30": {
        "Diluted EPS": 0.01,
        "Total Revenue": 4,
        "Gross Profit": 1,
        "Operating Income": 0,
        "EBIT": 0,
        "Net Income": 0
    },
    "2009-03-31": {
        "Diluted EPS": 0.01,
        "Total Revenue": 3,
        "Gross Profit": 1,
        "Operating Income": 0,
        "EBIT": 0,
        "Net Income": 0
    },
    "2023-06-30": {
        "Tax Effect Of Unusual Items": NaN,
        "Tax Rate For Calcs": NaN,
        "Normalized EBITDA": NaN,
        "Net Income From Continuing Operation Net Minority Interest": NaN,
        "Reconciled Depreciation": NaN,
        "Reconciled Cost Of Revenue": NaN,
        "EBITDA": NaN,
        "EBIT": NaN,
        "Net Interest Income": 79652.0,
        "Normalized Income": NaN,
        "Net Income From Continuing And Discontinued Operation": NaN,
        "Total Expenses": NaN,
        "Total Operating Income As Reported": NaN,
        "Diluted Average Shares": NaN,
        "Basic Average Shares": NaN,
        "Diluted EPS": NaN,
        "Basic EPS": NaN,
        "Diluted NI Availto Com Stockholders": NaN,
        "Net Income Common Stockholders": NaN,
        "Net Income": NaN,
        "Net Income Including Noncontrolling Interests": NaN,
        "Net Income Continuous Operations": NaN,
        "Tax Provision": NaN,
        "Pretax Income": NaN,
        "Other Income Expense": NaN,
        "Other Non Operating Income Expenses": NaN,
        "Net Non Operating Interest Income Expense": 79652.0,
        "Total Other Finance Cost": -79652.0,
        "Operating Income": NaN,
        "Operating Expense": NaN,
        "Selling General And Administration": NaN,
        "Gross Profit": NaN,
        "Cost Of Revenue": NaN,
        "Total Revenue": NaN,
        "Operating Revenue": NaN
    },
    "2023-09-30": {
        "Tax Effect Of Unusual Items": 0.0,
        "Tax Rate For Calcs": 0.175871,
        "Normalized EBITDA": 240976.0,
        "Net Income From Continuing Operation Net Minority Interest": 171081.0,
        "Reconciled Depreciation": 110339.0,
        "Reconciled Cost Of Revenue": 5049177.0,
        "EBITDA": 240976.0,
        "EBIT": 130637.0,
        "Net Interest Income": 78181.0,
        "Normalized Income": 171081.0,
        "Net Income From Continuing And Discontinued Operation": 171081.0,
        "Total Expenses": 6154404.0,
        "Total Operating Income As Reported": 130637.0,
        "Diluted Average Shares": 14636241.0,
        "Basic Average Shares": 14517364.0,
        "Diluted EPS": 0.01,
        "Basic EPS": 0.01,
        "Diluted NI Availto Com Stockholders": 171081.0,
        "Net Income Common Stockholders": 171081.0,
        "Net Income": 171081.0,
        "Net Income Including Noncontrolling Interests": 171081.0,
        "Net Income Continuous Operations": 171081.0,
        "Tax Provision": 36509.0,
        "Pretax Income": 207590.0,
        "Other Income Expense": -1228.0,
        "Other Non Operating Income Expenses": -1228.0,
        "Net Non Operating Interest Income Expense": 78181.0,
        "Total Other Finance Cost": -78181.0,
        "Operating Income": 130637.0,
        "Operating Expense": 1105227.0,
        "Selling General And Administration": 1105227.0,
        "Gross Profit": 1235864.0,
        "Cost Of Revenue": 5049177.0,
        "Total Revenue": 6285041.0,
        "Operating Revenue": 6285041.0
    },
    "2023-12-31": {
        "Tax Effect Of Unusual Items": 0.0,
        "Tax Rate For Calcs": 0.378457,
        "Normalized EBITDA": 269431.0,
        "Net Income From Continuing Operation Net Minority Interest": 139511.0,
        "Reconciled Depreciation": 125795.0,
        "Reconciled Cost Of Revenue": 5598616.0,
        "EBITDA": 269431.0,
        "EBIT": 143636.0,
        "Net Interest Income": 49432.0,
        "Normalized Income": 139511.0,
        "Net Income From Continuing And Discontinued Operation": 139511.0,
        "Total Expenses": 6603563.0,
        "Total Operating Income As Reported": 143636.0,
        "Diluted Average Shares": 14617473.0,
        "Basic Average Shares": 14617473.0,
        "Diluted EPS": 0.009544,
        "Basic EPS": 0.01,
        "Diluted NI Availto Com Stockholders": 139511.0,
        "Net Income Common Stockholders": 139511.0,
        "Net Income": 139511.0,
        "Net Income Including Noncontrolling Interests": 139511.0,
        "Net Income Continuous Operations": 139511.0,
        "Tax Provision": 84948.0,
        "Pretax Income": 224459.0,
        "Other Income Expense": 31391.0,
        "Other Non Operating Income Expenses": 31391.0,
        "Net Non Operating Interest Income Expense": 49432.0,
        "Total Other Finance Cost": NaN,
        "Operating Income": 143636.0,
        "Operating Expense": 1004947.0,
        "Selling General And Administration": 1004947.0,
        "Gross Profit": 1148583.0,
        "Cost Of Revenue": 5598616.0,
        "Total Revenue": 6747199.0,
        "Operating Revenue": 6747199.0
    },
    "2024-03-31": {
        "Tax Effect Of Unusual Items": 0.0,
        "Tax Rate For Calcs": 0.206649,
        "Normalized EBITDA": -158207.0,
        "Net Income From Continuing Operation Net Minority Interest": -143153.0,
        "Reconciled Depreciation": 101405.0,
        "Reconciled Cost Of Revenue": 5006324.0,
        "EBITDA": -158207.0,
        "EBIT": -259612.0,
        "Net Interest Income": NaN,
        "Normalized Income": -143153.0,
        "Net Income From Continuing And Discontinued Operation": -143153.0,
        "Total Expenses": 6172246.0,
        "Total Operating Income As Reported": -259612.0,
        "Diluted Average Shares": 14519215.0,
        "Basic Average Shares": 14519215.0,
        "Diluted EPS": -0.01,
        "Basic EPS": -0.01,
        "Diluted NI Availto Com Stockholders": -143153.0,
        "Net Income Common Stockholders": -143153.0,
        "Net Income": -143153.0,
        "Net Income Including Noncontrolling Interests": -143153.0,
        "Net Income Continuous Operations": -143153.0,
        "Tax Provision": -37288.0,
        "Pretax Income": -180441.0,
        "Other Income Expense": 79171.0,
        "Other Non Operating Income Expenses": 79171.0,
        "Net Non Operating Interest Income Expense": NaN,
        "Total Other Finance Cost": NaN,
        "Operating Income": -259612.0,
        "Operating Expense": 1165922.0,
        "Selling General And Administration": 1165922.0,
        "Gross Profit": 906310.0,
        "Cost Of Revenue": 5006324.0,
        "Total Revenue": 5912634.0,
        "Operating Revenue": 5912634.0
    },
    "2024-06-30": {
        "Tax Effect Of Unusual Items": 0.0,
        "Tax Rate For Calcs": 0.220426,
        "Normalized EBITDA": -1178438.0,
        "Net Income From Continuing Operation Net Minority Interest": -954304.0,
        "Reconciled Depreciation": 136549.0,
        "Reconciled Cost Of Revenue": 5260305.0,
        "EBITDA": -1178438.0,
        "EBIT": -1314987.0,
        "Net Interest Income": 90851.0,
        "Normalized Income": -954304.0,
        "Net Income From Continuing And Discontinued Operation": -954304.0,
        "Total Expenses": 6345300.0,
        "Total Operating Income As Reported": -1314987.0,
        "Diluted Average Shares": 14519215.0,
        "Basic Average Shares": 14519215.0,
        "Diluted EPS": -0.07,
        "Basic EPS": -0.07,
        "Diluted NI Availto Com Stockholders": -954304.0,
        "Net Income Common Stockholders": -954304.0,
        "Net Income": -954304.0,
        "Net Income Including Noncontrolling Interests": -954304.0,
        "Net Income Continuous Operations": -954304.0,
        "Tax Provision": -269832.0,
        "Pretax Income": -1224136.0,
        "Other Income Expense": NaN,
        "Other Non Operating Income Expenses": NaN,
        "Net Non Operating Interest Income Expense": 90851.0,
        "Total Other Finance Cost": -90851.0,
        "Operating Income": -1314987.0,
        "Operating Expense": 1084995.0,
        "Selling General And Administration": 1084995.0,
        "Gross Profit": -229992.0,
        "Cost Of Revenue": 5260305.0,
        "Total Revenue": 5030313.0,
        "Operating Revenue": 5030313.0
    },
    "2024-09-30": {
        "Tax Effect Of Unusual Items": 0.0,
        "Tax Rate For Calcs": 0.263283,
        "Normalized EBITDA": -1354752.0,
        "Net Income From Continuing Operation Net Minority Interest": -1042839.0,
        "Reconciled Depreciation": 131744.0,
        "Reconciled Cost Of Revenue": 4770548.0,
        "EBITDA": -1354752.0,
        "EBIT": -1486496.0,
        "Net Interest Income": 71650.0,
        "Normalized Income": -1042839.0,
        "Net Income From Continuing And Discontinued Operation": -1042839.0,
        "Total Expenses": 5733612.0,
        "Total Operating Income As Reported": -1486496.0,
        "Diluted Average Shares": 14525664.0,
        "Basic Average Shares": 14525664.0,
        "Diluted EPS": -0.07,
        "Basic EPS": -0.07,
        "Diluted NI Availto Com Stockholders": -1042839.0,
        "Net Income Common Stockholders": -1042839.0,
        "Net Income": -1042839.0,
        "Net Income Including Noncontrolling Interests": -1042839.0,
        "Net Income Continuous Operations": -1042839.0,
        "Tax Provision": -372683.0,
        "Pretax Income": -1415522.0,
        "Other Income Expense": -676.0,
        "Other Non Operating Income Expenses": -676.0,
        "Net Non Operating Interest Income Expense": 71650.0,
        "Total Other Finance Cost": -71650.0,
        "Operating Income": -1486496.0,
        "Operating Expense": 963064.0,
        "Selling General And Administration": 963064.0,
        "Gross Profit": -523432.0,
        "Cost Of Revenue": 4770548.0,
        "Total Revenue": 4247116.0,
        "Operating Revenue": 4247116.0
    }
}