{
    "2023-03-31": {
        "Tax Effect Of Unusual Items": 0.0,
        "Tax Rate For Calcs": 0.0,
        "Normalized EBITDA": -12534000.0,
        "Total Unusual Items": -1017000.0,
        "Total Unusual Items Excluding Goodwill": -1017000.0,
        "Net Income From Continuing Operation Net Minority Interest": -14742000.0,
        "Reconciled Depreciation": 492000.0,
        "Reconciled Cost Of Revenue": 1559000.0,
        "EBITDA": -13551000.0,
        "EBIT": -14043000.0,
        "Net Interest Income": 299000.0,
        "Normalized Income": -13725000.0,
        "Net Income From Continuing And Discontinued Operation": -14742000.0,
        "Total Expenses": 15528000.0,
        "Total Operating Income As Reported": -14043000.0,
        "Diluted Average Shares": 15677956.0,
        "Basic Average Shares": 15677956.0,
        "Diluted EPS": -0.9,
        "Basic EPS": -0.9,
        "Diluted NI Availto Com Stockholders": -14742000.0,
        "Net Income Common Stockholders": -14742000.0,
        "Net Income": -14742000.0,
        "Net Income Including Noncontrolling Interests": -14742000.0,
        "Net Income Continuous Operations": -14742000.0,
        "Tax Provision": 0.0,
        "Pretax Income": -14742000.0,
        "Other Income Expense": -998000.0,
        "Other Non Operating Income Expenses": 19000.0,
        "Special Income Charges": -361000.0,
        "Other Special Charges": 1123000.0,
        "Restructuring And Mergern Acquisition": -762000.0,
        "Gain On Sale Of Security": -656000.0,
        "Net Non Operating Interest Income Expense": 299000.0,
        "Total Other Finance Cost": -299000.0,
        "Operating Income": -14043000.0,
        "Operating Expense": 13969000.0,
        "Research And Development": 7238000.0,
        "Selling General And Administration": 6731000.0,
        "Gross Profit": -74000.0,
        "Cost Of Revenue": 1559000.0,
        "Total Revenue": 1485000.0,
        "Operating Revenue": 1485000.0
    },
    "2022-12-31": {
        "Tax Effect Of Unusual Items": 134.373361,
        "Tax Rate For Calcs": 0.000328,
        "Normalized EBITDA": -13049000.0,
        "Total Unusual Items": 410000.0,
        "Total Unusual Items Excluding Goodwill": 410000.0,
        "Net Income From Continuing Operation Net Minority Interest": -15251000.0,
        "Reconciled Depreciation": 2128000.0,
        "Reconciled Cost Of Revenue": 1024000.0,
        "EBITDA": -12639000.0,
        "EBIT": -14767000.0,
        "Net Interest Income": -914000.0,
        "Normalized Income": -15660865.626639,
        "Net Income From Continuing And Discontinued Operation": -15251000.0,
        "Total Expenses": 16344000.0,
        "Total Operating Income As Reported": -14767000.0,
        "Diluted Average Shares": 15651523.0,
        "Basic Average Shares": 15651523.0,
        "Diluted EPS": -1.0,
        "Basic EPS": -1.0,
        "Diluted NI Availto Com Stockholders": -15251000.0,
        "Net Income Common Stockholders": -15251000.0,
        "Net Income": -15251000.0,
        "Net Income Including Noncontrolling Interests": -15251000.0,
        "Net Income Continuous Operations": -15251000.0,
        "Tax Provision": -5000.0,
        "Pretax Income": -15256000.0,
        "Other Income Expense": 425000.0,
        "Other Non Operating Income Expenses": 15000.0,
        "Special Income Charges": 2252000.0,
        "Other Special Charges": NaN,
        "Restructuring And Mergern Acquisition": -3210000.0,
        "Gain On Sale Of Security": -1842000.0,
        "Net Non Operating Interest Income Expense": -914000.0,
        "Total Other Finance Cost": 914000.0,
        "Operating Income": -14767000.0,
        "Operating Expense": 15320000.0,
        "Research And Development": 8645000.0,
        "Selling General And Administration": 6675000.0,
        "Gross Profit": 553000.0,
        "Cost Of Revenue": 1024000.0,
        "Total Revenue": 1577000.0,
        "Operating Revenue": 1577000.0
    },
    "2022-09-30": {
        "Tax Effect Of Unusual Items": -330750.0,
        "Tax Rate For Calcs": 0.21,
        "Normalized EBITDA": -13017000.0,
        "Total Unusual Items": -1575000.0,
        "Total Unusual Items Excluding Goodwill": -1575000.0,
        "Net Income From Continuing Operation Net Minority Interest": -17411000.0,
        "Reconciled Depreciation": 428000.0,
        "Reconciled Cost Of Revenue": 1875000.0,
        "EBITDA": -14592000.0,
        "EBIT": -15020000.0,
        "Net Interest Income": -318000.0,
        "Normalized Income": -16166750.0,
        "Net Income From Continuing And Discontinued Operation": -17411000.0,
        "Total Expenses": 16824000.0,
        "Total Operating Income As Reported": -15020000.0,
        "Diluted Average Shares": 15568941.0,
        "Basic Average Shares": 15568941.0,
        "Diluted EPS": -1.1,
        "Basic EPS": -1.1,
        "Diluted NI Availto Com Stockholders": -17411000.0,
        "Net Income Common Stockholders": -17411000.0,
        "Net Income": -17411000.0,
        "Net Income Including Noncontrolling Interests": -17411000.0,
        "Net Income Continuous Operations": -17411000.0,
        "Tax Provision": 5000.0,
        "Pretax Income": -17406000.0,
        "Other Income Expense": -2068000.0,
        "Other Non Operating Income Expenses": -493000.0,
        "Special Income Charges": -1440000.0,
        "Other Special Charges": NaN,
        "Restructuring And Mergern Acquisition": 1440000.0,
        "Gain On Sale Of Security": -135000.0,
        "Net Non Operating Interest Income Expense": -318000.0,
        "Total Other Finance Cost": 318000.0,
        "Operating Income": -15020000.0,
        "Operating Expense": 14949000.0,
        "Research And Development": 8227000.0,
        "Selling General And Administration": 6722000.0,
        "Gross Profit": -71000.0,
        "Cost Of Revenue": 1875000.0,
        "Total Revenue": 1804000.0,
        "Operating Revenue": 1804000.0
    },
    "2022-06-30": {
        "Tax Effect Of Unusual Items": 246091.22807,
        "Tax Rate For Calcs": 0.014035,
        "Normalized EBITDA": -33222000.0,
        "Total Unusual Items": 17534000.0,
        "Total Unusual Items Excluding Goodwill": 17534000.0,
        "Net Income From Continuing Operation Net Minority Interest": 843000.0,
        "Reconciled Depreciation": 410000.0,
        "Reconciled Cost Of Revenue": 3082000.0,
        "EBITDA": -15688000.0,
        "EBIT": -16098000.0,
        "Net Interest Income": -585000.0,
        "Normalized Income": -16444908.77193,
        "Net Income From Continuing And Discontinued Operation": 843000.0,
        "Total Expenses": 18657000.0,
        "Total Operating Income As Reported": -16098000.0,
        "Diluted Average Shares": 161831284.0,
        "Basic Average Shares": 154108677.0,
        "Diluted EPS": 0.01,
        "Basic EPS": 0.01,
        "Diluted NI Availto Com Stockholders": 843000.0,
        "Net Income Common Stockholders": 843000.0,
        "Net Income": 843000.0,
        "Net Income Including Noncontrolling Interests": 843000.0,
        "Net Income Continuous Operations": 843000.0,
        "Tax Provision": 12000.0,
        "Pretax Income": 855000.0,
        "Other Income Expense": 17538000.0,
        "Other Non Operating Income Expenses": 4000.0,
        "Special Income Charges": 15630000.0,
        "Other Special Charges": NaN,
        "Restructuring And Mergern Acquisition": -15630000.0,
        "Gain On Sale Of Security": 1904000.0,
        "Net Non Operating Interest Income Expense": -585000.0,
        "Total Other Finance Cost": 585000.0,
        "Operating Income": -16098000.0,
        "Operating Expense": 15575000.0,
        "Research And Development": 8386000.0,
        "Selling General And Administration": 7189000.0,
        "Gross Profit": -523000.0,
        "Cost Of Revenue": 3082000.0,
        "Total Revenue": 2559000.0,
        "Operating Revenue": 2559000.0
    },
    "2022-03-31": {
        "Diluted EPS": 0.32,
        "Total Revenue": 1,
        "Gross Profit": 0,
        "Operating Income": -16,
        "EBIT": -15,
        "Net Income": 41
    },
    "2021-12-31": {
        "Diluted EPS": 0.02,
        "Total Revenue": 1,
        "Gross Profit": 0,
        "Operating Income": 0,
        "EBIT": 0,
        "Net Income": 0
    },
    "2021-09-30": {
        "Diluted EPS": -0.12,
        "Total Revenue": 2,
        "Gross Profit": 1,
        "Operating Income": -9,
        "EBIT": -9,
        "Net Income": -8
    },
    "2021-06-30": {
        "Diluted EPS": -0.15,
        "Total Revenue": 1,
        "Gross Profit": 0,
        "Operating Income": -10,
        "EBIT": -10,
        "Net Income": -10
    },
    "2021-03-31": {
        "Diluted EPS": -0.13,
        "Total Revenue": 0,
        "Gross Profit": -1,
        "Operating Income": -8,
        "EBIT": -8,
        "Net Income": -8
    },
    "2020-12-31": {
        "Diluted EPS": 0.0,
        "Total Revenue": NaN,
        "Gross Profit": NaN,
        "Operating Income": 0,
        "EBIT": NaN,
        "Net Income": 0
    },
    "2020-09-30": {
        "Diluted EPS": 0.0,
        "Total Revenue": NaN,
        "Gross Profit": NaN,
        "Operating Income": NaN,
        "EBIT": NaN,
        "Net Income": NaN
    },
    "2020-06-30": {
        "Diluted EPS": 0.0,
        "Total Revenue": NaN,
        "Gross Profit": NaN,
        "Operating Income": NaN,
        "EBIT": NaN,
        "Net Income": NaN
    },
    "2020-03-31": {
        "Diluted EPS": 0.0,
        "Total Revenue": NaN,
        "Gross Profit": NaN,
        "Operating Income": NaN,
        "EBIT": NaN,
        "Net Income": NaN
    },
    "2019-12-31": {
        "Diluted EPS": 0.0,
        "Total Revenue": NaN,
        "Gross Profit": NaN,
        "Operating Income": NaN,
        "EBIT": NaN,
        "Net Income": 0
    },
    "2019-03-31": {
        "Diluted EPS": 0.0,
        "Total Revenue": NaN,
        "Gross Profit": NaN,
        "Operating Income": NaN,
        "EBIT": NaN,
        "Net Income": NaN
    },
    "2023-06-30": {
        "Tax Effect Of Unusual Items": 2100.0,
        "Tax Rate For Calcs": 0.21,
        "Normalized EBITDA": -14610000.0,
        "Total Unusual Items": 10000.0,
        "Total Unusual Items Excluding Goodwill": 10000.0,
        "Net Income From Continuing Operation Net Minority Interest": -14190000.0,
        "Reconciled Depreciation": 516000.0,
        "Reconciled Cost Of Revenue": 2353000.0,
        "EBITDA": -14600000.0,
        "EBIT": -15116000.0,
        "Net Interest Income": 917000.0,
        "Normalized Income": -14197900.0,
        "Net Income From Continuing And Discontinued Operation": -14190000.0,
        "Total Expenses": 17903000.0,
        "Total Operating Income As Reported": -15116000.0,
        "Diluted Average Shares": 15737917.0,
        "Basic Average Shares": 15737917.0,
        "Diluted EPS": -0.9,
        "Basic EPS": -0.9,
        "Diluted NI Availto Com Stockholders": -14190000.0,
        "Net Income Common Stockholders": -14190000.0,
        "Net Income": -14190000.0,
        "Net Income Including Noncontrolling Interests": -14190000.0,
        "Net Income Continuous Operations": -14190000.0,
        "Tax Provision": 3000.0,
        "Pretax Income": -14187000.0,
        "Other Income Expense": 12000.0,
        "Other Non Operating Income Expenses": 2000.0,
        "Special Income Charges": -26000.0,
        "Other Special Charges": NaN,
        "Restructuring And Mergern Acquisition": 26000.0,
        "Gain On Sale Of Security": 36000.0,
        "Net Non Operating Interest Income Expense": 917000.0,
        "Total Other Finance Cost": -917000.0,
        "Operating Income": -15116000.0,
        "Operating Expense": 15550000.0,
        "Research And Development": 9365000.0,
        "Selling General And Administration": 6185000.0,
        "Gross Profit": 434000.0,
        "Cost Of Revenue": 2353000.0,
        "Total Revenue": 2787000.0,
        "Operating Revenue": 2787000.0
    },
    "2023-09-30": {
        "Tax Effect Of Unusual Items": 0.0,
        "Tax Rate For Calcs": 0.0,
        "Normalized EBITDA": -12062000.0,
        "Total Unusual Items": 253000.0,
        "Total Unusual Items Excluding Goodwill": 253000.0,
        "Net Income From Continuing Operation Net Minority Interest": -11294000.0,
        "Reconciled Depreciation": 539000.0,
        "Reconciled Cost Of Revenue": 3339000.0,
        "EBITDA": -11809000.0,
        "EBIT": -12348000.0,
        "Net Interest Income": 799000.0,
        "Normalized Income": -11547000.0,
        "Net Income From Continuing And Discontinued Operation": -11294000.0,
        "Total Expenses": 16181000.0,
        "Total Operating Income As Reported": -12348000.0,
        "Diluted Average Shares": 15834152.0,
        "Basic Average Shares": 15834152.0,
        "Diluted EPS": -0.71,
        "Basic EPS": -0.71,
        "Diluted NI Availto Com Stockholders": -11294000.0,
        "Net Income Common Stockholders": -11294000.0,
        "Net Income": -11294000.0,
        "Net Income Including Noncontrolling Interests": -11294000.0,
        "Net Income Continuous Operations": -11294000.0,
        "Tax Provision": 0.0,
        "Pretax Income": -11294000.0,
        "Other Income Expense": 255000.0,
        "Other Non Operating Income Expenses": 2000.0,
        "Special Income Charges": 91000.0,
        "Other Special Charges": NaN,
        "Restructuring And Mergern Acquisition": -91000.0,
        "Gain On Sale Of Security": 162000.0,
        "Net Non Operating Interest Income Expense": 799000.0,
        "Total Other Finance Cost": -799000.0,
        "Operating Income": -12348000.0,
        "Operating Expense": 12842000.0,
        "Research And Development": 6706000.0,
        "Selling General And Administration": 6136000.0,
        "Gross Profit": 494000.0,
        "Cost Of Revenue": 3339000.0,
        "Total Revenue": 3833000.0,
        "Operating Revenue": 3833000.0
    }
}