{
    "2023-06-30": {
        "Tax Effect Of Unusual Items": NaN,
        "Tax Rate For Calcs": NaN,
        "Normalized EBITDA": NaN,
        "Total Unusual Items": 0.0,
        "Total Unusual Items Excluding Goodwill": 0.0,
        "Net Income From Continuing Operation Net Minority Interest": NaN,
        "Reconciled Depreciation": NaN,
        "Reconciled Cost Of Revenue": NaN,
        "EBITDA": NaN,
        "EBIT": NaN,
        "Net Interest Income": NaN,
        "Interest Expense": NaN,
        "Interest Income": NaN,
        "Normalized Income": NaN,
        "Net Income From Continuing And Discontinued Operation": NaN,
        "Total Expenses": NaN,
        "Total Operating Income As Reported": NaN,
        "Diluted Average Shares": NaN,
        "Basic Average Shares": NaN,
        "Diluted EPS": NaN,
        "Basic EPS": NaN,
        "Diluted NI Availto Com Stockholders": NaN,
        "Net Income Common Stockholders": NaN,
        "Net Income": NaN,
        "Net Income Including Noncontrolling Interests": NaN,
        "Net Income Discontinuous Operations": NaN,
        "Net Income Continuous Operations": NaN,
        "Tax Provision": NaN,
        "Pretax Income": NaN,
        "Other Income Expense": NaN,
        "Other Non Operating Income Expenses": NaN,
        "Special Income Charges": 0.0,
        "Gain On Sale Of Ppe": NaN,
        "Gain On Sale Of Business": 0.0,
        "Net Non Operating Interest Income Expense": NaN,
        "Interest Expense Non Operating": NaN,
        "Interest Income Non Operating": NaN,
        "Operating Income": NaN,
        "Operating Expense": NaN,
        "Selling General And Administration": NaN,
        "Gross Profit": NaN,
        "Cost Of Revenue": NaN,
        "Total Revenue": NaN,
        "Operating Revenue": NaN
    },
    "2023-03-31": {
        "Tax Effect Of Unusual Items": 0.0,
        "Tax Rate For Calcs": 0.216,
        "Normalized EBITDA": 87100000.0,
        "Total Unusual Items": NaN,
        "Total Unusual Items Excluding Goodwill": NaN,
        "Net Income From Continuing Operation Net Minority Interest": 55900000.0,
        "Reconciled Depreciation": 9200000.0,
        "Reconciled Cost Of Revenue": 306900000.0,
        "EBITDA": 87100000.0,
        "EBIT": 77900000.0,
        "Net Interest Income": -5700000.0,
        "Interest Expense": 6600000.0,
        "Interest Income": 900000.0,
        "Normalized Income": 55900000.0,
        "Net Income From Continuing And Discontinued Operation": 105700000.0,
        "Total Expenses": 436300000.0,
        "Total Operating Income As Reported": 77500000.0,
        "Diluted Average Shares": 57300000.0,
        "Basic Average Shares": 56500000.0,
        "Diluted EPS": 1.84,
        "Basic EPS": 1.87,
        "Diluted NI Availto Com Stockholders": 105700000.0,
        "Net Income Common Stockholders": 105700000.0,
        "Net Income": 105700000.0,
        "Net Income Including Noncontrolling Interests": 105700000.0,
        "Net Income Discontinuous Operations": 49800000.0,
        "Net Income Continuous Operations": 55900000.0,
        "Tax Provision": 15400000.0,
        "Pretax Income": 71300000.0,
        "Other Income Expense": -500000.0,
        "Other Non Operating Income Expenses": -500000.0,
        "Special Income Charges": NaN,
        "Gain On Sale Of Ppe": NaN,
        "Gain On Sale Of Business": NaN,
        "Restructuring And Mergern Acquisition": NaN,
        "Net Non Operating Interest Income Expense": -5700000.0,
        "Interest Expense Non Operating": 6600000.0,
        "Interest Income Non Operating": 900000.0,
        "Operating Income": 77500000.0,
        "Operating Expense": 129400000.0,
        "Selling General And Administration": 129400000.0,
        "Gross Profit": 206900000.0,
        "Cost Of Revenue": 306900000.0,
        "Total Revenue": 513800000.0,
        "Operating Revenue": 513800000.0
    },
    "2022-12-31": {
        "Tax Effect Of Unusual Items": NaN,
        "Tax Rate For Calcs": NaN,
        "Normalized EBITDA": NaN,
        "Total Unusual Items": -10400000.0,
        "Total Unusual Items Excluding Goodwill": -10400000.0,
        "Net Income From Continuing Operation Net Minority Interest": NaN,
        "Reconciled Depreciation": NaN,
        "Reconciled Cost Of Revenue": NaN,
        "EBITDA": NaN,
        "EBIT": NaN,
        "Net Interest Income": NaN,
        "Interest Expense": NaN,
        "Interest Income": NaN,
        "Normalized Income": NaN,
        "Net Income From Continuing And Discontinued Operation": NaN,
        "Total Expenses": NaN,
        "Total Operating Income As Reported": NaN,
        "Diluted Average Shares": NaN,
        "Basic Average Shares": NaN,
        "Diluted EPS": NaN,
        "Basic EPS": NaN,
        "Diluted NI Availto Com Stockholders": NaN,
        "Net Income Common Stockholders": NaN,
        "Net Income": NaN,
        "Net Income Including Noncontrolling Interests": NaN,
        "Net Income Discontinuous Operations": NaN,
        "Net Income Continuous Operations": NaN,
        "Tax Provision": NaN,
        "Pretax Income": NaN,
        "Other Income Expense": NaN,
        "Other Non Operating Income Expenses": NaN,
        "Special Income Charges": -10400000.0,
        "Gain On Sale Of Ppe": 0.0,
        "Gain On Sale Of Business": 0.0,
        "Restructuring And Mergern Acquisition": 10400000.0,
        "Net Non Operating Interest Income Expense": NaN,
        "Interest Expense Non Operating": NaN,
        "Interest Income Non Operating": NaN,
        "Operating Income": NaN,
        "Operating Expense": NaN,
        "Selling General And Administration": NaN,
        "Gross Profit": NaN,
        "Cost Of Revenue": NaN,
        "Total Revenue": NaN,
        "Operating Revenue": NaN
    },
    "2022-09-30": {
        "Tax Effect Of Unusual Items": NaN,
        "Tax Rate For Calcs": NaN,
        "Normalized EBITDA": NaN,
        "Total Unusual Items": -158600000.0,
        "Total Unusual Items Excluding Goodwill": -158600000.0,
        "Net Income From Continuing Operation Net Minority Interest": NaN,
        "Reconciled Depreciation": NaN,
        "Reconciled Cost Of Revenue": NaN,
        "EBITDA": NaN,
        "EBIT": NaN,
        "Net Interest Income": NaN,
        "Interest Expense": NaN,
        "Interest Income": NaN,
        "Normalized Income": NaN,
        "Net Income From Continuing And Discontinued Operation": NaN,
        "Total Expenses": NaN,
        "Total Operating Income As Reported": NaN,
        "Diluted Average Shares": NaN,
        "Basic Average Shares": NaN,
        "Diluted EPS": NaN,
        "Basic EPS": NaN,
        "Diluted NI Availto Com Stockholders": NaN,
        "Net Income Common Stockholders": NaN,
        "Net Income": NaN,
        "Net Income Including Noncontrolling Interests": NaN,
        "Net Income Discontinuous Operations": NaN,
        "Net Income Continuous Operations": NaN,
        "Tax Provision": NaN,
        "Pretax Income": NaN,
        "Other Income Expense": NaN,
        "Other Non Operating Income Expenses": NaN,
        "Special Income Charges": -158600000.0,
        "Gain On Sale Of Ppe": -162400000.0,
        "Gain On Sale Of Business": 3800000.0,
        "Restructuring And Mergern Acquisition": 0.0,
        "Net Non Operating Interest Income Expense": NaN,
        "Interest Expense Non Operating": NaN,
        "Interest Income Non Operating": NaN,
        "Operating Income": NaN,
        "Operating Expense": NaN,
        "Selling General And Administration": NaN,
        "Gross Profit": NaN,
        "Cost Of Revenue": NaN,
        "Total Revenue": NaN,
        "Operating Revenue": NaN
    },
    "2022-06-30": {
        "Tax Effect Of Unusual Items": 65429362.150764,
        "Tax Rate For Calcs": 0.260675,
        "Normalized EBITDA": 172200000.0,
        "Total Unusual Items": 251000000.0,
        "Total Unusual Items Excluding Goodwill": 251000000.0,
        "Net Income From Continuing Operation Net Minority Interest": 280500000.0,
        "Reconciled Depreciation": 32400000.0,
        "Reconciled Cost Of Revenue": 535700000.0,
        "EBITDA": 423200000.0,
        "EBIT": 390800000.0,
        "Net Interest Income": -10800000.0,
        "Interest Expense": 11400000.0,
        "Interest Income": 600000.0,
        "Normalized Income": 94929362.150764,
        "Net Income From Continuing And Discontinued Operation": 280500000.0,
        "Total Expenses": 739900000.0,
        "Total Operating Income As Reported": 124400000.0,
        "Diluted Average Shares": 56900000.0,
        "Basic Average Shares": 56100000.0,
        "Diluted EPS": 4.54,
        "Basic EPS": 4.6,
        "Diluted NI Availto Com Stockholders": 280500000.0,
        "Net Income Common Stockholders": 280500000.0,
        "Net Income": 280500000.0,
        "Net Income Including Noncontrolling Interests": 280500000.0,
        "Net Income Discontinuous Operations": NaN,
        "Net Income Continuous Operations": 280500000.0,
        "Tax Provision": 98900000.0,
        "Pretax Income": 379400000.0,
        "Other Income Expense": 265800000.0,
        "Other Non Operating Income Expenses": 14800000.0,
        "Special Income Charges": 251000000.0,
        "Gain On Sale Of Ppe": NaN,
        "Gain On Sale Of Business": 251000000.0,
        "Restructuring And Mergern Acquisition": 0.0,
        "Net Non Operating Interest Income Expense": -10800000.0,
        "Interest Expense Non Operating": 11400000.0,
        "Interest Income Non Operating": 600000.0,
        "Operating Income": 124400000.0,
        "Operating Expense": 204200000.0,
        "Selling General And Administration": 204200000.0,
        "Gross Profit": 328600000.0,
        "Cost Of Revenue": 535700000.0,
        "Total Revenue": 864300000.0,
        "Operating Revenue": 864300000.0
    },
    "2023-09-30": {
        "Tax Effect Of Unusual Items": 0.0,
        "Tax Rate For Calcs": 0.257066,
        "Normalized EBITDA": 88400000.0,
        "Total Unusual Items": 0.0,
        "Total Unusual Items Excluding Goodwill": 0.0,
        "Net Income From Continuing Operation Net Minority Interest": 55200000.0,
        "Reconciled Depreciation": 9300000.0,
        "Reconciled Cost Of Revenue": 326900000.0,
        "EBITDA": 88400000.0,
        "EBIT": 79100000.0,
        "Net Interest Income": -3300000.0,
        "Interest Expense": 4800000.0,
        "Interest Income": 1500000.0,
        "Normalized Income": 55200000.0,
        "Net Income From Continuing And Discontinued Operation": 55200000.0,
        "Total Expenses": 453800000.0,
        "Total Operating Income As Reported": 76300000.0,
        "Diluted Average Shares": 57500000.0,
        "Basic Average Shares": 56800000.0,
        "Diluted EPS": 0.96,
        "Basic EPS": 0.971831,
        "Diluted NI Availto Com Stockholders": 55200000.0,
        "Net Income Common Stockholders": 55200000.0,
        "Net Income": 55200000.0,
        "Net Income Including Noncontrolling Interests": 55200000.0,
        "Net Income Discontinuous Operations": 0.0,
        "Net Income Continuous Operations": 55200000.0,
        "Tax Provision": 19100000.0,
        "Pretax Income": 74300000.0,
        "Other Income Expense": 1300000.0,
        "Other Non Operating Income Expenses": 1300000.0,
        "Special Income Charges": 0.0,
        "Gain On Sale Of Ppe": 0.0,
        "Gain On Sale Of Business": 0.0,
        "Net Non Operating Interest Income Expense": -3300000.0,
        "Interest Expense Non Operating": 4800000.0,
        "Interest Income Non Operating": 1500000.0,
        "Operating Income": 76300000.0,
        "Operating Expense": 126900000.0,
        "Selling General And Administration": 126900000.0,
        "Gross Profit": 203200000.0,
        "Cost Of Revenue": 326900000.0,
        "Total Revenue": 530100000.0,
        "Operating Revenue": 530100000.0
    },
    "2023-12-31": {
        "Tax Effect Of Unusual Items": 0.0,
        "Tax Rate For Calcs": 0.229329,
        "Normalized EBITDA": 80400000.0,
        "Total Unusual Items": 0.0,
        "Total Unusual Items Excluding Goodwill": 0.0,
        "Net Income From Continuing Operation Net Minority Interest": 49400000.0,
        "Reconciled Depreciation": 10300000.0,
        "Reconciled Cost Of Revenue": 339100000.0,
        "EBITDA": 80400000.0,
        "EBIT": 70100000.0,
        "Net Interest Income": -4100000.0,
        "Interest Expense": 6000000.0,
        "Interest Income": 1900000.0,
        "Normalized Income": 49400000.0,
        "Net Income From Continuing And Discontinued Operation": 49400000.0,
        "Total Expenses": 466000000.0,
        "Total Operating Income As Reported": 66900000.0,
        "Diluted Average Shares": 57600000.0,
        "Basic Average Shares": 56900000.0,
        "Diluted EPS": 0.86,
        "Basic EPS": 0.86819,
        "Diluted NI Availto Com Stockholders": 49400000.0,
        "Net Income Common Stockholders": 49400000.0,
        "Net Income": 49400000.0,
        "Net Income Including Noncontrolling Interests": 49400000.0,
        "Net Income Discontinuous Operations": 0.0,
        "Net Income Continuous Operations": 49400000.0,
        "Tax Provision": 14700000.0,
        "Pretax Income": 64100000.0,
        "Other Income Expense": 1300000.0,
        "Other Non Operating Income Expenses": 1300000.0,
        "Special Income Charges": 0.0,
        "Gain On Sale Of Ppe": 0.0,
        "Gain On Sale Of Business": 0.0,
        "Net Non Operating Interest Income Expense": -4100000.0,
        "Interest Expense Non Operating": 6000000.0,
        "Interest Income Non Operating": 1900000.0,
        "Operating Income": 66900000.0,
        "Operating Expense": 126900000.0,
        "Selling General And Administration": 126900000.0,
        "Gross Profit": 193800000.0,
        "Cost Of Revenue": 339100000.0,
        "Total Revenue": 532900000.0,
        "Operating Revenue": 532900000.0
    },
    "2024-03-31": {
        "Tax Effect Of Unusual Items": 0.0,
        "Tax Rate For Calcs": 0.21,
        "Normalized EBITDA": 102200000.0,
        "Total Unusual Items": NaN,
        "Total Unusual Items Excluding Goodwill": NaN,
        "Net Income From Continuing Operation Net Minority Interest": 64800000.0,
        "Reconciled Depreciation": 12900000.0,
        "Reconciled Cost Of Revenue": 344800000.0,
        "EBITDA": 102200000.0,
        "EBIT": 89300000.0,
        "Net Interest Income": -6000000.0,
        "Interest Expense": 7200000.0,
        "Interest Income": 1200000.0,
        "Normalized Income": 64800000.0,
        "Net Income From Continuing And Discontinued Operation": 64800000.0,
        "Total Expenses": 475900000.0,
        "Total Operating Income As Reported": 89400000.0,
        "Diluted Average Shares": 58100000.0,
        "Basic Average Shares": 57000000.0,
        "Diluted EPS": 1.12,
        "Basic EPS": 1.14,
        "Diluted NI Availto Com Stockholders": 64800000.0,
        "Net Income Common Stockholders": 64800000.0,
        "Net Income": 64800000.0,
        "Net Income Including Noncontrolling Interests": 64800000.0,
        "Net Income Discontinuous Operations": 0.0,
        "Net Income Continuous Operations": 64800000.0,
        "Tax Provision": 17300000.0,
        "Pretax Income": 82100000.0,
        "Other Income Expense": -1300000.0,
        "Other Non Operating Income Expenses": -1300000.0,
        "Special Income Charges": NaN,
        "Gain On Sale Of Ppe": NaN,
        "Gain On Sale Of Business": NaN,
        "Net Non Operating Interest Income Expense": -6000000.0,
        "Interest Expense Non Operating": 7200000.0,
        "Interest Income Non Operating": 1200000.0,
        "Operating Income": 89400000.0,
        "Operating Expense": 131100000.0,
        "Selling General And Administration": 131100000.0,
        "Gross Profit": 220500000.0,
        "Cost Of Revenue": 344800000.0,
        "Total Revenue": 565300000.0,
        "Operating Revenue": 565300000.0
    },
    "2024-06-30": {
        "Tax Effect Of Unusual Items": 0.0,
        "Tax Rate For Calcs": 0.218,
        "Normalized EBITDA": 112800000.0,
        "Total Unusual Items": NaN,
        "Total Unusual Items Excluding Goodwill": NaN,
        "Net Income From Continuing Operation Net Minority Interest": 71600000.0,
        "Reconciled Depreciation": 13800000.0,
        "Reconciled Cost Of Revenue": 357300000.0,
        "EBITDA": 112800000.0,
        "EBIT": 99000000.0,
        "Net Interest Income": -6100000.0,
        "Interest Expense": 7400000.0,
        "Interest Income": 1300000.0,
        "Normalized Income": 71600000.0,
        "Net Income From Continuing And Discontinued Operation": 71600000.0,
        "Total Expenses": 484600000.0,
        "Total Operating Income As Reported": 96600000.0,
        "Diluted Average Shares": 58300000.0,
        "Basic Average Shares": 57200000.0,
        "Diluted EPS": 1.23,
        "Basic EPS": 1.25,
        "Diluted NI Availto Com Stockholders": 71600000.0,
        "Net Income Common Stockholders": 71600000.0,
        "Net Income": 71600000.0,
        "Net Income Including Noncontrolling Interests": 71600000.0,
        "Net Income Discontinuous Operations": 0.0,
        "Net Income Continuous Operations": 71600000.0,
        "Tax Provision": 20000000.0,
        "Pretax Income": 91600000.0,
        "Other Income Expense": 1100000.0,
        "Other Non Operating Income Expenses": 1100000.0,
        "Special Income Charges": NaN,
        "Gain On Sale Of Ppe": NaN,
        "Gain On Sale Of Business": NaN,
        "Net Non Operating Interest Income Expense": -6100000.0,
        "Interest Expense Non Operating": 7400000.0,
        "Interest Income Non Operating": 1300000.0,
        "Operating Income": 96600000.0,
        "Operating Expense": 127300000.0,
        "Selling General And Administration": 127300000.0,
        "Gross Profit": 223900000.0,
        "Cost Of Revenue": 357300000.0,
        "Total Revenue": 581200000.0,
        "Operating Revenue": 581200000.0
    },
    "2024-09-30": {
        "Tax Effect Of Unusual Items": 0.0,
        "Tax Rate For Calcs": 0.227772,
        "Normalized EBITDA": 121300000.0,
        "Total Unusual Items": NaN,
        "Total Unusual Items Excluding Goodwill": NaN,
        "Net Income From Continuing Operation Net Minority Interest": 77300000.0,
        "Reconciled Depreciation": 13900000.0,
        "Reconciled Cost Of Revenue": 359200000.0,
        "EBITDA": 121300000.0,
        "EBIT": 107400000.0,
        "Net Interest Income": -5800000.0,
        "Interest Expense": 7300000.0,
        "Interest Income": 1500000.0,
        "Normalized Income": 77300000.0,
        "Net Income From Continuing And Discontinued Operation": 77300000.0,
        "Total Expenses": 492000000.0,
        "Total Operating Income As Reported": 105200000.0,
        "Diluted Average Shares": 58300000.0,
        "Basic Average Shares": 57200000.0,
        "Diluted EPS": 1.33,
        "Basic EPS": 1.35,
        "Diluted NI Availto Com Stockholders": 77300000.0,
        "Net Income Common Stockholders": 77300000.0,
        "Net Income": 77300000.0,
        "Net Income Including Noncontrolling Interests": 77300000.0,
        "Net Income Discontinuous Operations": 0.0,
        "Net Income Continuous Operations": 77300000.0,
        "Tax Provision": 22800000.0,
        "Pretax Income": 100100000.0,
        "Other Income Expense": 700000.0,
        "Other Non Operating Income Expenses": 700000.0,
        "Special Income Charges": NaN,
        "Gain On Sale Of Ppe": NaN,
        "Gain On Sale Of Business": NaN,
        "Net Non Operating Interest Income Expense": -5800000.0,
        "Interest Expense Non Operating": 7300000.0,
        "Interest Income Non Operating": 1500000.0,
        "Operating Income": 105200000.0,
        "Operating Expense": 132800000.0,
        "Selling General And Administration": 132800000.0,
        "Gross Profit": 238000000.0,
        "Cost Of Revenue": 359200000.0,
        "Total Revenue": 597200000.0,
        "Operating Revenue": 597200000.0
    }
}