{
    "2023-03-31": {
        "Tax Effect Of Unusual Items": 0.0,
        "Tax Rate For Calcs": 0.0,
        "Normalized EBITDA": -30512000.0,
        "Total Unusual Items": -15000.0,
        "Total Unusual Items Excluding Goodwill": -15000.0,
        "Net Income From Continuing Operation Net Minority Interest": -28044000.0,
        "Reconciled Depreciation": 589000.0,
        "EBITDA": -30527000.0,
        "EBIT": -31116000.0,
        "Normalized Income": -28029000.0,
        "Net Income From Continuing And Discontinued Operation": -28044000.0,
        "Total Expenses": 34618000.0,
        "Total Operating Income As Reported": -31116000.0,
        "Diluted Average Shares": 61186514.0,
        "Basic Average Shares": 61186514.0,
        "Diluted EPS": -0.46,
        "Basic EPS": -0.46,
        "Diluted NI Availto Com Stockholders": -28044000.0,
        "Net Income Common Stockholders": -28044000.0,
        "Net Income": -28044000.0,
        "Net Income Including Noncontrolling Interests": -28044000.0,
        "Net Income Continuous Operations": -28044000.0,
        "Pretax Income": -28044000.0,
        "Other Income Expense": 3072000.0,
        "Other Non Operating Income Expenses": 3087000.0,
        "Special Income Charges": NaN,
        "Gain On Sale Of Security": -15000.0,
        "Operating Income": -31116000.0,
        "Operating Expense": 34618000.0,
        "Research And Development": 25709000.0,
        "Selling General And Administration": 8909000.0,
        "General And Administrative Expense": 8909000.0,
        "Other Gand A": 8909000.0,
        "Total Revenue": 3502000.0,
        "Operating Revenue": 3502000.0
    },
    "2022-12-31": {
        "Tax Effect Of Unusual Items": NaN,
        "Tax Rate For Calcs": NaN,
        "Normalized EBITDA": NaN,
        "Total Unusual Items": -60000.0,
        "Total Unusual Items Excluding Goodwill": -60000.0,
        "Net Income From Continuing Operation Net Minority Interest": NaN,
        "Reconciled Depreciation": NaN,
        "EBITDA": NaN,
        "EBIT": NaN,
        "Normalized Income": NaN,
        "Net Income From Continuing And Discontinued Operation": NaN,
        "Total Expenses": NaN,
        "Total Operating Income As Reported": NaN,
        "Diluted Average Shares": 61001150.0,
        "Basic Average Shares": 61001150.0,
        "Diluted EPS": -0.44,
        "Basic EPS": -0.44,
        "Diluted NI Availto Com Stockholders": NaN,
        "Net Income Common Stockholders": NaN,
        "Net Income": NaN,
        "Net Income Including Noncontrolling Interests": NaN,
        "Net Income Continuous Operations": NaN,
        "Pretax Income": NaN,
        "Other Income Expense": NaN,
        "Other Non Operating Income Expenses": NaN,
        "Special Income Charges": 0.0,
        "Gain On Sale Of Security": -60000.0,
        "Operating Income": NaN,
        "Operating Expense": NaN,
        "Research And Development": NaN,
        "Selling General And Administration": NaN,
        "General And Administrative Expense": NaN,
        "Other Gand A": NaN,
        "Total Revenue": NaN,
        "Operating Revenue": NaN
    },
    "2022-09-30": {
        "Tax Effect Of Unusual Items": NaN,
        "Tax Rate For Calcs": NaN,
        "Normalized EBITDA": NaN,
        "Total Unusual Items": NaN,
        "Total Unusual Items Excluding Goodwill": NaN,
        "Net Income From Continuing Operation Net Minority Interest": NaN,
        "Reconciled Depreciation": NaN,
        "EBITDA": NaN,
        "EBIT": NaN,
        "Normalized Income": NaN,
        "Net Income From Continuing And Discontinued Operation": NaN,
        "Total Expenses": NaN,
        "Total Operating Income As Reported": NaN,
        "Diluted Average Shares": NaN,
        "Basic Average Shares": NaN,
        "Diluted EPS": NaN,
        "Basic EPS": NaN,
        "Diluted NI Availto Com Stockholders": NaN,
        "Net Income Common Stockholders": NaN,
        "Net Income": NaN,
        "Net Income Including Noncontrolling Interests": NaN,
        "Net Income Continuous Operations": NaN,
        "Pretax Income": NaN,
        "Other Income Expense": NaN,
        "Other Non Operating Income Expenses": NaN,
        "Special Income Charges": 0.0,
        "Gain On Sale Of Security": NaN,
        "Operating Income": NaN,
        "Operating Expense": NaN,
        "Research And Development": NaN,
        "Selling General And Administration": NaN,
        "General And Administrative Expense": NaN,
        "Other Gand A": NaN,
        "Total Revenue": NaN,
        "Operating Revenue": NaN
    },
    "2022-06-30": {
        "Tax Effect Of Unusual Items": 0.0,
        "Tax Rate For Calcs": 0.0,
        "Normalized EBITDA": -28057000.0,
        "Total Unusual Items": -16000.0,
        "Total Unusual Items Excluding Goodwill": -16000.0,
        "Net Income From Continuing Operation Net Minority Interest": -26697000.0,
        "Reconciled Depreciation": 358000.0,
        "EBITDA": -28073000.0,
        "EBIT": -28431000.0,
        "Normalized Income": -26681000.0,
        "Net Income From Continuing And Discontinued Operation": -26697000.0,
        "Total Expenses": 32623000.0,
        "Total Operating Income As Reported": -28431000.0,
        "Diluted Average Shares": 60757689.0,
        "Basic Average Shares": 60757689.0,
        "Diluted EPS": -0.44,
        "Basic EPS": -0.44,
        "Diluted NI Availto Com Stockholders": -26697000.0,
        "Net Income Common Stockholders": -26697000.0,
        "Net Income": -26697000.0,
        "Net Income Including Noncontrolling Interests": -26697000.0,
        "Net Income Continuous Operations": -26697000.0,
        "Tax Provision": NaN,
        "Pretax Income": -26697000.0,
        "Other Income Expense": 1734000.0,
        "Other Non Operating Income Expenses": 1750000.0,
        "Special Income Charges": 0.0,
        "Gain On Sale Of Security": -16000.0,
        "Operating Income": -28431000.0,
        "Operating Expense": 32623000.0,
        "Research And Development": 22579000.0,
        "Selling General And Administration": 10044000.0,
        "General And Administrative Expense": 10044000.0,
        "Other Gand A": 10044000.0,
        "Total Revenue": 4192000.0,
        "Operating Revenue": 4192000.0
    },
    "2022-03-31": {
        "Diluted EPS": -0.32,
        "Total Revenue": 3,
        "Gross Profit": 3,
        "Operating Income": -21,
        "EBIT": -20,
        "Net Income": -19
    },
    "2021-12-31": {
        "Diluted EPS": 1.13,
        "Total Revenue": 3,
        "Gross Profit": 3,
        "Operating Income": -19,
        "EBIT": -19,
        "Net Income": -18
    },
    "2021-09-30": {
        "Diluted EPS": -0.46,
        "Total Revenue": 4,
        "Gross Profit": 4,
        "Operating Income": -19,
        "EBIT": -18,
        "Net Income": -21
    },
    "2021-06-30": {
        "Diluted EPS": -1.39,
        "Total Revenue": 1,
        "Gross Profit": 1,
        "Operating Income": -16,
        "EBIT": -16,
        "Net Income": -14
    },
    "2021-03-31": {
        "Diluted EPS": -1.39,
        "Total Revenue": 2,
        "Gross Profit": 2,
        "Operating Income": -13,
        "EBIT": -13,
        "Net Income": -13
    },
    "2020-12-31": {
        "Diluted EPS": 0.0,
        "Total Revenue": NaN,
        "Gross Profit": NaN,
        "Operating Income": NaN,
        "EBIT": NaN,
        "Net Income": NaN
    },
    "2020-09-30": {
        "Diluted EPS": -0.93,
        "Total Revenue": 1,
        "Gross Profit": 1,
        "Operating Income": -8,
        "EBIT": -8,
        "Net Income": -8
    },
    "2020-06-30": {
        "Diluted EPS": -0.22,
        "Total Revenue": 8,
        "Gross Profit": 8,
        "Operating Income": -2,
        "EBIT": -2,
        "Net Income": -2
    },
    "2019-12-31": {
        "Diluted EPS": 0.0,
        "Total Revenue": NaN,
        "Gross Profit": NaN,
        "Operating Income": NaN,
        "EBIT": NaN,
        "Net Income": NaN
    },
    "2023-06-30": {
        "Tax Effect Of Unusual Items": 0.0,
        "Tax Rate For Calcs": 0.0,
        "Normalized EBITDA": -32273000.0,
        "Total Unusual Items": 22000.0,
        "Total Unusual Items Excluding Goodwill": 22000.0,
        "Net Income From Continuing Operation Net Minority Interest": -29519000.0,
        "Reconciled Depreciation": 617000.0,
        "EBITDA": -32251000.0,
        "EBIT": -32868000.0,
        "Normalized Income": -29541000.0,
        "Net Income From Continuing And Discontinued Operation": -29519000.0,
        "Total Expenses": 36623000.0,
        "Total Operating Income As Reported": -32868000.0,
        "Diluted Average Shares": 61417934.0,
        "Basic Average Shares": 61417934.0,
        "Diluted EPS": -0.48,
        "Basic EPS": -0.48,
        "Diluted NI Availto Com Stockholders": -29519000.0,
        "Net Income Common Stockholders": -29519000.0,
        "Net Income": -29519000.0,
        "Net Income Including Noncontrolling Interests": -29519000.0,
        "Net Income Continuous Operations": -29519000.0,
        "Pretax Income": -29519000.0,
        "Other Income Expense": 3349000.0,
        "Other Non Operating Income Expenses": 3327000.0,
        "Special Income Charges": NaN,
        "Gain On Sale Of Security": 22000.0,
        "Operating Income": -32868000.0,
        "Operating Expense": 36623000.0,
        "Research And Development": 26503000.0,
        "Selling General And Administration": 10120000.0,
        "General And Administrative Expense": 10120000.0,
        "Other Gand A": 10120000.0,
        "Total Revenue": 3755000.0,
        "Operating Revenue": 3755000.0
    },
    "2023-09-30": {
        "Tax Effect Of Unusual Items": 0.0,
        "Tax Rate For Calcs": 0.0,
        "Normalized EBITDA": -13050000.0,
        "Total Unusual Items": -4000.0,
        "Total Unusual Items Excluding Goodwill": -4000.0,
        "Net Income From Continuing Operation Net Minority Interest": -10002000.0,
        "Reconciled Depreciation": 1579000.0,
        "EBITDA": -13054000.0,
        "EBIT": -14633000.0,
        "Normalized Income": -9998000.0,
        "Net Income From Continuing And Discontinued Operation": -10002000.0,
        "Total Expenses": 38295000.0,
        "Total Operating Income As Reported": -14633000.0,
        "Diluted Average Shares": 83783992.0,
        "Basic Average Shares": 83783992.0,
        "Diluted EPS": -0.12,
        "Basic EPS": -0.12,
        "Diluted NI Availto Com Stockholders": -10002000.0,
        "Net Income Common Stockholders": -10002000.0,
        "Net Income": -10002000.0,
        "Net Income Including Noncontrolling Interests": -10002000.0,
        "Net Income Continuous Operations": -10002000.0,
        "Pretax Income": -10002000.0,
        "Other Income Expense": 4631000.0,
        "Other Non Operating Income Expenses": 4635000.0,
        "Special Income Charges": NaN,
        "Gain On Sale Of Security": -4000.0,
        "Operating Income": -14633000.0,
        "Operating Expense": 38295000.0,
        "Research And Development": 28584000.0,
        "Selling General And Administration": 9711000.0,
        "General And Administrative Expense": 9711000.0,
        "Other Gand A": 9711000.0,
        "Total Revenue": 23662000.0,
        "Operating Revenue": 23662000.0
    },
    "2023-12-31": {
        "Tax Effect Of Unusual Items": 0.0,
        "Tax Rate For Calcs": 0.0,
        "Normalized EBITDA": -36693000.0,
        "Total Unusual Items": -9000.0,
        "Total Unusual Items Excluding Goodwill": -9000.0,
        "Net Income From Continuing Operation Net Minority Interest": -34505000.0,
        "Reconciled Depreciation": 740000.0,
        "EBITDA": -36702000.0,
        "EBIT": -37442000.0,
        "Normalized Income": -34496000.0,
        "Net Income From Continuing And Discontinued Operation": -34505000.0,
        "Total Expenses": 41000000.0,
        "Total Operating Income As Reported": -37442000.0,
        "Diluted Average Shares": NaN,
        "Basic Average Shares": NaN,
        "Diluted EPS": NaN,
        "Basic EPS": NaN,
        "Diluted NI Availto Com Stockholders": -34505000.0,
        "Net Income Common Stockholders": -34505000.0,
        "Net Income": -34505000.0,
        "Net Income Including Noncontrolling Interests": -34505000.0,
        "Net Income Continuous Operations": -34505000.0,
        "Pretax Income": -34312000.0,
        "Other Income Expense": 3130000.0,
        "Other Non Operating Income Expenses": 3139000.0,
        "Special Income Charges": NaN,
        "Gain On Sale Of Security": -9000.0,
        "Operating Income": -37442000.0,
        "Operating Expense": 41000000.0,
        "Research And Development": 31279000.0,
        "Selling General And Administration": 9721000.0,
        "General And Administrative Expense": 9721000.0,
        "Other Gand A": 9721000.0,
        "Total Revenue": 3558000.0,
        "Operating Revenue": 3558000.0
    },
    "2024-03-31": {
        "Tax Effect Of Unusual Items": 0.0,
        "Tax Rate For Calcs": 0.0,
        "Normalized EBITDA": -45292000.0,
        "Total Unusual Items": NaN,
        "Total Unusual Items Excluding Goodwill": NaN,
        "Net Income From Continuing Operation Net Minority Interest": -41234000.0,
        "Reconciled Depreciation": 710000.0,
        "EBITDA": -45292000.0,
        "EBIT": -46002000.0,
        "Normalized Income": -41234000.0,
        "Net Income From Continuing And Discontinued Operation": -41234000.0,
        "Total Expenses": 48431000.0,
        "Total Operating Income As Reported": -46002000.0,
        "Diluted Average Shares": 89302937.0,
        "Basic Average Shares": 89302937.0,
        "Diluted EPS": -0.46,
        "Basic EPS": -0.46,
        "Diluted NI Availto Com Stockholders": -41234000.0,
        "Net Income Common Stockholders": -41234000.0,
        "Net Income": -41234000.0,
        "Net Income Including Noncontrolling Interests": -41234000.0,
        "Net Income Continuous Operations": -41234000.0,
        "Pretax Income": -41234000.0,
        "Other Income Expense": 4768000.0,
        "Other Non Operating Income Expenses": 4768000.0,
        "Special Income Charges": NaN,
        "Gain On Sale Of Security": NaN,
        "Operating Income": -46002000.0,
        "Operating Expense": 48431000.0,
        "Research And Development": 33788000.0,
        "Selling General And Administration": 14643000.0,
        "General And Administrative Expense": 14643000.0,
        "Other Gand A": 14643000.0,
        "Total Revenue": 2429000.0,
        "Operating Revenue": 2429000.0
    }
}