{
    "2023-03-31": {
        "Tax Effect Of Unusual Items": NaN,
        "Tax Rate For Calcs": NaN,
        "Normalized EBITDA": NaN,
        "Total Unusual Items": NaN,
        "Total Unusual Items Excluding Goodwill": NaN,
        "Net Income From Continuing Operation Net Minority Interest": NaN,
        "Reconciled Depreciation": NaN,
        "Reconciled Cost Of Revenue": NaN,
        "EBITDA": NaN,
        "EBIT": NaN,
        "Net Interest Income": NaN,
        "Interest Expense": NaN,
        "Normalized Income": NaN,
        "Net Income From Continuing And Discontinued Operation": NaN,
        "Total Expenses": NaN,
        "Total Operating Income As Reported": NaN,
        "Diluted Average Shares": 7351000.0,
        "Basic Average Shares": 7351000.0,
        "Diluted EPS": -0.14,
        "Basic EPS": -0.14,
        "Diluted NI Availto Com Stockholders": NaN,
        "Net Income Common Stockholders": NaN,
        "Net Income": NaN,
        "Net Income Including Noncontrolling Interests": NaN,
        "Net Income Continuous Operations": NaN,
        "Tax Provision": NaN,
        "Pretax Income": NaN,
        "Other Income Expense": NaN,
        "Other Non Operating Income Expenses": NaN,
        "Special Income Charges": NaN,
        "Other Special Charges": NaN,
        "Restructuring And Mergern Acquisition": 76000.0,
        "Gain On Sale Of Security": -76000.0,
        "Net Non Operating Interest Income Expense": NaN,
        "Interest Expense Non Operating": NaN,
        "Operating Income": NaN,
        "Operating Expense": NaN,
        "Depreciation Amortization Depletion Income Statement": 779000.0,
        "Depreciation And Amortization In Income Statement": 779000.0,
        "Research And Development": 366000.0,
        "Selling General And Administration": NaN,
        "Selling And Marketing Expense": NaN,
        "General And Administrative Expense": NaN,
        "Other Gand A": NaN,
        "Gross Profit": NaN,
        "Cost Of Revenue": NaN,
        "Total Revenue": NaN,
        "Operating Revenue": NaN
    },
    "2022-12-31": {
        "Tax Effect Of Unusual Items": NaN,
        "Tax Rate For Calcs": NaN,
        "Normalized EBITDA": NaN,
        "Total Unusual Items": NaN,
        "Total Unusual Items Excluding Goodwill": NaN,
        "Net Income From Continuing Operation Net Minority Interest": NaN,
        "Reconciled Depreciation": NaN,
        "Reconciled Cost Of Revenue": NaN,
        "EBITDA": NaN,
        "EBIT": NaN,
        "Net Interest Income": NaN,
        "Interest Expense": NaN,
        "Normalized Income": NaN,
        "Net Income From Continuing And Discontinued Operation": NaN,
        "Total Expenses": NaN,
        "Total Operating Income As Reported": NaN,
        "Diluted Average Shares": NaN,
        "Basic Average Shares": NaN,
        "Diluted EPS": NaN,
        "Basic EPS": NaN,
        "Diluted NI Availto Com Stockholders": NaN,
        "Net Income Common Stockholders": NaN,
        "Net Income": NaN,
        "Net Income Including Noncontrolling Interests": NaN,
        "Net Income Continuous Operations": NaN,
        "Tax Provision": NaN,
        "Pretax Income": NaN,
        "Other Income Expense": NaN,
        "Other Non Operating Income Expenses": NaN,
        "Special Income Charges": NaN,
        "Other Special Charges": 0.0,
        "Restructuring And Mergern Acquisition": NaN,
        "Gain On Sale Of Security": 705000.0,
        "Net Non Operating Interest Income Expense": NaN,
        "Interest Expense Non Operating": NaN,
        "Operating Income": NaN,
        "Operating Expense": NaN,
        "Other Operating Expenses": 54000.0,
        "Depreciation Amortization Depletion Income Statement": NaN,
        "Depreciation And Amortization In Income Statement": NaN,
        "Research And Development": NaN,
        "Selling General And Administration": NaN,
        "Selling And Marketing Expense": NaN,
        "General And Administrative Expense": NaN,
        "Other Gand A": NaN,
        "Gross Profit": NaN,
        "Cost Of Revenue": NaN,
        "Total Revenue": NaN,
        "Operating Revenue": NaN
    },
    "2022-09-30": {
        "Tax Effect Of Unusual Items": NaN,
        "Tax Rate For Calcs": NaN,
        "Normalized EBITDA": NaN,
        "Total Unusual Items": NaN,
        "Total Unusual Items Excluding Goodwill": NaN,
        "Net Income From Continuing Operation Net Minority Interest": NaN,
        "Reconciled Depreciation": NaN,
        "Reconciled Cost Of Revenue": NaN,
        "EBITDA": NaN,
        "EBIT": NaN,
        "Net Interest Income": NaN,
        "Interest Expense": NaN,
        "Normalized Income": NaN,
        "Net Income From Continuing And Discontinued Operation": NaN,
        "Total Expenses": NaN,
        "Total Operating Income As Reported": NaN,
        "Diluted Average Shares": 7250000.0,
        "Basic Average Shares": 7250000.0,
        "Diluted EPS": -0.08,
        "Basic EPS": -0.08,
        "Diluted NI Availto Com Stockholders": NaN,
        "Net Income Common Stockholders": NaN,
        "Net Income": NaN,
        "Net Income Including Noncontrolling Interests": NaN,
        "Net Income Continuous Operations": NaN,
        "Tax Provision": NaN,
        "Pretax Income": NaN,
        "Other Income Expense": NaN,
        "Other Non Operating Income Expenses": NaN,
        "Special Income Charges": NaN,
        "Other Special Charges": -37000.0,
        "Write Off": 58000.0,
        "Restructuring And Mergern Acquisition": NaN,
        "Gain On Sale Of Security": 442000.0,
        "Net Non Operating Interest Income Expense": NaN,
        "Interest Expense Non Operating": NaN,
        "Operating Income": NaN,
        "Operating Expense": NaN,
        "Other Operating Expenses": 110000.0,
        "Depreciation Amortization Depletion Income Statement": NaN,
        "Depreciation And Amortization In Income Statement": NaN,
        "Research And Development": NaN,
        "Selling General And Administration": NaN,
        "Selling And Marketing Expense": NaN,
        "General And Administrative Expense": NaN,
        "Other Gand A": NaN,
        "Gross Profit": NaN,
        "Cost Of Revenue": NaN,
        "Total Revenue": NaN,
        "Operating Revenue": NaN
    },
    "2022-06-30": {
        "Tax Effect Of Unusual Items": 81212.927757,
        "Tax Rate For Calcs": 0.040304,
        "Normalized EBITDA": 518000.0,
        "Total Unusual Items": 2015000.0,
        "Total Unusual Items Excluding Goodwill": 2015000.0,
        "Net Income From Continuing Operation Net Minority Interest": 1262000.0,
        "Reconciled Depreciation": 468000.0,
        "Reconciled Cost Of Revenue": 6261000.0,
        "EBITDA": 2533000.0,
        "EBIT": 2065000.0,
        "Net Interest Income": -750000.0,
        "Interest Expense": 750000.0,
        "Normalized Income": -671787.072243,
        "Net Income From Continuing And Discontinued Operation": 1262000.0,
        "Total Expenses": 10893000.0,
        "Total Operating Income As Reported": 30000.0,
        "Diluted Average Shares": 7234000.0,
        "Basic Average Shares": 7234000.0,
        "Diluted EPS": 0.17,
        "Basic EPS": 0.17,
        "Diluted NI Availto Com Stockholders": 1262000.0,
        "Net Income Common Stockholders": 1262000.0,
        "Net Income": 1262000.0,
        "Net Income Including Noncontrolling Interests": 1262000.0,
        "Net Income Continuous Operations": 1262000.0,
        "Tax Provision": 53000.0,
        "Pretax Income": 1315000.0,
        "Other Income Expense": 2035000.0,
        "Other Non Operating Income Expenses": 20000.0,
        "Special Income Charges": 0.0,
        "Other Special Charges": NaN,
        "Write Off": 0.0,
        "Gain On Sale Of Security": 2015000.0,
        "Net Non Operating Interest Income Expense": -750000.0,
        "Interest Expense Non Operating": 750000.0,
        "Operating Income": 30000.0,
        "Operating Expense": 4632000.0,
        "Other Operating Expenses": 37000.0,
        "Depreciation Amortization Depletion Income Statement": 468000.0,
        "Depreciation And Amortization In Income Statement": 468000.0,
        "Research And Development": 418000.0,
        "Selling General And Administration": 3709000.0,
        "Selling And Marketing Expense": 1147000.0,
        "General And Administrative Expense": 2562000.0,
        "Other Gand A": 2562000.0,
        "Gross Profit": 4662000.0,
        "Cost Of Revenue": 6261000.0,
        "Total Revenue": 10923000.0,
        "Operating Revenue": 10923000.0
    },
    "2022-03-31": {
        "Diluted EPS": 0.51,
        "Total Revenue": 11,
        "Gross Profit": 4,
        "Operating Income": -1,
        "EBIT": 0,
        "Net Income": 3
    },
    "2021-12-31": {
        "Diluted EPS": -0.45,
        "Total Revenue": 5,
        "Gross Profit": 2,
        "Operating Income": -2,
        "EBIT": -1,
        "Net Income": -2
    },
    "2021-09-30": {
        "Diluted EPS": -0.09,
        "Total Revenue": 5,
        "Gross Profit": 2,
        "Operating Income": 0,
        "EBIT": 0,
        "Net Income": 0
    },
    "2021-06-30": {
        "Diluted EPS": 0.27,
        "Total Revenue": 3,
        "Gross Profit": 2,
        "Operating Income": 0,
        "EBIT": 0,
        "Net Income": 1
    },
    "2021-03-31": {
        "Diluted EPS": 0.33,
        "Total Revenue": 5,
        "Gross Profit": 2,
        "Operating Income": 0,
        "EBIT": 0,
        "Net Income": 1
    },
    "2020-12-31": {
        "Diluted EPS": 0.03,
        "Total Revenue": 5,
        "Gross Profit": 2,
        "Operating Income": -1,
        "EBIT": -1,
        "Net Income": -1
    },
    "2020-09-30": {
        "Diluted EPS": -0.18,
        "Total Revenue": 5,
        "Gross Profit": 2,
        "Operating Income": 0,
        "EBIT": 0,
        "Net Income": -1
    },
    "2020-06-30": {
        "Diluted EPS": -0.75,
        "Total Revenue": 4,
        "Gross Profit": 2,
        "Operating Income": -2,
        "EBIT": -1,
        "Net Income": -2
    },
    "2020-03-31": {
        "Diluted EPS": -4.05,
        "Total Revenue": 4,
        "Gross Profit": 2,
        "Operating Income": -13,
        "EBIT": -2,
        "Net Income": -13
    },
    "2019-12-31": {
        "Diluted EPS": 0.21,
        "Total Revenue": 6,
        "Gross Profit": 3,
        "Operating Income": -1,
        "EBIT": 0,
        "Net Income": 1
    },
    "2019-09-30": {
        "Diluted EPS": 0.06,
        "Total Revenue": 7,
        "Gross Profit": 3,
        "Operating Income": 0,
        "EBIT": 0,
        "Net Income": 0
    },
    "2019-06-30": {
        "Diluted EPS": 0.12,
        "Total Revenue": 9,
        "Gross Profit": 4,
        "Operating Income": 0,
        "EBIT": 1,
        "Net Income": 0
    },
    "2019-03-31": {
        "Diluted EPS": -0.06,
        "Total Revenue": 9,
        "Gross Profit": 4,
        "Operating Income": 0,
        "EBIT": 0,
        "Net Income": 0
    },
    "2018-12-31": {
        "Diluted EPS": -8.01,
        "Total Revenue": 5,
        "Gross Profit": 2,
        "Operating Income": -2,
        "EBIT": -1,
        "Net Income": -11
    },
    "2018-09-30": {
        "Diluted EPS": -1.05,
        "Total Revenue": 6,
        "Gross Profit": 4,
        "Operating Income": -1,
        "EBIT": 0,
        "Net Income": -1
    },
    "2018-06-30": {
        "Diluted EPS": -0.81,
        "Total Revenue": 7,
        "Gross Profit": 3,
        "Operating Income": 0,
        "EBIT": 1,
        "Net Income": -1
    },
    "2018-03-31": {
        "Diluted EPS": -2.55,
        "Total Revenue": 4,
        "Gross Profit": 2,
        "Operating Income": -2,
        "EBIT": -1,
        "Net Income": -2
    },
    "2017-12-31": {
        "Diluted EPS": -1.77,
        "Total Revenue": 4,
        "Gross Profit": 2,
        "Operating Income": -2,
        "EBIT": -1,
        "Net Income": -1
    },
    "2017-09-30": {
        "Diluted EPS": -5.31,
        "Total Revenue": 4,
        "Gross Profit": 1,
        "Operating Income": -4,
        "EBIT": -3,
        "Net Income": -4
    },
    "2017-06-30": {
        "Diluted EPS": -2.7,
        "Total Revenue": 4,
        "Gross Profit": 2,
        "Operating Income": -1,
        "EBIT": 0,
        "Net Income": -2
    },
    "2017-03-31": {
        "Diluted EPS": 0.9,
        "Total Revenue": 6,
        "Gross Profit": 3,
        "Operating Income": 0,
        "EBIT": 1,
        "Net Income": 0
    },
    "2016-12-31": {
        "Diluted EPS": -0.9,
        "Total Revenue": 6,
        "Gross Profit": 3,
        "Operating Income": 0,
        "EBIT": 1,
        "Net Income": -1
    },
    "2016-09-30": {
        "Diluted EPS": -2.7,
        "Total Revenue": 3,
        "Gross Profit": 1,
        "Operating Income": -2,
        "EBIT": -1,
        "Net Income": -2
    },
    "2016-06-30": {
        "Diluted EPS": 0.0,
        "Total Revenue": 3,
        "Gross Profit": 2,
        "Operating Income": -1,
        "EBIT": 0,
        "Net Income": 0
    },
    "2016-03-31": {
        "Diluted EPS": -2.7,
        "Total Revenue": 2,
        "Gross Profit": 1,
        "Operating Income": -2,
        "EBIT": -1,
        "Net Income": -2
    },
    "2015-12-31": {
        "Diluted EPS": -2.7,
        "Total Revenue": 3,
        "Gross Profit": 1,
        "Operating Income": -1,
        "EBIT": 0,
        "Net Income": -2
    },
    "2015-09-30": {
        "Diluted EPS": -3.6,
        "Total Revenue": 3,
        "Gross Profit": 2,
        "Operating Income": -1,
        "EBIT": -1,
        "Net Income": -2
    },
    "2015-06-30": {
        "Diluted EPS": -4.51,
        "Total Revenue": 3,
        "Gross Profit": 1,
        "Operating Income": -2,
        "EBIT": -2,
        "Net Income": -2
    },
    "2015-03-31": {
        "Diluted EPS": -3.6,
        "Total Revenue": 2,
        "Gross Profit": 0,
        "Operating Income": -3,
        "EBIT": -2,
        "Net Income": -2
    },
    "2014-12-31": {
        "Diluted EPS": -5.41,
        "Total Revenue": 4,
        "Gross Profit": 1,
        "Operating Income": -2,
        "EBIT": -1,
        "Net Income": -2
    },
    "2014-09-30": {
        "Diluted EPS": -1.8,
        "Total Revenue": 4,
        "Gross Profit": 1,
        "Operating Income": -1,
        "EBIT": -1,
        "Net Income": -2
    },
    "2014-06-30": {
        "Diluted EPS": -2.7,
        "Total Revenue": 3,
        "Gross Profit": 0,
        "Operating Income": -1,
        "EBIT": -1,
        "Net Income": -1
    },
    "2014-03-31": {
        "Diluted EPS": -2.7,
        "Total Revenue": 2,
        "Gross Profit": 0,
        "Operating Income": -1,
        "EBIT": -1,
        "Net Income": -1
    },
    "2013-12-31": {
        "Diluted EPS": -14.42,
        "Total Revenue": 1,
        "Gross Profit": 1,
        "Operating Income": -1,
        "EBIT": -1,
        "Net Income": -1
    },
    "2013-09-30": {
        "Diluted EPS": -0.9,
        "Total Revenue": 4,
        "Gross Profit": 1,
        "Operating Income": 0,
        "EBIT": 0,
        "Net Income": 0
    },
    "2013-06-30": {
        "Diluted EPS": -0.9,
        "Total Revenue": 3,
        "Gross Profit": 2,
        "Operating Income": 0,
        "EBIT": 0,
        "Net Income": 0
    },
    "2013-03-31": {
        "Diluted EPS": -24.33,
        "Total Revenue": 1,
        "Gross Profit": 1,
        "Operating Income": -1,
        "EBIT": -1,
        "Net Income": -1
    },
    "2012-12-31": {
        "Diluted EPS": -21.62,
        "Total Revenue": 2,
        "Gross Profit": 1,
        "Operating Income": -1,
        "EBIT": -1,
        "Net Income": -1
    },
    "2012-09-30": {
        "Diluted EPS": -22.53,
        "Total Revenue": 2,
        "Gross Profit": 1,
        "Operating Income": -1,
        "EBIT": -1,
        "Net Income": -1
    },
    "2012-06-30": {
        "Diluted EPS": -23.43,
        "Total Revenue": 2,
        "Gross Profit": 1,
        "Operating Income": -1,
        "EBIT": -1,
        "Net Income": -1
    },
    "2012-03-31": {
        "Diluted EPS": -36.04,
        "Total Revenue": 2,
        "Gross Profit": 1,
        "Operating Income": -2,
        "EBIT": -2,
        "Net Income": -2
    },
    "2011-12-31": {
        "Diluted EPS": -37.84,
        "Total Revenue": 2,
        "Gross Profit": 0,
        "Operating Income": -2,
        "EBIT": -2,
        "Net Income": -2
    },
    "2011-09-30": {
        "Diluted EPS": -31.54,
        "Total Revenue": 2,
        "Gross Profit": 1,
        "Operating Income": -1,
        "EBIT": -1,
        "Net Income": -1
    },
    "2011-06-30": {
        "Diluted EPS": -31.54,
        "Total Revenue": 3,
        "Gross Profit": 1,
        "Operating Income": -1,
        "EBIT": -1,
        "Net Income": -1
    },
    "2011-03-31": {
        "Diluted EPS": -54.06,
        "Total Revenue": 2,
        "Gross Profit": 1,
        "Operating Income": -2,
        "EBIT": -2,
        "Net Income": -2
    },
    "2010-12-31": {
        "Diluted EPS": -36.04,
        "Total Revenue": 3,
        "Gross Profit": 1,
        "Operating Income": -2,
        "EBIT": -1,
        "Net Income": -2
    },
    "2010-09-30": {
        "Diluted EPS": -36.04,
        "Total Revenue": 3,
        "Gross Profit": 1,
        "Operating Income": -1,
        "EBIT": -1,
        "Net Income": -1
    },
    "2010-06-30": {
        "Diluted EPS": -54.06,
        "Total Revenue": 2,
        "Gross Profit": 1,
        "Operating Income": -2,
        "EBIT": -2,
        "Net Income": -2
    },
    "2010-03-31": {
        "Diluted EPS": -72.08,
        "Total Revenue": 1,
        "Gross Profit": 0,
        "Operating Income": -3,
        "EBIT": -3,
        "Net Income": -3
    },
    "2009-12-31": {
        "Diluted EPS": -54.06,
        "Total Revenue": 2,
        "Gross Profit": 1,
        "Operating Income": -2,
        "EBIT": -2,
        "Net Income": -2
    },
    "2009-09-30": {
        "Diluted EPS": -76.58,
        "Total Revenue": 1,
        "Gross Profit": 0,
        "Operating Income": -2,
        "EBIT": -2,
        "Net Income": -2
    },
    "2009-06-30": {
        "Diluted EPS": -81.09,
        "Total Revenue": 1,
        "Gross Profit": 0,
        "Operating Income": -3,
        "EBIT": -2,
        "Net Income": -3
    },
    "2009-03-31": {
        "Diluted EPS": -90.1,
        "Total Revenue": 1,
        "Gross Profit": 0,
        "Operating Income": -3,
        "EBIT": -3,
        "Net Income": -3
    },
    "2023-06-30": {
        "Tax Effect Of Unusual Items": -3360.0,
        "Tax Rate For Calcs": 0.21,
        "Normalized EBITDA": 220000.0,
        "Total Unusual Items": -16000.0,
        "Total Unusual Items Excluding Goodwill": -16000.0,
        "Net Income From Continuing Operation Net Minority Interest": -1425000.0,
        "Reconciled Depreciation": 797000.0,
        "Reconciled Cost Of Revenue": 4898000.0,
        "EBITDA": 204000.0,
        "EBIT": -593000.0,
        "Net Interest Income": -787000.0,
        "Interest Expense": 787000.0,
        "Normalized Income": -1412360.0,
        "Net Income From Continuing And Discontinued Operation": -1425000.0,
        "Total Expenses": 9896000.0,
        "Total Operating Income As Reported": -700000.0,
        "Diluted Average Shares": 7406000.0,
        "Basic Average Shares": 7406000.0,
        "Diluted EPS": -0.19,
        "Basic EPS": -0.19,
        "Diluted NI Availto Com Stockholders": -1425000.0,
        "Net Income Common Stockholders": -1425000.0,
        "Net Income": -1425000.0,
        "Net Income Including Noncontrolling Interests": -1425000.0,
        "Net Income Continuous Operations": -1425000.0,
        "Tax Provision": 45000.0,
        "Pretax Income": -1380000.0,
        "Other Income Expense": 107000.0,
        "Other Non Operating Income Expenses": 123000.0,
        "Special Income Charges": 0.0,
        "Other Special Charges": NaN,
        "Restructuring And Mergern Acquisition": 0.0,
        "Gain On Sale Of Security": -16000.0,
        "Net Non Operating Interest Income Expense": -787000.0,
        "Interest Expense Non Operating": 787000.0,
        "Operating Income": -700000.0,
        "Operating Expense": 4998000.0,
        "Depreciation Amortization Depletion Income Statement": 797000.0,
        "Depreciation And Amortization In Income Statement": 797000.0,
        "Research And Development": 377000.0,
        "Selling General And Administration": 4998000.0,
        "Selling And Marketing Expense": 1229000.0,
        "General And Administrative Expense": 3769000.0,
        "Other Gand A": 3769000.0,
        "Gross Profit": 4298000.0,
        "Cost Of Revenue": 4898000.0,
        "Total Revenue": 9196000.0,
        "Operating Revenue": 9196000.0
    },
    "2023-09-30": {
        "Tax Effect Of Unusual Items": -10552.415211,
        "Tax Rate For Calcs": 0.007708,
        "Normalized EBITDA": 974000.0,
        "Total Unusual Items": -1369000.0,
        "Total Unusual Items Excluding Goodwill": -1369000.0,
        "Net Income From Continuing Operation Net Minority Interest": -1931000.0,
        "Reconciled Depreciation": 817000.0,
        "Reconciled Cost Of Revenue": 6265000.0,
        "EBITDA": -395000.0,
        "EBIT": -1212000.0,
        "Net Interest Income": -734000.0,
        "Interest Expense": 734000.0,
        "Normalized Income": -572552.415211,
        "Net Income From Continuing And Discontinued Operation": -1931000.0,
        "Total Expenses": 11408000.0,
        "Total Operating Income As Reported": 160000.0,
        "Diluted Average Shares": 8713000.0,
        "Basic Average Shares": 8713000.0,
        "Diluted EPS": -0.22,
        "Basic EPS": -0.22,
        "Diluted NI Availto Com Stockholders": -1931000.0,
        "Net Income Common Stockholders": -1931000.0,
        "Net Income": -1931000.0,
        "Net Income Including Noncontrolling Interests": -1931000.0,
        "Net Income Continuous Operations": -1931000.0,
        "Tax Provision": -15000.0,
        "Pretax Income": -1946000.0,
        "Other Income Expense": -1372000.0,
        "Other Non Operating Income Expenses": -3000.0,
        "Special Income Charges": 0.0,
        "Other Special Charges": NaN,
        "Restructuring And Mergern Acquisition": 0.0,
        "Gain On Sale Of Security": -1369000.0,
        "Net Non Operating Interest Income Expense": -734000.0,
        "Interest Expense Non Operating": 734000.0,
        "Operating Income": 160000.0,
        "Operating Expense": 5143000.0,
        "Depreciation Amortization Depletion Income Statement": 817000.0,
        "Depreciation And Amortization In Income Statement": 817000.0,
        "Research And Development": 393000.0,
        "Selling General And Administration": 3933000.0,
        "Selling And Marketing Expense": 1301000.0,
        "General And Administrative Expense": 2632000.0,
        "Other Gand A": 2632000.0,
        "Gross Profit": 5303000.0,
        "Cost Of Revenue": 6265000.0,
        "Total Revenue": 11568000.0,
        "Operating Revenue": 11568000.0
    },
    "2023-12-31": {
        "Tax Effect Of Unusual Items": 293.911826,
        "Tax Rate For Calcs": 0.006998,
        "Normalized EBITDA": 2883000.0,
        "Total Unusual Items": 42000.0,
        "Total Unusual Items Excluding Goodwill": 42000.0,
        "Net Income From Continuing Operation Net Minority Interest": 1419000.0,
        "Reconciled Depreciation": 828000.0,
        "Reconciled Cost Of Revenue": 6965000.0,
        "EBITDA": 2925000.0,
        "EBIT": 2097000.0,
        "Net Interest Income": -668000.0,
        "Interest Expense": 668000.0,
        "Normalized Income": 1377293.911826,
        "Net Income From Continuing And Discontinued Operation": 1419000.0,
        "Total Expenses": 12482000.0,
        "Total Operating Income As Reported": 1976000.0,
        "Diluted Average Shares": NaN,
        "Basic Average Shares": NaN,
        "Diluted EPS": NaN,
        "Basic EPS": NaN,
        "Diluted NI Availto Com Stockholders": 1419000.0,
        "Net Income Common Stockholders": 1419000.0,
        "Net Income": 1419000.0,
        "Net Income Including Noncontrolling Interests": 1419000.0,
        "Net Income Continuous Operations": 1419000.0,
        "Tax Provision": 10000.0,
        "Pretax Income": 1429000.0,
        "Other Income Expense": 121000.0,
        "Other Non Operating Income Expenses": 79000.0,
        "Special Income Charges": -1419000.0,
        "Other Special Charges": NaN,
        "Restructuring And Mergern Acquisition": 1419000.0,
        "Gain On Sale Of Security": NaN,
        "Net Non Operating Interest Income Expense": -668000.0,
        "Interest Expense Non Operating": 668000.0,
        "Operating Income": 1976000.0,
        "Operating Expense": 5517000.0,
        "Depreciation Amortization Depletion Income Statement": 828000.0,
        "Depreciation And Amortization In Income Statement": 828000.0,
        "Research And Development": 438000.0,
        "Selling General And Administration": 4251000.0,
        "Selling And Marketing Expense": 1581000.0,
        "General And Administrative Expense": 2670000.0,
        "Other Gand A": 2670000.0,
        "Gross Profit": 7493000.0,
        "Cost Of Revenue": 6965000.0,
        "Total Revenue": 14458000.0,
        "Operating Revenue": 14458000.0
    },
    "2024-03-31": {
        "Tax Effect Of Unusual Items": 126840.0,
        "Tax Rate For Calcs": 0.21,
        "Normalized EBITDA": 798000.0,
        "Total Unusual Items": 604000.0,
        "Total Unusual Items Excluding Goodwill": 604000.0,
        "Net Income From Continuing Operation Net Minority Interest": -109000.0,
        "Reconciled Depreciation": 839000.0,
        "Reconciled Cost Of Revenue": 6521000.0,
        "EBITDA": 1402000.0,
        "EBIT": 563000.0,
        "Net Interest Income": -663000.0,
        "Interest Expense": 663000.0,
        "Normalized Income": -586160.0,
        "Net Income From Continuing And Discontinued Operation": -109000.0,
        "Total Expenses": 12361000.0,
        "Total Operating Income As Reported": -76000.0,
        "Diluted Average Shares": 10421000.0,
        "Basic Average Shares": 10421000.0,
        "Diluted EPS": -0.01,
        "Basic EPS": -0.01,
        "Diluted NI Availto Com Stockholders": -109000.0,
        "Net Income Common Stockholders": -109000.0,
        "Net Income": -109000.0,
        "Net Income Including Noncontrolling Interests": -109000.0,
        "Net Income Continuous Operations": -109000.0,
        "Tax Provision": 9000.0,
        "Pretax Income": -100000.0,
        "Other Income Expense": 639000.0,
        "Other Non Operating Income Expenses": 35000.0,
        "Special Income Charges": 604000.0,
        "Other Special Charges": NaN,
        "Restructuring And Mergern Acquisition": -604000.0,
        "Gain On Sale Of Security": NaN,
        "Net Non Operating Interest Income Expense": -663000.0,
        "Interest Expense Non Operating": 663000.0,
        "Operating Income": -76000.0,
        "Operating Expense": 5840000.0,
        "Depreciation Amortization Depletion Income Statement": 839000.0,
        "Depreciation And Amortization In Income Statement": 839000.0,
        "Research And Development": 508000.0,
        "Selling General And Administration": 4493000.0,
        "Selling And Marketing Expense": 1465000.0,
        "General And Administrative Expense": 3028000.0,
        "Other Gand A": 3028000.0,
        "Gross Profit": 5764000.0,
        "Cost Of Revenue": 6521000.0,
        "Total Revenue": 12285000.0,
        "Operating Revenue": 12285000.0
    },
    "2024-06-30": {
        "Tax Effect Of Unusual Items": -136710.0,
        "Tax Rate For Calcs": 0.21,
        "Normalized EBITDA": 1504000.0,
        "Total Unusual Items": -651000.0,
        "Total Unusual Items Excluding Goodwill": -651000.0,
        "Net Income From Continuing Operation Net Minority Interest": -615000.0,
        "Reconciled Depreciation": 930000.0,
        "Reconciled Cost Of Revenue": 6327000.0,
        "EBITDA": 853000.0,
        "EBIT": -77000.0,
        "Net Interest Income": -513000.0,
        "Interest Expense": 513000.0,
        "Normalized Income": -100710.0,
        "Net Income From Continuing And Discontinued Operation": -615000.0,
        "Total Expenses": 12523000.0,
        "Total Operating Income As Reported": 592000.0,
        "Diluted Average Shares": 10447000.0,
        "Basic Average Shares": 10447000.0,
        "Diluted EPS": -0.06,
        "Basic EPS": -0.06,
        "Diluted NI Availto Com Stockholders": -615000.0,
        "Net Income Common Stockholders": -615000.0,
        "Net Income": -615000.0,
        "Net Income Including Noncontrolling Interests": -615000.0,
        "Net Income Continuous Operations": -615000.0,
        "Tax Provision": 25000.0,
        "Pretax Income": -590000.0,
        "Other Income Expense": -669000.0,
        "Other Non Operating Income Expenses": -18000.0,
        "Special Income Charges": -1059000.0,
        "Other Special Charges": 1059000.0,
        "Restructuring And Mergern Acquisition": NaN,
        "Gain On Sale Of Security": 408000.0,
        "Net Non Operating Interest Income Expense": -513000.0,
        "Interest Expense Non Operating": 513000.0,
        "Operating Income": 592000.0,
        "Operating Expense": 6196000.0,
        "Depreciation Amortization Depletion Income Statement": NaN,
        "Depreciation And Amortization In Income Statement": NaN,
        "Research And Development": NaN,
        "Selling General And Administration": 6196000.0,
        "Selling And Marketing Expense": 1665000.0,
        "General And Administrative Expense": 4531000.0,
        "Other Gand A": 4531000.0,
        "Gross Profit": 6788000.0,
        "Cost Of Revenue": 6327000.0,
        "Total Revenue": 13115000.0,
        "Operating Revenue": 13115000.0
    }
}