{
    "2023-03-31": {
        "Tax Effect Of Unusual Items": 0.0,
        "Tax Rate For Calcs": 0.0,
        "Normalized EBITDA": -10553932.0,
        "Total Unusual Items": 12345.0,
        "Total Unusual Items Excluding Goodwill": 12345.0,
        "Net Income From Continuing Operation Net Minority Interest": -10567226.0,
        "Reconciled Depreciation": 16863.0,
        "Reconciled Cost Of Revenue": 0.0,
        "EBITDA": -10541587.0,
        "EBIT": -10558450.0,
        "Net Interest Income": 437608.0,
        "Interest Expense": 8776.0,
        "Interest Income": 446384.0,
        "Normalized Income": -10579571.0,
        "Net Income From Continuing And Discontinued Operation": -10567226.0,
        "Total Expenses": 11017179.0,
        "Total Operating Income As Reported": -11017179.0,
        "Diluted NI Availto Com Stockholders": -10567226.0,
        "Net Income Common Stockholders": -10567226.0,
        "Net Income": -10567226.0,
        "Net Income Including Noncontrolling Interests": -10567226.0,
        "Net Income Continuous Operations": -10567226.0,
        "Tax Provision": NaN,
        "Pretax Income": -10567226.0,
        "Other Income Expense": 12345.0,
        "Gain On Sale Of Security": 12345.0,
        "Net Non Operating Interest Income Expense": 437608.0,
        "Interest Expense Non Operating": 8776.0,
        "Interest Income Non Operating": 446384.0,
        "Operating Income": -11017179.0,
        "Operating Expense": 11017179.0,
        "Research And Development": 3407502.0,
        "Selling General And Administration": 7609677.0,
        "Gross Profit": 0.0,
        "Cost Of Revenue": 0.0,
        "Total Revenue": 0.0,
        "Operating Revenue": 0.0
    },
    "2022-12-31": {
        "Tax Effect Of Unusual Items": 0.0,
        "Tax Rate For Calcs": 0.0,
        "Normalized EBITDA": -8183207.0,
        "Total Unusual Items": 5547.0,
        "Total Unusual Items Excluding Goodwill": 5547.0,
        "Net Income From Continuing Operation Net Minority Interest": -8208951.0,
        "Reconciled Depreciation": 22516.0,
        "Reconciled Cost Of Revenue": 406.0,
        "EBITDA": -8177660.0,
        "EBIT": -8200176.0,
        "Net Interest Income": 174730.0,
        "Interest Expense": 8775.0,
        "Interest Income": 183505.0,
        "Normalized Income": -8214498.0,
        "Net Income From Continuing And Discontinued Operation": -8208951.0,
        "Total Expenses": 8418930.0,
        "Total Operating Income As Reported": -8389228.0,
        "Diluted NI Availto Com Stockholders": -8208951.0,
        "Net Income Common Stockholders": -8208951.0,
        "Net Income": -8208951.0,
        "Net Income Including Noncontrolling Interests": -8208951.0,
        "Net Income Continuous Operations": -8208951.0,
        "Tax Provision": 0.0,
        "Pretax Income": -8208951.0,
        "Other Income Expense": 5547.0,
        "Gain On Sale Of Security": 5547.0,
        "Net Non Operating Interest Income Expense": 174730.0,
        "Interest Expense Non Operating": 8775.0,
        "Interest Income Non Operating": 183505.0,
        "Operating Income": -8389228.0,
        "Operating Expense": 8418524.0,
        "Research And Development": 2843222.0,
        "Selling General And Administration": 5575302.0,
        "Gross Profit": 29296.0,
        "Cost Of Revenue": 406.0,
        "Total Revenue": 29702.0,
        "Operating Revenue": 29702.0
    },
    "2022-09-30": {
        "Tax Effect Of Unusual Items": 0.0,
        "Tax Rate For Calcs": 0.0,
        "Normalized EBITDA": -6847234.0,
        "Total Unusual Items": 23572.0,
        "Total Unusual Items Excluding Goodwill": 23572.0,
        "Net Income From Continuing Operation Net Minority Interest": -6853721.0,
        "Reconciled Depreciation": 21283.0,
        "Reconciled Cost Of Revenue": 1469.0,
        "EBITDA": -6823662.0,
        "EBIT": -6844945.0,
        "Net Interest Income": 84641.0,
        "Interest Expense": 8776.0,
        "Interest Income": 93417.0,
        "Normalized Income": -6877293.0,
        "Net Income From Continuing And Discontinued Operation": -6853721.0,
        "Total Expenses": 6968751.0,
        "Total Operating Income As Reported": -6961934.0,
        "Diluted Average Shares": 41183585.0,
        "Basic Average Shares": 41183585.0,
        "Diluted EPS": -0.17,
        "Basic EPS": -0.17,
        "Diluted NI Availto Com Stockholders": -6853721.0,
        "Net Income Common Stockholders": -6853721.0,
        "Net Income": -6853721.0,
        "Net Income Including Noncontrolling Interests": -6853721.0,
        "Net Income Continuous Operations": -6853721.0,
        "Tax Provision": 0.0,
        "Pretax Income": -6853721.0,
        "Other Income Expense": 23572.0,
        "Other Non Operating Income Expenses": NaN,
        "Gain On Sale Of Security": 23572.0,
        "Net Non Operating Interest Income Expense": 84641.0,
        "Interest Expense Non Operating": 8776.0,
        "Interest Income Non Operating": 93417.0,
        "Operating Income": -6961934.0,
        "Operating Expense": 6967282.0,
        "Research And Development": 2339268.0,
        "Selling General And Administration": 4628014.0,
        "Gross Profit": 5348.0,
        "Cost Of Revenue": 1469.0,
        "Total Revenue": 6817.0,
        "Operating Revenue": 6817.0
    },
    "2022-06-30": {
        "Tax Effect Of Unusual Items": 1303.586655,
        "Tax Rate For Calcs": 0.0715,
        "Normalized EBITDA": -8184536.0,
        "Total Unusual Items": 18232.0,
        "Total Unusual Items Excluding Goodwill": 18232.0,
        "Net Income From Continuing Operation Net Minority Interest": -7604839.0,
        "Reconciled Depreciation": 20567.0,
        "Reconciled Cost Of Revenue": 332.0,
        "EBITDA": -8166304.0,
        "EBIT": -8186871.0,
        "Net Interest Income": 31757.0,
        "Interest Expense": 3585.0,
        "Interest Income": 35342.0,
        "Normalized Income": -7621767.413345,
        "Net Income From Continuing And Discontinued Operation": -7604839.0,
        "Total Expenses": 8261698.0,
        "Total Operating Income As Reported": -8240445.0,
        "Diluted Average Shares": 39761754.0,
        "Basic Average Shares": 39761754.0,
        "Diluted EPS": -0.19,
        "Basic EPS": -0.19,
        "Diluted NI Availto Com Stockholders": -7604839.0,
        "Net Income Common Stockholders": -7604839.0,
        "Net Income": -7604839.0,
        "Net Income Including Noncontrolling Interests": -7604839.0,
        "Net Income Continuous Operations": -7604839.0,
        "Tax Provision": -585617.0,
        "Pretax Income": -8190456.0,
        "Other Income Expense": 18232.0,
        "Other Non Operating Income Expenses": NaN,
        "Gain On Sale Of Security": 18232.0,
        "Net Non Operating Interest Income Expense": 31757.0,
        "Interest Expense Non Operating": 3585.0,
        "Interest Income Non Operating": 35342.0,
        "Operating Income": -8240445.0,
        "Operating Expense": 8261366.0,
        "Research And Development": 3209471.0,
        "Selling General And Administration": 5051895.0,
        "Gross Profit": 20921.0,
        "Cost Of Revenue": 332.0,
        "Total Revenue": 21253.0,
        "Operating Revenue": 21253.0
    },
    "2022-03-31": {
        "Diluted EPS": -0.18,
        "Total Revenue": 0,
        "Gross Profit": 0,
        "Operating Income": -7,
        "EBIT": -7,
        "Net Income": -7
    },
    "2021-12-31": {
        "Diluted EPS": -0.21,
        "Total Revenue": 0,
        "Gross Profit": 0,
        "Operating Income": -8,
        "EBIT": -8,
        "Net Income": -8
    },
    "2021-09-30": {
        "Diluted EPS": -0.22,
        "Total Revenue": 0,
        "Gross Profit": 0,
        "Operating Income": -9,
        "EBIT": -9,
        "Net Income": -9
    },
    "2021-06-30": {
        "Diluted EPS": -0.12,
        "Total Revenue": 0,
        "Gross Profit": 0,
        "Operating Income": -6,
        "EBIT": -6,
        "Net Income": -5
    },
    "2021-03-31": {
        "Diluted EPS": -0.2,
        "Total Revenue": 0,
        "Gross Profit": 0,
        "Operating Income": -7,
        "EBIT": -7,
        "Net Income": -7
    },
    "2020-12-31": {
        "Diluted EPS": -0.2,
        "Total Revenue": 0,
        "Gross Profit": 0,
        "Operating Income": -6,
        "EBIT": -6,
        "Net Income": -6
    },
    "2020-09-30": {
        "Diluted EPS": -0.22,
        "Total Revenue": 0,
        "Gross Profit": 0,
        "Operating Income": -7,
        "EBIT": -7,
        "Net Income": -7
    },
    "2020-06-30": {
        "Diluted EPS": -0.14,
        "Total Revenue": 0,
        "Gross Profit": 0,
        "Operating Income": -9,
        "EBIT": -9,
        "Net Income": -4
    },
    "2020-03-31": {
        "Diluted EPS": -0.21,
        "Total Revenue": 0,
        "Gross Profit": 0,
        "Operating Income": -6,
        "EBIT": -6,
        "Net Income": -6
    },
    "2019-12-31": {
        "Diluted EPS": -0.2,
        "Total Revenue": 0,
        "Gross Profit": 0,
        "Operating Income": -5,
        "EBIT": -5,
        "Net Income": -32
    },
    "2019-09-30": {
        "Diluted EPS": -1.35,
        "Total Revenue": 0,
        "Gross Profit": 0,
        "Operating Income": -5,
        "EBIT": -5,
        "Net Income": -5
    },
    "2019-06-30": {
        "Diluted EPS": -0.03,
        "Total Revenue": 0,
        "Gross Profit": 0,
        "Operating Income": -6,
        "EBIT": -5,
        "Net Income": -1
    },
    "2019-03-31": {
        "Diluted EPS": -0.22,
        "Total Revenue": 0,
        "Gross Profit": 0,
        "Operating Income": -5,
        "EBIT": -5,
        "Net Income": -5
    },
    "2018-12-31": {
        "Diluted EPS": 0.23,
        "Total Revenue": 0,
        "Gross Profit": 0,
        "Operating Income": 2,
        "EBIT": 2,
        "Net Income": 2
    },
    "2018-09-30": {
        "Diluted EPS": -0.54,
        "Total Revenue": 0,
        "Gross Profit": 0,
        "Operating Income": -10,
        "EBIT": -10,
        "Net Income": -10
    },
    "2018-06-30": {
        "Diluted EPS": -0.52,
        "Total Revenue": 0,
        "Gross Profit": 0,
        "Operating Income": -9,
        "EBIT": -9,
        "Net Income": -9
    },
    "2018-03-31": {
        "Diluted EPS": -0.68,
        "Total Revenue": 0,
        "Gross Profit": 0,
        "Operating Income": -10,
        "EBIT": -10,
        "Net Income": -10
    },
    "2017-12-31": {
        "Diluted EPS": -0.7,
        "Total Revenue": 0,
        "Gross Profit": 0,
        "Operating Income": -10,
        "EBIT": -10,
        "Net Income": -10
    },
    "2017-09-30": {
        "Diluted EPS": -0.85,
        "Total Revenue": 0,
        "Gross Profit": 0,
        "Operating Income": -8,
        "EBIT": -8,
        "Net Income": -10
    },
    "2017-06-30": {
        "Diluted EPS": -0.5,
        "Total Revenue": 0,
        "Gross Profit": 0,
        "Operating Income": -7,
        "EBIT": -7,
        "Net Income": -5
    },
    "2017-03-31": {
        "Diluted EPS": -0.95,
        "Total Revenue": 0,
        "Gross Profit": 0,
        "Operating Income": -8,
        "EBIT": -8,
        "Net Income": -8
    },
    "2016-12-31": {
        "Diluted EPS": -0.9,
        "Total Revenue": 0,
        "Gross Profit": 0,
        "Operating Income": -7,
        "EBIT": -7,
        "Net Income": -7
    },
    "2016-09-30": {
        "Diluted EPS": -1.15,
        "Total Revenue": 0,
        "Gross Profit": 0,
        "Operating Income": -9,
        "EBIT": -9,
        "Net Income": -9
    },
    "2016-06-30": {
        "Diluted EPS": -0.65,
        "Total Revenue": 0,
        "Gross Profit": 0,
        "Operating Income": -5,
        "EBIT": -5,
        "Net Income": -5
    },
    "2016-03-31": {
        "Diluted EPS": -0.55,
        "Total Revenue": 0,
        "Gross Profit": 0,
        "Operating Income": -4,
        "EBIT": -4,
        "Net Income": -4
    },
    "2015-12-31": {
        "Diluted EPS": -0.4,
        "Total Revenue": 0,
        "Gross Profit": 0,
        "Operating Income": -4,
        "EBIT": -4,
        "Net Income": -4
    },
    "2015-09-30": {
        "Diluted EPS": -0.7,
        "Total Revenue": 0,
        "Gross Profit": 0,
        "Operating Income": -5,
        "EBIT": -5,
        "Net Income": -5
    },
    "2015-06-30": {
        "Diluted EPS": -0.65,
        "Total Revenue": 0,
        "Gross Profit": 0,
        "Operating Income": -4,
        "EBIT": -4,
        "Net Income": -4
    },
    "2015-03-31": {
        "Diluted EPS": -1.15,
        "Total Revenue": 0,
        "Gross Profit": 0,
        "Operating Income": -4,
        "EBIT": -4,
        "Net Income": -5
    },
    "2014-12-31": {
        "Diluted EPS": 0.95,
        "Total Revenue": 0,
        "Gross Profit": 0,
        "Operating Income": -2,
        "EBIT": -2,
        "Net Income": -2
    },
    "2014-09-30": {
        "Diluted EPS": -1.15,
        "Total Revenue": 0,
        "Gross Profit": 0,
        "Operating Income": -2,
        "EBIT": -2,
        "Net Income": -5
    },
    "2014-06-30": {
        "Diluted EPS": -0.25,
        "Total Revenue": 0,
        "Gross Profit": 0,
        "Operating Income": -2,
        "EBIT": -2,
        "Net Income": 3
    },
    "2014-03-31": {
        "Diluted EPS": -4.35,
        "Total Revenue": 0,
        "Gross Profit": 0,
        "Operating Income": -3,
        "EBIT": -3,
        "Net Income": -17
    },
    "2013-12-31": {
        "Diluted EPS": -1.15,
        "Total Revenue": NaN,
        "Gross Profit": NaN,
        "Operating Income": -2,
        "EBIT": -2,
        "Net Income": -3
    },
    "2013-09-30": {
        "Diluted EPS": -0.9,
        "Total Revenue": NaN,
        "Gross Profit": NaN,
        "Operating Income": -1,
        "EBIT": -1,
        "Net Income": -3
    },
    "2013-06-30": {
        "Diluted EPS": -0.75,
        "Total Revenue": NaN,
        "Gross Profit": NaN,
        "Operating Income": -1,
        "EBIT": -1,
        "Net Income": -2
    },
    "2013-03-31": {
        "Diluted EPS": -0.65,
        "Total Revenue": NaN,
        "Gross Profit": NaN,
        "Operating Income": -1,
        "EBIT": 0,
        "Net Income": -2
    },
    "2012-12-31": {
        "Diluted EPS": -0.5,
        "Total Revenue": NaN,
        "Gross Profit": NaN,
        "Operating Income": NaN,
        "EBIT": 0,
        "Net Income": -1
    },
    "2012-09-30": {
        "Diluted EPS": -0.45,
        "Total Revenue": NaN,
        "Gross Profit": NaN,
        "Operating Income": -1,
        "EBIT": -1,
        "Net Income": -1
    },
    "2012-06-30": {
        "Diluted EPS": -0.25,
        "Total Revenue": NaN,
        "Gross Profit": NaN,
        "Operating Income": -1,
        "EBIT": -1,
        "Net Income": -1
    },
    "2012-03-31": {
        "Diluted EPS": -0.4,
        "Total Revenue": NaN,
        "Gross Profit": NaN,
        "Operating Income": NaN,
        "EBIT": NaN,
        "Net Income": -1
    },
    "2011-12-31": {
        "Diluted EPS": 0.15,
        "Total Revenue": NaN,
        "Gross Profit": NaN,
        "Operating Income": 0,
        "EBIT": 0,
        "Net Income": 0
    },
    "2011-09-30": {
        "Diluted EPS": -1.15,
        "Total Revenue": NaN,
        "Gross Profit": NaN,
        "Operating Income": -3,
        "EBIT": -3,
        "Net Income": -3
    },
    "2011-06-30": {
        "Diluted EPS": -1.1,
        "Total Revenue": NaN,
        "Gross Profit": NaN,
        "Operating Income": -2,
        "EBIT": -2,
        "Net Income": -2
    },
    "2011-03-31": {
        "Diluted EPS": -0.85,
        "Total Revenue": NaN,
        "Gross Profit": NaN,
        "Operating Income": -2,
        "EBIT": -2,
        "Net Income": -2
    },
    "2010-12-31": {
        "Diluted EPS": -0.25,
        "Total Revenue": NaN,
        "Gross Profit": NaN,
        "Operating Income": -2,
        "EBIT": -2,
        "Net Income": -2
    },
    "2010-09-30": {
        "Diluted EPS": -0.6,
        "Total Revenue": NaN,
        "Gross Profit": NaN,
        "Operating Income": -1,
        "EBIT": -1,
        "Net Income": -1
    },
    "2010-06-30": {
        "Diluted EPS": -0.5,
        "Total Revenue": NaN,
        "Gross Profit": NaN,
        "Operating Income": -1,
        "EBIT": -1,
        "Net Income": -1
    },
    "2010-03-31": {
        "Diluted EPS": 0.0,
        "Total Revenue": NaN,
        "Gross Profit": NaN,
        "Operating Income": -4,
        "EBIT": -2,
        "Net Income": -7
    },
    "2023-06-30": {
        "Tax Effect Of Unusual Items": 0.0,
        "Tax Rate For Calcs": 0.0,
        "Normalized EBITDA": -11236970.0,
        "Total Unusual Items": -13368.0,
        "Total Unusual Items Excluding Goodwill": -13368.0,
        "Net Income From Continuing Operation Net Minority Interest": -11273618.0,
        "Reconciled Depreciation": 17429.0,
        "Reconciled Cost Of Revenue": 0.0,
        "EBITDA": -11250338.0,
        "EBIT": -11267767.0,
        "Net Interest Income": 544332.0,
        "Interest Expense": 5851.0,
        "Interest Income": 550183.0,
        "Normalized Income": -11260250.0,
        "Net Income From Continuing And Discontinued Operation": -11273618.0,
        "Total Expenses": 11804582.0,
        "Total Operating Income As Reported": -11804582.0,
        "Diluted NI Availto Com Stockholders": -11273618.0,
        "Net Income Common Stockholders": -11273618.0,
        "Net Income": -11273618.0,
        "Net Income Including Noncontrolling Interests": -11273618.0,
        "Net Income Continuous Operations": -11273618.0,
        "Tax Provision": 0.0,
        "Pretax Income": -11273618.0,
        "Other Income Expense": -13368.0,
        "Gain On Sale Of Security": -13368.0,
        "Net Non Operating Interest Income Expense": 544332.0,
        "Interest Expense Non Operating": 5851.0,
        "Interest Income Non Operating": 550183.0,
        "Operating Income": -11804582.0,
        "Operating Expense": 11804582.0,
        "Research And Development": 4794758.0,
        "Selling General And Administration": 7009824.0,
        "Gross Profit": 0.0,
        "Cost Of Revenue": 0.0,
        "Total Revenue": 0.0,
        "Operating Revenue": 0.0
    },
    "2023-09-30": {
        "Tax Effect Of Unusual Items": 0.0,
        "Tax Rate For Calcs": 0.0,
        "Normalized EBITDA": -9684249.0,
        "Total Unusual Items": -29199.0,
        "Total Unusual Items Excluding Goodwill": -29199.0,
        "Net Income From Continuing Operation Net Minority Interest": -9744354.0,
        "Reconciled Depreciation": 17793.0,
        "Reconciled Cost Of Revenue": 0.0,
        "EBITDA": -9713448.0,
        "EBIT": -9731241.0,
        "Net Interest Income": 752128.0,
        "Interest Expense": 13113.0,
        "Interest Income": 765241.0,
        "Normalized Income": -9715155.0,
        "Net Income From Continuing And Discontinued Operation": -9744354.0,
        "Total Expenses": 10467283.0,
        "Total Operating Income As Reported": -10467283.0,
        "Diluted NI Availto Com Stockholders": -9744354.0,
        "Net Income Common Stockholders": -9744354.0,
        "Net Income": -9744354.0,
        "Net Income Including Noncontrolling Interests": -9744354.0,
        "Net Income Continuous Operations": -9744354.0,
        "Tax Provision": 0.0,
        "Pretax Income": -9744354.0,
        "Other Income Expense": -29199.0,
        "Gain On Sale Of Security": -29199.0,
        "Net Non Operating Interest Income Expense": 752128.0,
        "Interest Expense Non Operating": 13113.0,
        "Interest Income Non Operating": 765241.0,
        "Operating Income": -10467283.0,
        "Operating Expense": 10467283.0,
        "Research And Development": 2663976.0,
        "Selling General And Administration": 7803307.0,
        "Gross Profit": 0.0,
        "Cost Of Revenue": 0.0,
        "Total Revenue": 0.0,
        "Operating Revenue": 0.0
    }
}