{
    "2023-03-31": {
        "Tax Effect Of Unusual Items": 0.0,
        "Tax Rate For Calcs": 0.0,
        "Normalized EBITDA": -47695000.0,
        "Net Income From Continuing Operation Net Minority Interest": -45995000.0,
        "Reconciled Depreciation": 283000.0,
        "EBITDA": -47695000.0,
        "EBIT": -47978000.0,
        "Net Interest Income": 2038000.0,
        "Interest Income": 2038000.0,
        "Normalized Income": -45995000.0,
        "Net Income From Continuing And Discontinued Operation": -45995000.0,
        "Total Expenses": 50657000.0,
        "Total Operating Income As Reported": -47978000.0,
        "Diluted Average Shares": 53908000.0,
        "Basic Average Shares": 53908000.0,
        "Diluted EPS": -0.85,
        "Basic EPS": -0.85,
        "Diluted NI Availto Com Stockholders": -45995000.0,
        "Net Income Common Stockholders": -45995000.0,
        "Net Income": -45995000.0,
        "Net Income Including Noncontrolling Interests": -45995000.0,
        "Net Income Continuous Operations": -45995000.0,
        "Pretax Income": -45995000.0,
        "Other Income Expense": -55000.0,
        "Other Non Operating Income Expenses": -55000.0,
        "Earnings From Equity Interest": 0.0,
        "Net Non Operating Interest Income Expense": 2038000.0,
        "Interest Income Non Operating": 2038000.0,
        "Operating Income": -47978000.0,
        "Operating Expense": 50657000.0,
        "Research And Development": 38468000.0,
        "Selling General And Administration": 12189000.0,
        "General And Administrative Expense": 12189000.0,
        "Other Gand A": 12189000.0,
        "Total Revenue": 2679000.0,
        "Operating Revenue": 2679000.0
    },
    "2022-12-31": {
        "Tax Effect Of Unusual Items": 0.0,
        "Tax Rate For Calcs": 0.0,
        "Normalized EBITDA": -47845000.0,
        "Total Unusual Items": 569000.0,
        "Total Unusual Items Excluding Goodwill": 569000.0,
        "Net Income From Continuing Operation Net Minority Interest": -44991000.0,
        "Reconciled Depreciation": 280000.0,
        "EBITDA": -47276000.0,
        "EBIT": -47556000.0,
        "Net Interest Income": 1904000.0,
        "Interest Income": 1904000.0,
        "Normalized Income": -45560000.0,
        "Net Income From Continuing And Discontinued Operation": -44991000.0,
        "Total Expenses": 48265000.0,
        "Total Operating Income As Reported": -47556000.0,
        "Diluted Average Shares": 53839000.0,
        "Basic Average Shares": 53839000.0,
        "Diluted EPS": -0.84,
        "Basic EPS": -0.84,
        "Diluted NI Availto Com Stockholders": -44991000.0,
        "Net Income Common Stockholders": -44991000.0,
        "Net Income": -44991000.0,
        "Net Income Including Noncontrolling Interests": -44991000.0,
        "Net Income Continuous Operations": -44991000.0,
        "Pretax Income": -44991000.0,
        "Other Income Expense": 661000.0,
        "Other Non Operating Income Expenses": 92000.0,
        "Earnings From Equity Interest": 0.0,
        "Gain On Sale Of Security": 569000.0,
        "Net Non Operating Interest Income Expense": 1904000.0,
        "Interest Income Non Operating": 1904000.0,
        "Operating Income": -47556000.0,
        "Operating Expense": 48265000.0,
        "Research And Development": 36991000.0,
        "Selling General And Administration": 11274000.0,
        "General And Administrative Expense": 11274000.0,
        "Other Gand A": 11274000.0,
        "Total Revenue": 709000.0,
        "Operating Revenue": 709000.0
    },
    "2022-09-30": {
        "Tax Effect Of Unusual Items": 0.0,
        "Tax Rate For Calcs": 0.0,
        "Normalized EBITDA": -43206000.0,
        "Total Unusual Items": NaN,
        "Total Unusual Items Excluding Goodwill": NaN,
        "Net Income From Continuing Operation Net Minority Interest": -41925000.0,
        "Reconciled Depreciation": 248000.0,
        "EBITDA": -43206000.0,
        "EBIT": -43454000.0,
        "Net Interest Income": 1500000.0,
        "Interest Income": 1500000.0,
        "Normalized Income": -41925000.0,
        "Net Income From Continuing And Discontinued Operation": -41925000.0,
        "Total Expenses": 43912000.0,
        "Total Operating Income As Reported": -43454000.0,
        "Diluted Average Shares": 53768000.0,
        "Basic Average Shares": 53768000.0,
        "Diluted EPS": -0.78,
        "Basic EPS": -0.78,
        "Diluted NI Availto Com Stockholders": -41925000.0,
        "Net Income Common Stockholders": -41925000.0,
        "Net Income": -41925000.0,
        "Net Income Including Noncontrolling Interests": -41925000.0,
        "Net Income Continuous Operations": -41925000.0,
        "Pretax Income": -41925000.0,
        "Other Income Expense": 29000.0,
        "Other Non Operating Income Expenses": 29000.0,
        "Earnings From Equity Interest": 0.0,
        "Gain On Sale Of Security": NaN,
        "Net Non Operating Interest Income Expense": 1500000.0,
        "Interest Income Non Operating": 1500000.0,
        "Operating Income": -43454000.0,
        "Operating Expense": 43912000.0,
        "Research And Development": 31987000.0,
        "Selling General And Administration": 11925000.0,
        "General And Administrative Expense": 11925000.0,
        "Other Gand A": 11925000.0,
        "Total Revenue": 458000.0,
        "Operating Revenue": 458000.0
    },
    "2022-06-30": {
        "Tax Effect Of Unusual Items": 0.0,
        "Tax Rate For Calcs": 0.0,
        "Normalized EBITDA": -42861000.0,
        "Total Unusual Items": 31000.0,
        "Total Unusual Items Excluding Goodwill": 31000.0,
        "Net Income From Continuing Operation Net Minority Interest": -42375000.0,
        "Reconciled Depreciation": 215000.0,
        "EBITDA": -42830000.0,
        "EBIT": -43045000.0,
        "Net Interest Income": 720000.0,
        "Interest Income": 720000.0,
        "Normalized Income": -42406000.0,
        "Net Income From Continuing And Discontinued Operation": -42375000.0,
        "Total Expenses": 43484000.0,
        "Total Operating Income As Reported": -43045000.0,
        "Diluted Average Shares": 52522000.0,
        "Basic Average Shares": 52522000.0,
        "Diluted EPS": -0.81,
        "Basic EPS": -0.81,
        "Diluted NI Availto Com Stockholders": -42375000.0,
        "Net Income Common Stockholders": -42375000.0,
        "Net Income": -42375000.0,
        "Net Income Including Noncontrolling Interests": -42375000.0,
        "Net Income Continuous Operations": -42375000.0,
        "Pretax Income": -42375000.0,
        "Other Income Expense": -50000.0,
        "Other Non Operating Income Expenses": -81000.0,
        "Earnings From Equity Interest": 0.0,
        "Gain On Sale Of Security": 31000.0,
        "Net Non Operating Interest Income Expense": 720000.0,
        "Interest Income Non Operating": 720000.0,
        "Operating Income": -43045000.0,
        "Operating Expense": 43484000.0,
        "Research And Development": 32995000.0,
        "Selling General And Administration": 10489000.0,
        "General And Administrative Expense": 10489000.0,
        "Other Gand A": 10489000.0,
        "Total Revenue": 439000.0,
        "Operating Revenue": 439000.0
    },
    "2022-03-31": {
        "Diluted EPS": -0.73,
        "Total Revenue": 3,
        "Gross Profit": 3,
        "Operating Income": -34,
        "EBIT": -33,
        "Net Income": -35
    },
    "2021-12-31": {
        "Diluted EPS": -0.68,
        "Total Revenue": NaN,
        "Gross Profit": NaN,
        "Operating Income": -32,
        "EBIT": -32,
        "Net Income": -31
    },
    "2021-09-30": {
        "Diluted EPS": -0.73,
        "Total Revenue": NaN,
        "Gross Profit": NaN,
        "Operating Income": -28,
        "EBIT": -28,
        "Net Income": -28
    },
    "2021-06-30": {
        "Diluted EPS": -0.7,
        "Total Revenue": NaN,
        "Gross Profit": NaN,
        "Operating Income": -26,
        "EBIT": -26,
        "Net Income": -26
    },
    "2021-03-31": {
        "Diluted EPS": -0.69,
        "Total Revenue": NaN,
        "Gross Profit": NaN,
        "Operating Income": -23,
        "EBIT": -23,
        "Net Income": -23
    },
    "2020-12-31": {
        "Diluted EPS": -0.62,
        "Total Revenue": NaN,
        "Gross Profit": NaN,
        "Operating Income": -22,
        "EBIT": -22,
        "Net Income": -22
    },
    "2020-09-30": {
        "Diluted EPS": -0.56,
        "Total Revenue": NaN,
        "Gross Profit": NaN,
        "Operating Income": -18,
        "EBIT": -18,
        "Net Income": -18
    },
    "2020-06-30": {
        "Diluted EPS": -0.53,
        "Total Revenue": NaN,
        "Gross Profit": NaN,
        "Operating Income": -17,
        "EBIT": -17,
        "Net Income": -16
    },
    "2020-03-31": {
        "Diluted EPS": -0.71,
        "Total Revenue": 0,
        "Gross Profit": 0,
        "Operating Income": -18,
        "EBIT": -18,
        "Net Income": -17
    },
    "2019-12-31": {
        "Diluted EPS": -0.61,
        "Total Revenue": 0,
        "Gross Profit": 0,
        "Operating Income": -15,
        "EBIT": -15,
        "Net Income": -15
    },
    "2019-09-30": {
        "Diluted EPS": -0.6,
        "Total Revenue": 1,
        "Gross Profit": 1,
        "Operating Income": -15,
        "EBIT": -15,
        "Net Income": -14
    },
    "2019-06-30": {
        "Diluted EPS": -0.51,
        "Total Revenue": NaN,
        "Gross Profit": NaN,
        "Operating Income": -13,
        "EBIT": -13,
        "Net Income": -12
    },
    "2019-03-31": {
        "Diluted EPS": -0.37,
        "Total Revenue": 0,
        "Gross Profit": 0,
        "Operating Income": -10,
        "EBIT": -10,
        "Net Income": -9
    },
    "2018-12-31": {
        "Diluted EPS": 3.48,
        "Total Revenue": 1,
        "Gross Profit": 1,
        "Operating Income": -9,
        "EBIT": -10,
        "Net Income": -8
    },
    "2018-09-30": {
        "Diluted EPS": -0.38,
        "Total Revenue": 1,
        "Gross Profit": 1,
        "Operating Income": -8,
        "EBIT": -8,
        "Net Income": -8
    },
    "2018-06-30": {
        "Diluted EPS": -2.41,
        "Total Revenue": 1,
        "Gross Profit": 1,
        "Operating Income": -6,
        "EBIT": -6,
        "Net Income": -6
    },
    "2018-03-31": {
        "Diluted EPS": -2.92,
        "Total Revenue": 0,
        "Gross Profit": 0,
        "Operating Income": -6,
        "EBIT": -5,
        "Net Income": -5
    },
    "2017-12-31": {
        "Diluted EPS": -1.61,
        "Total Revenue": 1,
        "Gross Profit": 1,
        "Operating Income": -3,
        "EBIT": -2,
        "Net Income": -3
    },
    "2017-09-30": {
        "Diluted EPS": -1.67,
        "Total Revenue": 1,
        "Gross Profit": 1,
        "Operating Income": -2,
        "EBIT": -2,
        "Net Income": -2
    },
    "2017-06-30": {
        "Diluted EPS": -1.22,
        "Total Revenue": 1,
        "Gross Profit": 1,
        "Operating Income": -2,
        "EBIT": -2,
        "Net Income": -2
    },
    "2017-03-31": {
        "Diluted EPS": -2.18,
        "Total Revenue": 0,
        "Gross Profit": 0,
        "Operating Income": -3,
        "EBIT": -3,
        "Net Income": -3
    },
    "2016-12-31": {
        "Diluted EPS": 0.0,
        "Total Revenue": NaN,
        "Gross Profit": NaN,
        "Operating Income": NaN,
        "EBIT": NaN,
        "Net Income": NaN
    },
    "2023-06-30": {
        "Tax Effect Of Unusual Items": 0.0,
        "Tax Rate For Calcs": 0.0,
        "Normalized EBITDA": -52715000.0,
        "Net Income From Continuing Operation Net Minority Interest": -50979000.0,
        "Reconciled Depreciation": 280000.0,
        "EBITDA": -52715000.0,
        "EBIT": -52995000.0,
        "Net Interest Income": 2107000.0,
        "Interest Income": 2107000.0,
        "Normalized Income": -50979000.0,
        "Net Income From Continuing And Discontinued Operation": -50979000.0,
        "Total Expenses": 53983000.0,
        "Total Operating Income As Reported": -52995000.0,
        "Diluted Average Shares": 54275000.0,
        "Basic Average Shares": 54275000.0,
        "Diluted EPS": -0.94,
        "Basic EPS": -0.94,
        "Diluted NI Availto Com Stockholders": -50979000.0,
        "Net Income Common Stockholders": -50979000.0,
        "Net Income": -50979000.0,
        "Net Income Including Noncontrolling Interests": -50979000.0,
        "Net Income Continuous Operations": -50979000.0,
        "Pretax Income": -50979000.0,
        "Other Income Expense": -91000.0,
        "Other Non Operating Income Expenses": -91000.0,
        "Earnings From Equity Interest": 0.0,
        "Net Non Operating Interest Income Expense": 2107000.0,
        "Interest Income Non Operating": 2107000.0,
        "Operating Income": -52995000.0,
        "Operating Expense": 53983000.0,
        "Research And Development": 40640000.0,
        "Selling General And Administration": 13343000.0,
        "General And Administrative Expense": 13343000.0,
        "Other Gand A": 13343000.0,
        "Total Revenue": 988000.0,
        "Operating Revenue": 988000.0
    },
    "2023-09-30": {
        "Tax Effect Of Unusual Items": 0.0,
        "Tax Rate For Calcs": 0.0,
        "Normalized EBITDA": -58704000.0,
        "Net Income From Continuing Operation Net Minority Interest": -57458000.0,
        "Reconciled Depreciation": 273000.0,
        "EBITDA": -58704000.0,
        "EBIT": -58977000.0,
        "Net Interest Income": 2569000.0,
        "Interest Income": 2569000.0,
        "Normalized Income": -57458000.0,
        "Net Income From Continuing And Discontinued Operation": -57458000.0,
        "Total Expenses": 59323000.0,
        "Total Operating Income As Reported": -58977000.0,
        "Diluted Average Shares": 56808000.0,
        "Basic Average Shares": 56808000.0,
        "Diluted EPS": -1.01,
        "Basic EPS": -1.01,
        "Diluted NI Availto Com Stockholders": -57458000.0,
        "Net Income Common Stockholders": -57458000.0,
        "Net Income": -57458000.0,
        "Net Income Including Noncontrolling Interests": -57458000.0,
        "Net Income Continuous Operations": -57458000.0,
        "Pretax Income": -57458000.0,
        "Other Income Expense": -1050000.0,
        "Other Non Operating Income Expenses": -53000.0,
        "Earnings From Equity Interest": -997000.0,
        "Net Non Operating Interest Income Expense": 2569000.0,
        "Interest Income Non Operating": 2569000.0,
        "Operating Income": -58977000.0,
        "Operating Expense": 59323000.0,
        "Research And Development": 43839000.0,
        "Selling General And Administration": 15484000.0,
        "General And Administrative Expense": 15484000.0,
        "Other Gand A": 15484000.0,
        "Total Revenue": 346000.0,
        "Operating Revenue": 346000.0
    },
    "2023-12-31": {
        "Tax Effect Of Unusual Items": 0.0,
        "Tax Rate For Calcs": 0.0,
        "Normalized EBITDA": -62396000.0,
        "Net Income From Continuing Operation Net Minority Interest": -60097000.0,
        "Reconciled Depreciation": 262000.0,
        "EBITDA": -62396000.0,
        "EBIT": -62658000.0,
        "Net Interest Income": 6722000.0,
        "Interest Income": 6722000.0,
        "Normalized Income": -60097000.0,
        "Net Income From Continuing And Discontinued Operation": -60097000.0,
        "Total Expenses": 62658000.0,
        "Total Operating Income As Reported": -62658000.0,
        "Diluted Average Shares": 67146000.0,
        "Basic Average Shares": 67146000.0,
        "Diluted EPS": -0.9,
        "Basic EPS": -0.9,
        "Diluted NI Availto Com Stockholders": -60097000.0,
        "Net Income Common Stockholders": -60097000.0,
        "Net Income": -60097000.0,
        "Net Income Including Noncontrolling Interests": -60097000.0,
        "Net Income Continuous Operations": -60097000.0,
        "Pretax Income": -60097000.0,
        "Other Income Expense": -4161000.0,
        "Other Non Operating Income Expenses": 40000.0,
        "Earnings From Equity Interest": -4201000.0,
        "Net Non Operating Interest Income Expense": 6722000.0,
        "Interest Income Non Operating": 6722000.0,
        "Operating Income": -62658000.0,
        "Operating Expense": 62658000.0,
        "Research And Development": 45580000.0,
        "Selling General And Administration": 17078000.0,
        "General And Administrative Expense": 17078000.0,
        "Other Gand A": 17078000.0,
        "Total Revenue": 0.0,
        "Operating Revenue": 0.0
    },
    "2024-03-31": {
        "Tax Effect Of Unusual Items": 0.0,
        "Tax Rate For Calcs": 0.0,
        "Normalized EBITDA": -73055000.0,
        "Net Income From Continuing Operation Net Minority Interest": -66930000.0,
        "Reconciled Depreciation": 474000.0,
        "EBITDA": -73055000.0,
        "EBIT": -73529000.0,
        "Net Interest Income": 7320000.0,
        "Interest Income": 7320000.0,
        "Normalized Income": -66930000.0,
        "Net Income From Continuing And Discontinued Operation": -66930000.0,
        "Total Expenses": 74169000.0,
        "Total Operating Income As Reported": -73529000.0,
        "Diluted Average Shares": 72289000.0,
        "Basic Average Shares": 72289000.0,
        "Diluted EPS": -0.93,
        "Basic EPS": -0.93,
        "Diluted NI Availto Com Stockholders": -66930000.0,
        "Net Income Common Stockholders": -66930000.0,
        "Net Income": -66930000.0,
        "Net Income Including Noncontrolling Interests": -66930000.0,
        "Net Income Continuous Operations": -66930000.0,
        "Pretax Income": -66930000.0,
        "Other Income Expense": -721000.0,
        "Other Non Operating Income Expenses": -251000.0,
        "Earnings From Equity Interest": -470000.0,
        "Net Non Operating Interest Income Expense": 7320000.0,
        "Interest Income Non Operating": 7320000.0,
        "Operating Income": -73529000.0,
        "Operating Expense": 74169000.0,
        "Research And Development": 53341000.0,
        "Selling General And Administration": 20828000.0,
        "General And Administrative Expense": 20828000.0,
        "Other Gand A": 20828000.0,
        "Total Revenue": 640000.0,
        "Operating Revenue": 640000.0
    }
}