{
    "2023-03-31": {
        "Tax Effect Of Unusual Items": NaN,
        "Tax Rate For Calcs": NaN,
        "Normalized EBITDA": NaN,
        "Total Unusual Items": NaN,
        "Total Unusual Items Excluding Goodwill": NaN,
        "Net Income From Continuing Operation Net Minority Interest": NaN,
        "Reconciled Depreciation": NaN,
        "Reconciled Cost Of Revenue": NaN,
        "EBITDA": NaN,
        "EBIT": NaN,
        "Net Interest Income": NaN,
        "Interest Income": NaN,
        "Normalized Income": NaN,
        "Net Income From Continuing And Discontinued Operation": NaN,
        "Total Expenses": NaN,
        "Total Operating Income As Reported": NaN,
        "Diluted Average Shares": 380634208.0,
        "Basic Average Shares": 380634208.0,
        "Diluted EPS": -0.05,
        "Basic EPS": -0.05,
        "Diluted NI Availto Com Stockholders": NaN,
        "Net Income Common Stockholders": NaN,
        "Net Income": NaN,
        "Minority Interests": NaN,
        "Net Income Including Noncontrolling Interests": NaN,
        "Net Income Discontinuous Operations": NaN,
        "Net Income Continuous Operations": NaN,
        "Tax Provision": NaN,
        "Pretax Income": NaN,
        "Other Income Expense": NaN,
        "Other Non Operating Income Expenses": NaN,
        "Special Income Charges": NaN,
        "Write Off": NaN,
        "Impairment Of Capital Assets": NaN,
        "Restructuring And Mergern Acquisition": NaN,
        "Earnings From Equity Interest": NaN,
        "Gain On Sale Of Security": NaN,
        "Net Non Operating Interest Income Expense": NaN,
        "Interest Income Non Operating": NaN,
        "Operating Income": NaN,
        "Operating Expense": NaN,
        "Depreciation Amortization Depletion Income Statement": NaN,
        "Depreciation And Amortization In Income Statement": NaN,
        "Research And Development": NaN,
        "Selling General And Administration": NaN,
        "Selling And Marketing Expense": NaN,
        "General And Administrative Expense": NaN,
        "Other Gand A": NaN,
        "Salaries And Wages": NaN,
        "Gross Profit": NaN,
        "Cost Of Revenue": NaN,
        "Total Revenue": NaN,
        "Excise Taxes": NaN,
        "Operating Revenue": NaN
    },
    "2022-12-31": {
        "Tax Effect Of Unusual Items": -6865971.6,
        "Tax Rate For Calcs": 0.2621,
        "Normalized EBITDA": -18979000.0,
        "Total Unusual Items": -26196000.0,
        "Total Unusual Items Excluding Goodwill": -26196000.0,
        "Net Income From Continuing Operation Net Minority Interest": -78884000.0,
        "Reconciled Depreciation": 2623000.0,
        "Reconciled Cost Of Revenue": 22106000.0,
        "EBITDA": -45175000.0,
        "EBIT": -47798000.0,
        "Net Interest Income": 9507000.0,
        "Interest Income": 9520000.0,
        "Normalized Income": -59553971.6,
        "Net Income From Continuing And Discontinued Operation": -78884000.0,
        "Total Expenses": 52151000.0,
        "Total Operating Income As Reported": -29719000.0,
        "Diluted Average Shares": NaN,
        "Basic Average Shares": NaN,
        "Diluted EPS": NaN,
        "Basic EPS": NaN,
        "Diluted NI Availto Com Stockholders": -78884000.0,
        "Net Income Common Stockholders": -78884000.0,
        "Net Income": -78884000.0,
        "Minority Interests": -27000.0,
        "Net Income Including Noncontrolling Interests": -78857000.0,
        "Net Income Discontinuous Operations": 0.0,
        "Net Income Continuous Operations": -78857000.0,
        "Tax Provision": 32003000.0,
        "Pretax Income": -46854000.0,
        "Other Income Expense": -27097000.0,
        "Other Non Operating Income Expenses": 63000.0,
        "Special Income Charges": -21637000.0,
        "Write Off": 21182000.0,
        "Impairment Of Capital Assets": 0.0,
        "Restructuring And Mergern Acquisition": 455000.0,
        "Earnings From Equity Interest": -964000.0,
        "Gain On Sale Of Security": -4559000.0,
        "Net Non Operating Interest Income Expense": 9507000.0,
        "Interest Income Non Operating": 9520000.0,
        "Operating Income": -29264000.0,
        "Operating Expense": 29030000.0,
        "Depreciation Amortization Depletion Income Statement": 1608000.0,
        "Depreciation And Amortization In Income Statement": 1608000.0,
        "Research And Development": 2471000.0,
        "Selling General And Administration": 24951000.0,
        "Selling And Marketing Expense": 5765000.0,
        "General And Administrative Expense": 19186000.0,
        "Other Gand A": 14638000.0,
        "Salaries And Wages": 4548000.0,
        "Gross Profit": -234000.0,
        "Cost Of Revenue": 23121000.0,
        "Total Revenue": 22887000.0,
        "Excise Taxes": 7025000.0,
        "Operating Revenue": 29912000.0
    },
    "2022-09-30": {
        "Tax Effect Of Unusual Items": NaN,
        "Tax Rate For Calcs": NaN,
        "Normalized EBITDA": NaN,
        "Total Unusual Items": NaN,
        "Total Unusual Items Excluding Goodwill": NaN,
        "Net Income From Continuing Operation Net Minority Interest": NaN,
        "Reconciled Depreciation": NaN,
        "Reconciled Cost Of Revenue": NaN,
        "EBITDA": NaN,
        "EBIT": NaN,
        "Net Interest Income": NaN,
        "Interest Income": NaN,
        "Normalized Income": NaN,
        "Net Income From Continuing And Discontinued Operation": NaN,
        "Total Expenses": NaN,
        "Total Operating Income As Reported": NaN,
        "Diluted Average Shares": 378114160.0,
        "Basic Average Shares": 378114160.0,
        "Diluted EPS": -0.1,
        "Basic EPS": -0.1,
        "Diluted NI Availto Com Stockholders": NaN,
        "Net Income Common Stockholders": NaN,
        "Net Income": NaN,
        "Minority Interests": NaN,
        "Net Income Including Noncontrolling Interests": NaN,
        "Net Income Discontinuous Operations": NaN,
        "Net Income Continuous Operations": NaN,
        "Tax Provision": NaN,
        "Pretax Income": NaN,
        "Other Income Expense": NaN,
        "Other Non Operating Income Expenses": NaN,
        "Special Income Charges": NaN,
        "Write Off": NaN,
        "Impairment Of Capital Assets": NaN,
        "Restructuring And Mergern Acquisition": NaN,
        "Earnings From Equity Interest": NaN,
        "Gain On Sale Of Security": NaN,
        "Net Non Operating Interest Income Expense": NaN,
        "Interest Income Non Operating": NaN,
        "Operating Income": NaN,
        "Operating Expense": NaN,
        "Depreciation Amortization Depletion Income Statement": NaN,
        "Depreciation And Amortization In Income Statement": NaN,
        "Research And Development": NaN,
        "Selling General And Administration": NaN,
        "Selling And Marketing Expense": NaN,
        "General And Administrative Expense": NaN,
        "Other Gand A": NaN,
        "Salaries And Wages": NaN,
        "Gross Profit": NaN,
        "Cost Of Revenue": NaN,
        "Total Revenue": NaN,
        "Excise Taxes": NaN,
        "Operating Revenue": NaN
    },
    "2022-06-30": {
        "Tax Effect Of Unusual Items": -42128.838516,
        "Tax Rate For Calcs": 0.014918,
        "Normalized EBITDA": -22561000.0,
        "Total Unusual Items": -2824000.0,
        "Total Unusual Items Excluding Goodwill": -2824000.0,
        "Net Income From Continuing Operation Net Minority Interest": -20221000.0,
        "Reconciled Depreciation": 1411000.0,
        "Reconciled Cost Of Revenue": 18941000.0,
        "EBITDA": -25385000.0,
        "EBIT": -26796000.0,
        "Net Interest Income": 3775000.0,
        "Interest Income": 3775000.0,
        "Normalized Income": -17439128.838516,
        "Net Income From Continuing And Discontinued Operation": -20221000.0,
        "Total Expenses": 49857000.0,
        "Total Operating Income As Reported": -28066000.0,
        "Diluted Average Shares": 376031860.0,
        "Basic Average Shares": 376031860.0,
        "Diluted EPS": -0.05,
        "Basic EPS": -0.05,
        "Diluted NI Availto Com Stockholders": -20221000.0,
        "Net Income Common Stockholders": -20221000.0,
        "Net Income": -20221000.0,
        "Minority Interests": 117000.0,
        "Net Income Including Noncontrolling Interests": -20338000.0,
        "Net Income Discontinuous Operations": 0.0,
        "Net Income Continuous Operations": -20338000.0,
        "Tax Provision": -308000.0,
        "Pretax Income": -20646000.0,
        "Other Income Expense": 2375000.0,
        "Other Non Operating Income Expenses": 2000.0,
        "Special Income Charges": -1270000.0,
        "Write Off": 0.0,
        "Impairment Of Capital Assets": 0.0,
        "Restructuring And Mergern Acquisition": 1270000.0,
        "Earnings From Equity Interest": 5197000.0,
        "Gain On Sale Of Security": -1554000.0,
        "Net Non Operating Interest Income Expense": 3775000.0,
        "Interest Income Non Operating": 3775000.0,
        "Operating Income": -26796000.0,
        "Operating Expense": 30916000.0,
        "Depreciation Amortization Depletion Income Statement": 1411000.0,
        "Depreciation And Amortization In Income Statement": 1411000.0,
        "Research And Development": 4302000.0,
        "Selling General And Administration": 25203000.0,
        "Selling And Marketing Expense": 5582000.0,
        "General And Administrative Expense": 19621000.0,
        "Other Gand A": 17005000.0,
        "Salaries And Wages": 2616000.0,
        "Gross Profit": 4120000.0,
        "Cost Of Revenue": 18941000.0,
        "Total Revenue": 23061000.0,
        "Excise Taxes": 5493000.0,
        "Operating Revenue": 28554000.0
    },
    "2022-03-31": {
        "Diluted EPS": -0.09,
        "Total Revenue": 25,
        "Gross Profit": 7,
        "Operating Income": -33,
        "EBIT": -30,
        "Net Income": -33
    },
    "2021-12-31": {
        "Diluted EPS": -0.36,
        "Total Revenue": 26,
        "Gross Profit": 2,
        "Operating Income": -39,
        "EBIT": -32,
        "Net Income": -134
    },
    "2021-09-30": {
        "Diluted EPS": 0.21,
        "Total Revenue": 20,
        "Gross Profit": -1,
        "Operating Income": -54,
        "EBIT": -51,
        "Net Income": 78
    },
    "2021-06-30": {
        "Diluted EPS": -0.48,
        "Total Revenue": 16,
        "Gross Profit": -16,
        "Operating Income": -60,
        "EBIT": -57,
        "Net Income": -179
    },
    "2021-03-31": {
        "Diluted EPS": -0.44,
        "Total Revenue": 13,
        "Gross Profit": -3,
        "Operating Income": -43,
        "EBIT": -42,
        "Net Income": -161
    },
    "2020-12-31": {
        "Diluted EPS": -0.28,
        "Total Revenue": 17,
        "Gross Profit": -15,
        "Operating Income": -58,
        "EBIT": -52,
        "Net Income": -111
    },
    "2020-09-30": {
        "Diluted EPS": 0.18,
        "Total Revenue": 11,
        "Gross Profit": -2,
        "Operating Income": -41,
        "EBIT": -39,
        "Net Income": 69
    },
    "2020-06-30": {
        "Diluted EPS": -0.31,
        "Total Revenue": 10,
        "Gross Profit": -3,
        "Operating Income": -35,
        "EBIT": -33,
        "Net Income": -107
    },
    "2020-03-31": {
        "Diluted EPS": 0.2,
        "Total Revenue": 8,
        "Gross Profit": -6,
        "Operating Income": -45,
        "EBIT": -44,
        "Net Income": 76
    },
    "2019-12-31": {
        "Diluted EPS": 1.22,
        "Total Revenue": 7,
        "Gross Profit": -20,
        "Operating Income": -64,
        "EBIT": -63,
        "Net Income": 62
    },
    "2019-09-30": {
        "Diluted EPS": 1.62,
        "Total Revenue": 6,
        "Gross Profit": -3,
        "Operating Income": -31,
        "EBIT": -29,
        "Net Income": 604
    },
    "2019-06-30": {
        "Diluted EPS": 0.16,
        "Total Revenue": 8,
        "Gross Profit": 4,
        "Operating Income": -17,
        "EBIT": -16,
        "Net Income": 186
    },
    "2019-03-31": {
        "Diluted EPS": 0.33,
        "Total Revenue": 3,
        "Gross Profit": 2,
        "Operating Income": -10,
        "EBIT": -10,
        "Net Income": 314
    },
    "2018-12-31": {
        "Diluted EPS": -0.09,
        "Total Revenue": 4,
        "Gross Profit": -2,
        "Operating Income": -16,
        "EBIT": -16,
        "Net Income": -16
    },
    "2018-09-30": {
        "Diluted EPS": -0.03,
        "Total Revenue": 3,
        "Gross Profit": 2,
        "Operating Income": -4,
        "EBIT": -3,
        "Net Income": -6
    },
    "2018-06-30": {
        "Diluted EPS": 0.0,
        "Total Revenue": 3,
        "Gross Profit": 5,
        "Operating Income": 0,
        "EBIT": 1,
        "Net Income": 1
    },
    "2018-03-31": {
        "Diluted EPS": -0.01,
        "Total Revenue": 2,
        "Gross Profit": 2,
        "Operating Income": -2,
        "EBIT": -1,
        "Net Income": -1
    },
    "2017-12-31": {
        "Diluted EPS": 0.01,
        "Total Revenue": 1,
        "Gross Profit": 2,
        "Operating Income": 0,
        "EBIT": 0,
        "Net Income": 2
    },
    "2017-09-30": {
        "Diluted EPS": 0.01,
        "Total Revenue": 1,
        "Gross Profit": 2,
        "Operating Income": 0,
        "EBIT": 0,
        "Net Income": 1
    },
    "2017-06-30": {
        "Diluted EPS": 0.0,
        "Total Revenue": 0,
        "Gross Profit": 1,
        "Operating Income": -1,
        "EBIT": -1,
        "Net Income": 0
    },
    "2017-03-31": {
        "Diluted EPS": -0.01,
        "Total Revenue": 0,
        "Gross Profit": 1,
        "Operating Income": -1,
        "EBIT": 0,
        "Net Income": -1
    },
    "2016-12-31": {
        "Diluted EPS": 0.01,
        "Total Revenue": NaN,
        "Gross Profit": NaN,
        "Operating Income": NaN,
        "EBIT": NaN,
        "Net Income": 1
    },
    "2023-06-30": {
        "Tax Effect Of Unusual Items": NaN,
        "Tax Rate For Calcs": NaN,
        "Normalized EBITDA": NaN,
        "Total Unusual Items": NaN,
        "Total Unusual Items Excluding Goodwill": NaN,
        "Net Income From Continuing Operation Net Minority Interest": NaN,
        "Reconciled Depreciation": NaN,
        "Reconciled Cost Of Revenue": NaN,
        "EBITDA": NaN,
        "EBIT": NaN,
        "Net Interest Income": NaN,
        "Interest Income": NaN,
        "Normalized Income": NaN,
        "Net Income From Continuing And Discontinued Operation": NaN,
        "Total Expenses": NaN,
        "Total Operating Income As Reported": NaN,
        "Diluted Average Shares": 380961682.0,
        "Basic Average Shares": 380961682.0,
        "Diluted EPS": -0.02,
        "Basic EPS": -0.02,
        "Diluted NI Availto Com Stockholders": NaN,
        "Net Income Common Stockholders": NaN,
        "Net Income": NaN,
        "Minority Interests": NaN,
        "Net Income Including Noncontrolling Interests": NaN,
        "Net Income Discontinuous Operations": NaN,
        "Net Income Continuous Operations": NaN,
        "Tax Provision": NaN,
        "Pretax Income": NaN,
        "Other Income Expense": NaN,
        "Other Non Operating Income Expenses": NaN,
        "Special Income Charges": NaN,
        "Gain On Sale Of Ppe": NaN,
        "Write Off": NaN,
        "Impairment Of Capital Assets": NaN,
        "Restructuring And Mergern Acquisition": NaN,
        "Earnings From Equity Interest": NaN,
        "Gain On Sale Of Security": NaN,
        "Net Non Operating Interest Income Expense": NaN,
        "Interest Income Non Operating": NaN,
        "Operating Income": NaN,
        "Operating Expense": NaN,
        "Depreciation Amortization Depletion Income Statement": NaN,
        "Depreciation And Amortization In Income Statement": NaN,
        "Research And Development": NaN,
        "Selling General And Administration": NaN,
        "Selling And Marketing Expense": NaN,
        "General And Administrative Expense": NaN,
        "Other Gand A": NaN,
        "Salaries And Wages": NaN,
        "Gross Profit": NaN,
        "Cost Of Revenue": NaN,
        "Total Revenue": NaN,
        "Excise Taxes": NaN,
        "Operating Revenue": NaN
    },
    "2023-09-30": {
        "Tax Effect Of Unusual Items": 840800.0,
        "Tax Rate For Calcs": 0.4,
        "Normalized EBITDA": -20306000.0,
        "Total Unusual Items": 2102000.0,
        "Total Unusual Items Excluding Goodwill": 2102000.0,
        "Net Income From Continuing Operation Net Minority Interest": -1462000.0,
        "Reconciled Depreciation": 2148000.0,
        "Reconciled Cost Of Revenue": 20149000.0,
        "EBITDA": -18204000.0,
        "EBIT": -20352000.0,
        "Net Interest Income": 13375000.0,
        "Interest Income": 13375000.0,
        "Normalized Income": -2723200.0,
        "Net Income From Continuing And Discontinued Operation": -1644000.0,
        "Total Expenses": 45162000.0,
        "Total Operating Income As Reported": -21775000.0,
        "Diluted Average Shares": 381100005.0,
        "Basic Average Shares": 381100005.0,
        "Diluted EPS": -0.004314,
        "Basic EPS": -0.004314,
        "Diluted NI Availto Com Stockholders": -1644000.0,
        "Net Income Common Stockholders": -1644000.0,
        "Net Income": -1644000.0,
        "Minority Interests": 128000.0,
        "Net Income Including Noncontrolling Interests": -1772000.0,
        "Net Income Discontinuous Operations": -182000.0,
        "Net Income Continuous Operations": -1590000.0,
        "Tax Provision": -1254000.0,
        "Pretax Income": -2844000.0,
        "Other Income Expense": 4133000.0,
        "Other Non Operating Income Expenses": 974000.0,
        "Special Income Charges": -1423000.0,
        "Gain On Sale Of Ppe": 0.0,
        "Write Off": 0.0,
        "Impairment Of Capital Assets": 0.0,
        "Restructuring And Mergern Acquisition": 1423000.0,
        "Earnings From Equity Interest": 1057000.0,
        "Gain On Sale Of Security": 3525000.0,
        "Net Non Operating Interest Income Expense": 13375000.0,
        "Interest Income Non Operating": 13375000.0,
        "Operating Income": -20352000.0,
        "Operating Expense": 24322000.0,
        "Depreciation Amortization Depletion Income Statement": 1457000.0,
        "Depreciation And Amortization In Income Statement": 1457000.0,
        "Research And Development": 1246000.0,
        "Selling General And Administration": 21619000.0,
        "Selling And Marketing Expense": 5296000.0,
        "General And Administrative Expense": 16323000.0,
        "Other Gand A": 14366000.0,
        "Salaries And Wages": 1957000.0,
        "Gross Profit": 3970000.0,
        "Cost Of Revenue": 20840000.0,
        "Total Revenue": 24810000.0,
        "Excise Taxes": 9102000.0,
        "Operating Revenue": 33912000.0
    },
    "2023-12-31": {
        "Tax Effect Of Unusual Items": -335367.7133,
        "Tax Rate For Calcs": 0.00791,
        "Normalized EBITDA": 25405000.0,
        "Total Unusual Items": -42397000.0,
        "Total Unusual Items Excluding Goodwill": -42397000.0,
        "Net Income From Continuing Operation Net Minority Interest": -44914000.0,
        "Reconciled Depreciation": 1177000.0,
        "Reconciled Cost Of Revenue": 21354000.0,
        "EBITDA": -16992000.0,
        "EBIT": -18169000.0,
        "Net Interest Income": 14214000.0,
        "Interest Income": 14214000.0,
        "Normalized Income": -2852367.7133,
        "Net Income From Continuing And Discontinued Operation": -44790000.0,
        "Total Expenses": 42084000.0,
        "Total Operating Income As Reported": -21636000.0,
        "Diluted Average Shares": NaN,
        "Basic Average Shares": NaN,
        "Diluted EPS": NaN,
        "Basic EPS": NaN,
        "Diluted NI Availto Com Stockholders": -44790000.0,
        "Net Income Common Stockholders": -44790000.0,
        "Net Income": -44790000.0,
        "Minority Interests": 237000.0,
        "Net Income Including Noncontrolling Interests": -45027000.0,
        "Net Income Discontinuous Operations": 124000.0,
        "Net Income Continuous Operations": -45151000.0,
        "Tax Provision": -360000.0,
        "Pretax Income": -45511000.0,
        "Other Income Expense": -41556000.0,
        "Other Non Operating Income Expenses": 89000.0,
        "Special Income Charges": -26817000.0,
        "Gain On Sale Of Ppe": NaN,
        "Write Off": 23350000.0,
        "Impairment Of Capital Assets": 3366000.0,
        "Restructuring And Mergern Acquisition": 101000.0,
        "Earnings From Equity Interest": 752000.0,
        "Gain On Sale Of Security": -15580000.0,
        "Net Non Operating Interest Income Expense": 14214000.0,
        "Interest Income Non Operating": 14214000.0,
        "Operating Income": -18169000.0,
        "Operating Expense": 20082000.0,
        "Depreciation Amortization Depletion Income Statement": 529000.0,
        "Depreciation And Amortization In Income Statement": 529000.0,
        "Research And Development": 1451000.0,
        "Selling General And Administration": 18102000.0,
        "Selling And Marketing Expense": 6367000.0,
        "General And Administrative Expense": 11735000.0,
        "Other Gand A": 9802000.0,
        "Salaries And Wages": 1933000.0,
        "Gross Profit": 1913000.0,
        "Cost Of Revenue": 22002000.0,
        "Total Revenue": 23915000.0,
        "Excise Taxes": 10091000.0,
        "Operating Revenue": 34006000.0
    },
    "2024-03-31": {
        "Tax Effect Of Unusual Items": -768946.745562,
        "Tax Rate For Calcs": 0.183432,
        "Normalized EBITDA": -7968000.0,
        "Total Unusual Items": -4192000.0,
        "Total Unusual Items Excluding Goodwill": -4192000.0,
        "Net Income From Continuing Operation Net Minority Interest": -2241000.0,
        "Reconciled Depreciation": 1731000.0,
        "Reconciled Cost Of Revenue": 20197000.0,
        "EBITDA": -12160000.0,
        "EBIT": -13891000.0,
        "Net Interest Income": 14245000.0,
        "Interest Income": 14245000.0,
        "Normalized Income": 1182053.254438,
        "Net Income From Continuing And Discontinued Operation": -2241000.0,
        "Total Expenses": 39179000.0,
        "Total Operating Income As Reported": -15948000.0,
        "Diluted Average Shares": 381442597.0,
        "Basic Average Shares": 381442597.0,
        "Diluted EPS": -0.01,
        "Basic EPS": -0.01,
        "Diluted NI Availto Com Stockholders": -2241000.0,
        "Net Income Common Stockholders": -2241000.0,
        "Net Income": -2241000.0,
        "Minority Interests": 243000.0,
        "Net Income Including Noncontrolling Interests": -2484000.0,
        "Net Income Discontinuous Operations": 0.0,
        "Net Income Continuous Operations": -2484000.0,
        "Tax Provision": -558000.0,
        "Pretax Income": -3042000.0,
        "Other Income Expense": -3396000.0,
        "Other Non Operating Income Expenses": -652000.0,
        "Special Income Charges": -14791000.0,
        "Gain On Sale Of Ppe": NaN,
        "Write Off": 12734000.0,
        "Impairment Of Capital Assets": 1974000.0,
        "Restructuring And Mergern Acquisition": 83000.0,
        "Earnings From Equity Interest": 1448000.0,
        "Gain On Sale Of Security": 10599000.0,
        "Net Non Operating Interest Income Expense": 14245000.0,
        "Interest Income Non Operating": 14245000.0,
        "Operating Income": -13891000.0,
        "Operating Expense": 18374000.0,
        "Depreciation Amortization Depletion Income Statement": 1123000.0,
        "Depreciation And Amortization In Income Statement": 1123000.0,
        "Research And Development": 997000.0,
        "Selling General And Administration": 16254000.0,
        "Selling And Marketing Expense": 5332000.0,
        "General And Administrative Expense": 10922000.0,
        "Other Gand A": 8907000.0,
        "Salaries And Wages": 2015000.0,
        "Gross Profit": 4483000.0,
        "Cost Of Revenue": 20805000.0,
        "Total Revenue": 25288000.0,
        "Excise Taxes": 10079000.0,
        "Operating Revenue": 35367000.0
    },
    "2024-06-30": {
        "Tax Effect Of Unusual Items": -2094858.684716,
        "Tax Rate For Calcs": 0.198848,
        "Normalized EBITDA": -2966000.0,
        "Total Unusual Items": -10535000.0,
        "Total Unusual Items Excluding Goodwill": -10535000.0,
        "Net Income From Continuing Operation Net Minority Interest": -8757000.0,
        "Reconciled Depreciation": 1513000.0,
        "Reconciled Cost Of Revenue": 20968000.0,
        "EBITDA": -13501000.0,
        "EBIT": -15014000.0,
        "Net Interest Income": 13451000.0,
        "Interest Income": 13451000.0,
        "Normalized Income": -316858.684716,
        "Net Income From Continuing And Discontinued Operation": -8757000.0,
        "Total Expenses": 42776000.0,
        "Total Operating Income As Reported": -15561000.0,
        "Diluted Average Shares": 382157555.0,
        "Basic Average Shares": 382157555.0,
        "Diluted EPS": -0.02,
        "Basic EPS": -0.02,
        "Diluted NI Availto Com Stockholders": -8757000.0,
        "Net Income Common Stockholders": -8757000.0,
        "Net Income": -8757000.0,
        "Minority Interests": 2000.0,
        "Net Income Including Noncontrolling Interests": -8759000.0,
        "Net Income Discontinuous Operations": 0.0,
        "Net Income Continuous Operations": -8759000.0,
        "Tax Provision": -2174000.0,
        "Pretax Income": -10933000.0,
        "Other Income Expense": -9370000.0,
        "Other Non Operating Income Expenses": 248000.0,
        "Special Income Charges": -13463000.0,
        "Gain On Sale Of Ppe": NaN,
        "Write Off": 12916000.0,
        "Impairment Of Capital Assets": 0.0,
        "Restructuring And Mergern Acquisition": 547000.0,
        "Earnings From Equity Interest": 917000.0,
        "Gain On Sale Of Security": 2928000.0,
        "Net Non Operating Interest Income Expense": 13451000.0,
        "Interest Income Non Operating": 13451000.0,
        "Operating Income": -15014000.0,
        "Operating Expense": 21311000.0,
        "Depreciation Amortization Depletion Income Statement": 1016000.0,
        "Depreciation And Amortization In Income Statement": 1016000.0,
        "Research And Development": 962000.0,
        "Selling General And Administration": 19333000.0,
        "Selling And Marketing Expense": 4330000.0,
        "General And Administrative Expense": 15003000.0,
        "Other Gand A": 12767000.0,
        "Salaries And Wages": 2236000.0,
        "Gross Profit": 6297000.0,
        "Cost Of Revenue": 21465000.0,
        "Total Revenue": 27762000.0,
        "Excise Taxes": 10916000.0,
        "Operating Revenue": 38678000.0
    },
    "2024-09-30": {
        "Tax Effect Of Unusual Items": -3107850.0,
        "Tax Rate For Calcs": 0.15,
        "Normalized EBITDA": 5007000.0,
        "Total Unusual Items": -20719000.0,
        "Total Unusual Items Excluding Goodwill": -20719000.0,
        "Net Income From Continuing Operation Net Minority Interest": 8349000.0,
        "Reconciled Depreciation": 3567000.0,
        "Reconciled Cost Of Revenue": 28184000.0,
        "EBITDA": -15712000.0,
        "EBIT": -19279000.0,
        "Net Interest Income": 12460000.0,
        "Interest Income": 12460000.0,
        "Normalized Income": 25960150.0,
        "Net Income From Continuing And Discontinued Operation": 8349000.0,
        "Total Expenses": 53543000.0,
        "Total Operating Income As Reported": -33655000.0,
        "Diluted Average Shares": 385984407.0,
        "Basic Average Shares": 382285589.0,
        "Diluted EPS": 0.02,
        "Basic EPS": 0.02,
        "Diluted NI Availto Com Stockholders": 8349000.0,
        "Net Income Common Stockholders": 8349000.0,
        "Net Income": 8349000.0,
        "Minority Interests": 1025000.0,
        "Net Income Including Noncontrolling Interests": 7324000.0,
        "Net Income Discontinuous Operations": 0.0,
        "Net Income Continuous Operations": 7324000.0,
        "Tax Provision": -2708000.0,
        "Pretax Income": 4616000.0,
        "Other Income Expense": 11435000.0,
        "Other Non Operating Income Expenses": -315000.0,
        "Special Income Charges": -24798000.0,
        "Gain On Sale Of Ppe": -10422000.0,
        "Write Off": 0.0,
        "Impairment Of Capital Assets": 14376000.0,
        "Restructuring And Mergern Acquisition": 0.0,
        "Earnings From Equity Interest": 32469000.0,
        "Gain On Sale Of Security": 4079000.0,
        "Net Non Operating Interest Income Expense": 12460000.0,
        "Interest Income Non Operating": 12460000.0,
        "Operating Income": -19279000.0,
        "Operating Expense": 22890000.0,
        "Depreciation Amortization Depletion Income Statement": 1098000.0,
        "Depreciation And Amortization In Income Statement": 1098000.0,
        "Research And Development": 1242000.0,
        "Selling General And Administration": 20550000.0,
        "Selling And Marketing Expense": 5528000.0,
        "General And Administrative Expense": 15022000.0,
        "Other Gand A": 12760000.0,
        "Salaries And Wages": 2262000.0,
        "Gross Profit": 3611000.0,
        "Cost Of Revenue": 30653000.0,
        "Total Revenue": 34264000.0,
        "Excise Taxes": 12330000.0,
        "Operating Revenue": 46594000.0
    }
}