{
    "2023-03-31": {
        "Tax Effect Of Unusual Items": NaN,
        "Tax Rate For Calcs": NaN,
        "Normalized EBITDA": NaN,
        "Total Unusual Items": NaN,
        "Total Unusual Items Excluding Goodwill": NaN,
        "Net Income From Continuing Operation Net Minority Interest": NaN,
        "Reconciled Depreciation": NaN,
        "EBITDA": NaN,
        "EBIT": NaN,
        "Net Interest Income": NaN,
        "Interest Income": NaN,
        "Normalized Income": NaN,
        "Net Income From Continuing And Discontinued Operation": NaN,
        "Total Expenses": NaN,
        "Total Operating Income As Reported": NaN,
        "Diluted Average Shares": NaN,
        "Basic Average Shares": NaN,
        "Diluted EPS": NaN,
        "Basic EPS": NaN,
        "Diluted NI Availto Com Stockholders": NaN,
        "Net Income Common Stockholders": NaN,
        "Net Income": NaN,
        "Net Income Including Noncontrolling Interests": NaN,
        "Net Income Continuous Operations": NaN,
        "Pretax Income": NaN,
        "Other Income Expense": NaN,
        "Other Non Operating Income Expenses": 56000.0,
        "Earnings From Equity Interest": NaN,
        "Gain On Sale Of Security": NaN,
        "Net Non Operating Interest Income Expense": NaN,
        "Interest Income Non Operating": NaN,
        "Operating Income": NaN,
        "Operating Expense": NaN,
        "Research And Development": NaN,
        "Selling General And Administration": NaN,
        "General And Administrative Expense": NaN,
        "Other Gand A": NaN,
        "Total Revenue": NaN,
        "Operating Revenue": NaN
    },
    "2022-12-31": {
        "Tax Effect Of Unusual Items": NaN,
        "Tax Rate For Calcs": NaN,
        "Normalized EBITDA": NaN,
        "Total Unusual Items": NaN,
        "Total Unusual Items Excluding Goodwill": NaN,
        "Net Income From Continuing Operation Net Minority Interest": NaN,
        "Reconciled Depreciation": NaN,
        "EBITDA": NaN,
        "EBIT": NaN,
        "Net Interest Income": NaN,
        "Interest Income": NaN,
        "Normalized Income": NaN,
        "Net Income From Continuing And Discontinued Operation": NaN,
        "Total Expenses": NaN,
        "Total Operating Income As Reported": NaN,
        "Diluted Average Shares": NaN,
        "Basic Average Shares": NaN,
        "Diluted EPS": NaN,
        "Basic EPS": NaN,
        "Diluted NI Availto Com Stockholders": NaN,
        "Net Income Common Stockholders": NaN,
        "Net Income": NaN,
        "Net Income Including Noncontrolling Interests": NaN,
        "Net Income Continuous Operations": NaN,
        "Pretax Income": NaN,
        "Other Income Expense": NaN,
        "Other Non Operating Income Expenses": 148000.0,
        "Earnings From Equity Interest": NaN,
        "Gain On Sale Of Security": NaN,
        "Net Non Operating Interest Income Expense": NaN,
        "Interest Income Non Operating": NaN,
        "Operating Income": NaN,
        "Operating Expense": NaN,
        "Research And Development": NaN,
        "Selling General And Administration": NaN,
        "General And Administrative Expense": NaN,
        "Other Gand A": NaN,
        "Total Revenue": NaN,
        "Operating Revenue": NaN
    },
    "2022-09-30": {
        "Tax Effect Of Unusual Items": NaN,
        "Tax Rate For Calcs": NaN,
        "Normalized EBITDA": NaN,
        "Net Income From Continuing Operation Net Minority Interest": NaN,
        "Reconciled Depreciation": NaN,
        "EBITDA": NaN,
        "EBIT": NaN,
        "Net Interest Income": NaN,
        "Interest Income": 225000.0,
        "Normalized Income": NaN,
        "Net Income From Continuing And Discontinued Operation": NaN,
        "Total Expenses": NaN,
        "Total Operating Income As Reported": NaN,
        "Diluted Average Shares": NaN,
        "Basic Average Shares": NaN,
        "Diluted EPS": NaN,
        "Basic EPS": NaN,
        "Diluted NI Availto Com Stockholders": NaN,
        "Net Income Common Stockholders": NaN,
        "Net Income": NaN,
        "Net Income Including Noncontrolling Interests": NaN,
        "Net Income Continuous Operations": NaN,
        "Pretax Income": NaN,
        "Other Income Expense": NaN,
        "Other Non Operating Income Expenses": 147000.0,
        "Earnings From Equity Interest": NaN,
        "Net Non Operating Interest Income Expense": NaN,
        "Interest Income Non Operating": 225000.0,
        "Operating Income": NaN,
        "Operating Expense": NaN,
        "Research And Development": NaN,
        "Selling General And Administration": NaN,
        "General And Administrative Expense": NaN,
        "Other Gand A": NaN,
        "Total Revenue": NaN,
        "Operating Revenue": NaN
    },
    "2022-06-30": {
        "Tax Effect Of Unusual Items": 0.0,
        "Tax Rate For Calcs": 0.0,
        "Normalized EBITDA": -6921000.0,
        "Total Unusual Items": NaN,
        "Total Unusual Items Excluding Goodwill": NaN,
        "Net Income From Continuing Operation Net Minority Interest": -8363000.0,
        "Reconciled Depreciation": 92000.0,
        "EBITDA": -6921000.0,
        "EBIT": -7013000.0,
        "Net Interest Income": 100000.0,
        "Interest Income": 100000.0,
        "Normalized Income": -8363000.0,
        "Net Income From Continuing And Discontinued Operation": -8363000.0,
        "Total Expenses": 7013000.0,
        "Total Operating Income As Reported": -7013000.0,
        "Diluted Average Shares": 46553511.0,
        "Basic Average Shares": 46553511.0,
        "Diluted EPS": -0.18,
        "Basic EPS": -0.18,
        "Diluted NI Availto Com Stockholders": -8363000.0,
        "Net Income Common Stockholders": -8363000.0,
        "Net Income": -8363000.0,
        "Net Income Including Noncontrolling Interests": -8363000.0,
        "Net Income Continuous Operations": -8363000.0,
        "Pretax Income": -8363000.0,
        "Other Income Expense": -1450000.0,
        "Other Non Operating Income Expenses": 146000.0,
        "Special Income Charges": NaN,
        "Gain On Sale Of Ppe": NaN,
        "Earnings From Equity Interest": -1596000.0,
        "Net Non Operating Interest Income Expense": 100000.0,
        "Total Other Finance Cost": NaN,
        "Interest Income Non Operating": 100000.0,
        "Operating Income": -7013000.0,
        "Operating Expense": 7013000.0,
        "Research And Development": 4923000.0,
        "Selling General And Administration": 2090000.0,
        "General And Administrative Expense": 2090000.0,
        "Other Gand A": 2090000.0,
        "Total Revenue": 0.0,
        "Operating Revenue": 0.0
    },
    "2022-03-31": {
        "Diluted EPS": -0.18,
        "Total Revenue": NaN,
        "Gross Profit": NaN,
        "Operating Income": -7,
        "EBIT": -7,
        "Net Income": -8
    },
    "2021-12-31": {
        "Diluted EPS": -0.17,
        "Total Revenue": NaN,
        "Gross Profit": NaN,
        "Operating Income": -7,
        "EBIT": -7,
        "Net Income": -9
    },
    "2021-09-30": {
        "Diluted EPS": -0.24,
        "Total Revenue": NaN,
        "Gross Profit": NaN,
        "Operating Income": -9,
        "EBIT": -9,
        "Net Income": -11
    },
    "2021-06-30": {
        "Diluted EPS": -0.28,
        "Total Revenue": NaN,
        "Gross Profit": NaN,
        "Operating Income": -11,
        "EBIT": -11,
        "Net Income": -12
    },
    "2021-03-31": {
        "Diluted EPS": -0.34,
        "Total Revenue": NaN,
        "Gross Profit": NaN,
        "Operating Income": -11,
        "EBIT": -11,
        "Net Income": -12
    },
    "2020-12-31": {
        "Diluted EPS": 0.93,
        "Total Revenue": NaN,
        "Gross Profit": NaN,
        "Operating Income": -10,
        "EBIT": -10,
        "Net Income": 27
    },
    "2020-09-30": {
        "Diluted EPS": -0.33,
        "Total Revenue": NaN,
        "Gross Profit": NaN,
        "Operating Income": -10,
        "EBIT": -10,
        "Net Income": -10
    },
    "2020-06-30": {
        "Diluted EPS": -0.36,
        "Total Revenue": NaN,
        "Gross Profit": NaN,
        "Operating Income": -11,
        "EBIT": -11,
        "Net Income": -11
    },
    "2020-03-31": {
        "Diluted EPS": -0.44,
        "Total Revenue": NaN,
        "Gross Profit": NaN,
        "Operating Income": -13,
        "EBIT": -13,
        "Net Income": -13
    },
    "2019-12-31": {
        "Diluted EPS": -0.38,
        "Total Revenue": NaN,
        "Gross Profit": NaN,
        "Operating Income": -11,
        "EBIT": -11,
        "Net Income": -11
    },
    "2019-09-30": {
        "Diluted EPS": -0.37,
        "Total Revenue": NaN,
        "Gross Profit": NaN,
        "Operating Income": -12,
        "EBIT": -12,
        "Net Income": -11
    },
    "2019-06-30": {
        "Diluted EPS": -0.44,
        "Total Revenue": NaN,
        "Gross Profit": NaN,
        "Operating Income": -14,
        "EBIT": -14,
        "Net Income": -13
    },
    "2019-03-31": {
        "Diluted EPS": -0.4,
        "Total Revenue": NaN,
        "Gross Profit": NaN,
        "Operating Income": -12,
        "EBIT": -12,
        "Net Income": -12
    },
    "2018-12-31": {
        "Diluted EPS": -0.32,
        "Total Revenue": NaN,
        "Gross Profit": NaN,
        "Operating Income": -11,
        "EBIT": -11,
        "Net Income": -11
    },
    "2018-09-30": {
        "Diluted EPS": -0.36,
        "Total Revenue": NaN,
        "Gross Profit": NaN,
        "Operating Income": -11,
        "EBIT": -11,
        "Net Income": -10
    },
    "2018-06-30": {
        "Diluted EPS": -0.4,
        "Total Revenue": NaN,
        "Gross Profit": NaN,
        "Operating Income": -12,
        "EBIT": -12,
        "Net Income": -12
    },
    "2018-03-31": {
        "Diluted EPS": -0.63,
        "Total Revenue": NaN,
        "Gross Profit": NaN,
        "Operating Income": -15,
        "EBIT": -14,
        "Net Income": -14
    },
    "2017-12-31": {
        "Diluted EPS": -0.58,
        "Total Revenue": NaN,
        "Gross Profit": NaN,
        "Operating Income": -12,
        "EBIT": -12,
        "Net Income": -12
    },
    "2017-09-30": {
        "Diluted EPS": -0.62,
        "Total Revenue": NaN,
        "Gross Profit": NaN,
        "Operating Income": -13,
        "EBIT": -13,
        "Net Income": -13
    },
    "2017-06-30": {
        "Diluted EPS": -0.73,
        "Total Revenue": NaN,
        "Gross Profit": NaN,
        "Operating Income": -15,
        "EBIT": -15,
        "Net Income": -15
    },
    "2017-03-31": {
        "Diluted EPS": -0.79,
        "Total Revenue": NaN,
        "Gross Profit": NaN,
        "Operating Income": -16,
        "EBIT": -16,
        "Net Income": -16
    },
    "2016-12-31": {
        "Diluted EPS": 3.97,
        "Total Revenue": NaN,
        "Gross Profit": NaN,
        "Operating Income": -11,
        "EBIT": -11,
        "Net Income": -11
    },
    "2016-09-30": {
        "Diluted EPS": -0.51,
        "Total Revenue": NaN,
        "Gross Profit": NaN,
        "Operating Income": -10,
        "EBIT": -10,
        "Net Income": -10
    },
    "2016-06-30": {
        "Diluted EPS": -0.43,
        "Total Revenue": NaN,
        "Gross Profit": NaN,
        "Operating Income": -9,
        "EBIT": -8,
        "Net Income": -9
    },
    "2016-03-31": {
        "Diluted EPS": -5.39,
        "Total Revenue": NaN,
        "Gross Profit": NaN,
        "Operating Income": -6,
        "EBIT": -6,
        "Net Income": -6
    },
    "2015-12-31": {
        "Diluted EPS": -11.03,
        "Total Revenue": NaN,
        "Gross Profit": NaN,
        "Operating Income": -6,
        "EBIT": -6,
        "Net Income": -6
    },
    "2015-09-30": {
        "Diluted EPS": -7.97,
        "Total Revenue": NaN,
        "Gross Profit": NaN,
        "Operating Income": -3,
        "EBIT": -3,
        "Net Income": -3
    },
    "2015-06-30": {
        "Diluted EPS": -58.42,
        "Total Revenue": NaN,
        "Gross Profit": NaN,
        "Operating Income": -2,
        "EBIT": -2,
        "Net Income": -20
    },
    "2015-03-31": {
        "Diluted EPS": -6.44,
        "Total Revenue": NaN,
        "Gross Profit": NaN,
        "Operating Income": -2,
        "EBIT": -2,
        "Net Income": -2
    },
    "2014-12-31": {
        "Diluted EPS": 0.0,
        "Total Revenue": NaN,
        "Gross Profit": NaN,
        "Operating Income": NaN,
        "EBIT": NaN,
        "Net Income": NaN
    },
    "2023-06-30": {
        "Tax Effect Of Unusual Items": NaN,
        "Tax Rate For Calcs": NaN,
        "Normalized EBITDA": NaN,
        "Total Unusual Items": NaN,
        "Total Unusual Items Excluding Goodwill": NaN,
        "Net Income From Continuing Operation Net Minority Interest": NaN,
        "Reconciled Depreciation": NaN,
        "EBITDA": NaN,
        "EBIT": NaN,
        "Net Interest Income": NaN,
        "Interest Income": 403000.0,
        "Normalized Income": NaN,
        "Net Income From Continuing And Discontinued Operation": NaN,
        "Total Expenses": NaN,
        "Total Operating Income As Reported": NaN,
        "Diluted Average Shares": 47497414.0,
        "Basic Average Shares": 47497414.0,
        "Diluted EPS": -0.14,
        "Basic EPS": -0.14,
        "Diluted NI Availto Com Stockholders": NaN,
        "Net Income Common Stockholders": NaN,
        "Net Income": NaN,
        "Net Income Including Noncontrolling Interests": NaN,
        "Net Income Continuous Operations": NaN,
        "Pretax Income": NaN,
        "Other Income Expense": NaN,
        "Other Non Operating Income Expenses": NaN,
        "Earnings From Equity Interest": NaN,
        "Gain On Sale Of Security": NaN,
        "Net Non Operating Interest Income Expense": NaN,
        "Interest Income Non Operating": 403000.0,
        "Operating Income": NaN,
        "Operating Expense": NaN,
        "Research And Development": NaN,
        "Selling General And Administration": NaN,
        "General And Administrative Expense": NaN,
        "Other Gand A": NaN,
        "Total Revenue": NaN,
        "Operating Revenue": NaN
    },
    "2023-09-30": {
        "Tax Effect Of Unusual Items": 0.0,
        "Tax Rate For Calcs": 0.0,
        "Normalized EBITDA": -5530000.0,
        "Total Unusual Items": NaN,
        "Total Unusual Items Excluding Goodwill": NaN,
        "Net Income From Continuing Operation Net Minority Interest": -6000000.0,
        "Reconciled Depreciation": 30000.0,
        "EBITDA": -5530000.0,
        "EBIT": -5560000.0,
        "Net Interest Income": 425000.0,
        "Interest Income": 425000.0,
        "Normalized Income": -6000000.0,
        "Net Income From Continuing And Discontinued Operation": -6000000.0,
        "Total Expenses": 5560000.0,
        "Total Operating Income As Reported": -5560000.0,
        "Diluted Average Shares": 48971246.0,
        "Basic Average Shares": 48971246.0,
        "Diluted EPS": -0.12,
        "Basic EPS": -0.12,
        "Diluted NI Availto Com Stockholders": -6000000.0,
        "Net Income Common Stockholders": -6000000.0,
        "Net Income": -6000000.0,
        "Net Income Including Noncontrolling Interests": -6000000.0,
        "Net Income Continuous Operations": -6000000.0,
        "Pretax Income": -6000000.0,
        "Other Income Expense": -865000.0,
        "Other Non Operating Income Expenses": NaN,
        "Earnings From Equity Interest": -865000.0,
        "Gain On Sale Of Security": NaN,
        "Net Non Operating Interest Income Expense": 425000.0,
        "Interest Income Non Operating": 425000.0,
        "Operating Income": -5560000.0,
        "Operating Expense": 5560000.0,
        "Research And Development": 3965000.0,
        "Selling General And Administration": 1595000.0,
        "General And Administrative Expense": 1595000.0,
        "Other Gand A": 1595000.0,
        "Total Revenue": 0.0,
        "Operating Revenue": 0.0
    },
    "2023-12-31": {
        "Tax Effect Of Unusual Items": 0.0,
        "Tax Rate For Calcs": 0.0,
        "Normalized EBITDA": -5623000.0,
        "Total Unusual Items": NaN,
        "Total Unusual Items Excluding Goodwill": NaN,
        "Net Income From Continuing Operation Net Minority Interest": -6653000.0,
        "Reconciled Depreciation": 28000.0,
        "EBITDA": -5623000.0,
        "EBIT": -5651000.0,
        "Net Interest Income": 380000.0,
        "Interest Income": NaN,
        "Normalized Income": -6653000.0,
        "Net Income From Continuing And Discontinued Operation": -6653000.0,
        "Total Expenses": 5651000.0,
        "Total Operating Income As Reported": -5651000.0,
        "Diluted Average Shares": NaN,
        "Basic Average Shares": NaN,
        "Diluted EPS": NaN,
        "Basic EPS": NaN,
        "Diluted NI Availto Com Stockholders": -6653000.0,
        "Net Income Common Stockholders": -6653000.0,
        "Net Income": -6653000.0,
        "Net Income Including Noncontrolling Interests": -6653000.0,
        "Net Income Continuous Operations": -6653000.0,
        "Pretax Income": -6653000.0,
        "Other Income Expense": -1382000.0,
        "Other Non Operating Income Expenses": 22000.0,
        "Earnings From Equity Interest": -1404000.0,
        "Gain On Sale Of Security": NaN,
        "Net Non Operating Interest Income Expense": 380000.0,
        "Interest Income Non Operating": NaN,
        "Operating Income": -5651000.0,
        "Operating Expense": 5651000.0,
        "Research And Development": 3999000.0,
        "Selling General And Administration": 1652000.0,
        "General And Administrative Expense": 1652000.0,
        "Other Gand A": 1652000.0,
        "Total Revenue": 0.0,
        "Operating Revenue": 0.0
    },
    "2024-03-31": {
        "Tax Effect Of Unusual Items": 0.0,
        "Tax Rate For Calcs": 0.0,
        "Normalized EBITDA": -6230000.0,
        "Total Unusual Items": NaN,
        "Total Unusual Items Excluding Goodwill": NaN,
        "Net Income From Continuing Operation Net Minority Interest": -5701000.0,
        "Reconciled Depreciation": 23000.0,
        "EBITDA": -6230000.0,
        "EBIT": -6253000.0,
        "Net Interest Income": 316000.0,
        "Interest Income": 316000.0,
        "Normalized Income": -5701000.0,
        "Net Income From Continuing And Discontinued Operation": -5701000.0,
        "Total Expenses": 6253000.0,
        "Total Operating Income As Reported": -6253000.0,
        "Diluted Average Shares": 49038582.0,
        "Basic Average Shares": 49038582.0,
        "Diluted EPS": -0.12,
        "Basic EPS": -0.12,
        "Diluted NI Availto Com Stockholders": -5701000.0,
        "Net Income Common Stockholders": -5701000.0,
        "Net Income": -5701000.0,
        "Net Income Including Noncontrolling Interests": -5701000.0,
        "Net Income Continuous Operations": -5701000.0,
        "Pretax Income": -5701000.0,
        "Other Income Expense": 236000.0,
        "Other Non Operating Income Expenses": NaN,
        "Earnings From Equity Interest": 236000.0,
        "Gain On Sale Of Security": NaN,
        "Net Non Operating Interest Income Expense": 316000.0,
        "Interest Income Non Operating": 316000.0,
        "Operating Income": -6253000.0,
        "Operating Expense": 6253000.0,
        "Research And Development": 4075000.0,
        "Selling General And Administration": 2178000.0,
        "General And Administrative Expense": 2178000.0,
        "Other Gand A": 2178000.0,
        "Total Revenue": 0.0,
        "Operating Revenue": 0.0
    },
    "2024-06-30": {
        "Tax Effect Of Unusual Items": 0.0,
        "Tax Rate For Calcs": 0.0,
        "Normalized EBITDA": -7730000.0,
        "Total Unusual Items": 1816000.0,
        "Total Unusual Items Excluding Goodwill": 1816000.0,
        "Net Income From Continuing Operation Net Minority Interest": -4262000.0,
        "Reconciled Depreciation": 21000.0,
        "EBITDA": -5914000.0,
        "EBIT": -5935000.0,
        "Net Interest Income": 434000.0,
        "Interest Income": 434000.0,
        "Normalized Income": -6078000.0,
        "Net Income From Continuing And Discontinued Operation": -4262000.0,
        "Total Expenses": 5935000.0,
        "Total Operating Income As Reported": -5935000.0,
        "Diluted Average Shares": 59710265.0,
        "Basic Average Shares": 59710265.0,
        "Diluted EPS": -0.07,
        "Basic EPS": -0.07,
        "Diluted NI Availto Com Stockholders": -4262000.0,
        "Net Income Common Stockholders": -4262000.0,
        "Net Income": -4262000.0,
        "Net Income Including Noncontrolling Interests": -4262000.0,
        "Net Income Continuous Operations": -4262000.0,
        "Pretax Income": -4262000.0,
        "Other Income Expense": 1239000.0,
        "Other Non Operating Income Expenses": NaN,
        "Earnings From Equity Interest": -577000.0,
        "Gain On Sale Of Security": 1816000.0,
        "Net Non Operating Interest Income Expense": 434000.0,
        "Interest Income Non Operating": 434000.0,
        "Operating Income": -5935000.0,
        "Operating Expense": 5935000.0,
        "Research And Development": 4114000.0,
        "Selling General And Administration": 1821000.0,
        "General And Administrative Expense": 1821000.0,
        "Other Gand A": 1821000.0,
        "Total Revenue": 0.0,
        "Operating Revenue": 0.0
    },
    "2024-09-30": {
        "Tax Effect Of Unusual Items": 0.0,
        "Tax Rate For Calcs": 0.0,
        "Normalized EBITDA": 25612000.0,
        "Total Unusual Items": -32846000.0,
        "Total Unusual Items Excluding Goodwill": -32846000.0,
        "Net Income From Continuing Operation Net Minority Interest": -40217000.0,
        "Reconciled Depreciation": 21000.0,
        "EBITDA": -7234000.0,
        "EBIT": -7255000.0,
        "Net Interest Income": 566000.0,
        "Interest Income": 566000.0,
        "Normalized Income": -7371000.0,
        "Net Income From Continuing And Discontinued Operation": -40217000.0,
        "Total Expenses": 7255000.0,
        "Total Operating Income As Reported": -7255000.0,
        "Diluted Average Shares": 66701086.0,
        "Basic Average Shares": 66701086.0,
        "Diluted EPS": -0.6,
        "Basic EPS": -0.6,
        "Diluted NI Availto Com Stockholders": -40217000.0,
        "Net Income Common Stockholders": -40217000.0,
        "Net Income": -40217000.0,
        "Net Income Including Noncontrolling Interests": -40217000.0,
        "Net Income Continuous Operations": -40217000.0,
        "Pretax Income": -40217000.0,
        "Other Income Expense": -33528000.0,
        "Other Non Operating Income Expenses": NaN,
        "Earnings From Equity Interest": -682000.0,
        "Gain On Sale Of Security": -32846000.0,
        "Net Non Operating Interest Income Expense": 566000.0,
        "Interest Income Non Operating": 566000.0,
        "Operating Income": -7255000.0,
        "Operating Expense": 7255000.0,
        "Research And Development": 5222000.0,
        "Selling General And Administration": 2033000.0,
        "General And Administrative Expense": 2033000.0,
        "Other Gand A": 2033000.0,
        "Total Revenue": 0.0,
        "Operating Revenue": 0.0
    }
}