{
    "2023-03-31": {
        "Tax Effect Of Unusual Items": NaN,
        "Tax Rate For Calcs": NaN,
        "Normalized EBITDA": NaN,
        "Total Unusual Items": NaN,
        "Total Unusual Items Excluding Goodwill": NaN,
        "Net Income From Continuing Operation Net Minority Interest": NaN,
        "Reconciled Depreciation": NaN,
        "Reconciled Cost Of Revenue": NaN,
        "EBITDA": NaN,
        "EBIT": NaN,
        "Net Interest Income": NaN,
        "Interest Expense": NaN,
        "Interest Income": NaN,
        "Normalized Income": NaN,
        "Net Income From Continuing And Discontinued Operation": NaN,
        "Total Expenses": NaN,
        "Diluted Average Shares": NaN,
        "Basic Average Shares": NaN,
        "Diluted EPS": NaN,
        "Basic EPS": NaN,
        "Diluted NI Availto Com Stockholders": NaN,
        "Average Dilution Earnings": -59000.0,
        "Net Income Common Stockholders": NaN,
        "Net Income": NaN,
        "Minority Interests": NaN,
        "Net Income Including Noncontrolling Interests": NaN,
        "Net Income Discontinuous Operations": NaN,
        "Net Income Continuous Operations": NaN,
        "Tax Provision": NaN,
        "Pretax Income": NaN,
        "Other Income Expense": NaN,
        "Other Non Operating Income Expenses": 430297000.0,
        "Special Income Charges": NaN,
        "Gain On Sale Of Ppe": NaN,
        "Gain On Sale Of Business": NaN,
        "Other Special Charges": NaN,
        "Write Off": NaN,
        "Restructuring And Mergern Acquisition": NaN,
        "Earnings From Equity Interest": NaN,
        "Gain On Sale Of Security": NaN,
        "Net Non Operating Interest Income Expense": NaN,
        "Total Other Finance Cost": NaN,
        "Interest Expense Non Operating": NaN,
        "Interest Income Non Operating": NaN,
        "Operating Income": NaN,
        "Operating Expense": NaN,
        "Other Operating Expenses": NaN,
        "Other Taxes": NaN,
        "Selling General And Administration": NaN,
        "Selling And Marketing Expense": NaN,
        "General And Administrative Expense": NaN,
        "Other Gand A": NaN,
        "Gross Profit": NaN,
        "Cost Of Revenue": NaN,
        "Total Revenue": NaN,
        "Excise Taxes": NaN,
        "Operating Revenue": NaN
    },
    "2022-12-31": {
        "Tax Effect Of Unusual Items": NaN,
        "Tax Rate For Calcs": NaN,
        "Normalized EBITDA": NaN,
        "Total Unusual Items": NaN,
        "Total Unusual Items Excluding Goodwill": NaN,
        "Net Income From Continuing Operation Net Minority Interest": NaN,
        "Reconciled Depreciation": NaN,
        "Reconciled Cost Of Revenue": NaN,
        "EBITDA": NaN,
        "EBIT": NaN,
        "Net Interest Income": NaN,
        "Interest Expense": NaN,
        "Interest Income": NaN,
        "Normalized Income": NaN,
        "Net Income From Continuing And Discontinued Operation": NaN,
        "Total Expenses": NaN,
        "Diluted Average Shares": NaN,
        "Basic Average Shares": NaN,
        "Diluted EPS": NaN,
        "Basic EPS": NaN,
        "Diluted NI Availto Com Stockholders": NaN,
        "Average Dilution Earnings": -488000.0,
        "Net Income Common Stockholders": NaN,
        "Net Income": NaN,
        "Minority Interests": NaN,
        "Net Income Including Noncontrolling Interests": NaN,
        "Net Income Discontinuous Operations": NaN,
        "Net Income Continuous Operations": NaN,
        "Tax Provision": NaN,
        "Pretax Income": NaN,
        "Other Income Expense": NaN,
        "Other Non Operating Income Expenses": NaN,
        "Special Income Charges": NaN,
        "Gain On Sale Of Ppe": NaN,
        "Gain On Sale Of Business": NaN,
        "Other Special Charges": NaN,
        "Write Off": -243000.0,
        "Restructuring And Mergern Acquisition": -6395000.0,
        "Earnings From Equity Interest": NaN,
        "Gain On Sale Of Security": NaN,
        "Net Non Operating Interest Income Expense": NaN,
        "Total Other Finance Cost": NaN,
        "Interest Expense Non Operating": NaN,
        "Interest Income Non Operating": NaN,
        "Operating Income": NaN,
        "Operating Expense": NaN,
        "Other Operating Expenses": NaN,
        "Other Taxes": -36886000.0,
        "Selling General And Administration": NaN,
        "Selling And Marketing Expense": NaN,
        "General And Administrative Expense": NaN,
        "Other Gand A": NaN,
        "Gross Profit": NaN,
        "Cost Of Revenue": NaN,
        "Total Revenue": NaN,
        "Excise Taxes": NaN,
        "Operating Revenue": NaN
    },
    "2022-09-30": {
        "Tax Effect Of Unusual Items": NaN,
        "Tax Rate For Calcs": NaN,
        "Normalized EBITDA": NaN,
        "Total Unusual Items": NaN,
        "Total Unusual Items Excluding Goodwill": NaN,
        "Net Income From Continuing Operation Net Minority Interest": NaN,
        "Reconciled Depreciation": NaN,
        "Reconciled Cost Of Revenue": NaN,
        "EBITDA": NaN,
        "EBIT": NaN,
        "Net Interest Income": NaN,
        "Interest Expense": NaN,
        "Interest Income": NaN,
        "Normalized Income": NaN,
        "Net Income From Continuing And Discontinued Operation": NaN,
        "Total Expenses": NaN,
        "Diluted Average Shares": 468368250.0,
        "Basic Average Shares": 467154500.0,
        "Diluted EPS": -0.0328,
        "Basic EPS": -0.032,
        "Diluted NI Availto Com Stockholders": NaN,
        "Average Dilution Earnings": NaN,
        "Net Income Common Stockholders": NaN,
        "Net Income": NaN,
        "Minority Interests": NaN,
        "Net Income Including Noncontrolling Interests": NaN,
        "Net Income Continuous Operations": NaN,
        "Tax Provision": NaN,
        "Pretax Income": NaN,
        "Other Income Expense": NaN,
        "Other Non Operating Income Expenses": NaN,
        "Special Income Charges": NaN,
        "Gain On Sale Of Ppe": NaN,
        "Other Special Charges": NaN,
        "Write Off": 243000.0,
        "Restructuring And Mergern Acquisition": 0.0,
        "Earnings From Equity Interest": NaN,
        "Gain On Sale Of Security": NaN,
        "Net Non Operating Interest Income Expense": NaN,
        "Total Other Finance Cost": NaN,
        "Interest Expense Non Operating": NaN,
        "Interest Income Non Operating": NaN,
        "Operating Income": NaN,
        "Operating Expense": NaN,
        "Other Operating Expenses": NaN,
        "Other Taxes": -203000.0,
        "Selling General And Administration": NaN,
        "Selling And Marketing Expense": NaN,
        "General And Administrative Expense": NaN,
        "Other Gand A": NaN,
        "Gross Profit": NaN,
        "Cost Of Revenue": NaN,
        "Total Revenue": NaN,
        "Excise Taxes": NaN,
        "Operating Revenue": NaN
    },
    "2022-06-30": {
        "Tax Effect Of Unusual Items": -226989200.0,
        "Tax Rate For Calcs": 0.4,
        "Normalized EBITDA": 2576554000.0,
        "Total Unusual Items": -567473000.0,
        "Total Unusual Items Excluding Goodwill": -567473000.0,
        "Net Income From Continuing Operation Net Minority Interest": -125294000.0,
        "Reconciled Depreciation": 728842000.0,
        "Reconciled Cost Of Revenue": 7278880000.0,
        "EBITDA": 2009081000.0,
        "EBIT": 1280239000.0,
        "Net Interest Income": -1318859000.0,
        "Interest Expense": 1343923000.0,
        "Interest Income": 63333000.0,
        "Normalized Income": 215189800.0,
        "Net Income From Continuing And Discontinued Operation": -125294000.0,
        "Total Expenses": 7938670000.0,
        "Diluted Average Shares": 468770500.0,
        "Basic Average Shares": 467154500.0,
        "Diluted EPS": -0.2692,
        "Basic EPS": -0.2684,
        "Diluted NI Availto Com Stockholders": -126138000.0,
        "Average Dilution Earnings": -844000.0,
        "Net Income Common Stockholders": -125294000.0,
        "Net Income": -125294000.0,
        "Minority Interests": -177162000.0,
        "Net Income Including Noncontrolling Interests": 51868000.0,
        "Net Income Continuous Operations": 51868000.0,
        "Tax Provision": -115552000.0,
        "Pretax Income": -63684000.0,
        "Other Income Expense": -377242000.0,
        "Other Non Operating Income Expenses": -15797000.0,
        "Special Income Charges": 23842000.0,
        "Gain On Sale Of Ppe": -14715000.0,
        "Other Special Charges": 54389000.0,
        "Write Off": NaN,
        "Restructuring And Mergern Acquisition": -92946000.0,
        "Earnings From Equity Interest": 206028000.0,
        "Gain On Sale Of Security": -591315000.0,
        "Net Non Operating Interest Income Expense": -1318859000.0,
        "Total Other Finance Cost": 38269000.0,
        "Interest Expense Non Operating": 1343923000.0,
        "Interest Income Non Operating": 63333000.0,
        "Operating Income": 1632417000.0,
        "Operating Expense": 659790000.0,
        "Other Operating Expenses": -16693000.0,
        "Other Taxes": -48995000.0,
        "Selling General And Administration": 708785000.0,
        "Selling And Marketing Expense": 261020000.0,
        "General And Administrative Expense": 447765000.0,
        "Other Gand A": 447765000.0,
        "Gross Profit": 2292207000.0,
        "Cost Of Revenue": 7278880000.0,
        "Total Revenue": 9571087000.0,
        "Excise Taxes": 1927766000.0,
        "Operating Revenue": 11498853000.0
    },
    "2021-06-30": {
        "Diluted EPS": 0.1,
        "Total Revenue": NaN,
        "Gross Profit": 305,
        "Operating Income": 232,
        "EBIT": 232,
        "Net Income": 178
    },
    "2020-09-30": {
        "Diluted EPS": 0.19,
        "Total Revenue": NaN,
        "Gross Profit": 350,
        "Operating Income": 222,
        "EBIT": 338,
        "Net Income": 41
    },
    "2020-06-30": {
        "Diluted EPS": 0.09,
        "Total Revenue": 779,
        "Gross Profit": 258,
        "Operating Income": 180,
        "EBIT": 285,
        "Net Income": 19
    },
    "2020-03-31": {
        "Diluted EPS": 0.64,
        "Total Revenue": NaN,
        "Gross Profit": 310,
        "Operating Income": 149,
        "EBIT": 276,
        "Net Income": 146
    },
    "2019-12-31": {
        "Diluted EPS": 0.39,
        "Total Revenue": NaN,
        "Gross Profit": 399,
        "Operating Income": 209,
        "EBIT": 356,
        "Net Income": 88
    },
    "2019-09-30": {
        "Diluted EPS": 0.59,
        "Total Revenue": NaN,
        "Gross Profit": 496,
        "Operating Income": 471,
        "EBIT": 618,
        "Net Income": 142
    },
    "2019-06-30": {
        "Diluted EPS": 0.22,
        "Total Revenue": NaN,
        "Gross Profit": 407,
        "Operating Income": 268,
        "EBIT": 404,
        "Net Income": 53
    },
    "2019-03-31": {
        "Diluted EPS": 0.21,
        "Total Revenue": NaN,
        "Gross Profit": 332,
        "Operating Income": 192,
        "EBIT": 341,
        "Net Income": 51
    },
    "2018-12-31": {
        "Diluted EPS": 0.83,
        "Total Revenue": NaN,
        "Gross Profit": 303,
        "Operating Income": 383,
        "EBIT": 586,
        "Net Income": 212
    },
    "2018-09-30": {
        "Diluted EPS": 0.06,
        "Total Revenue": NaN,
        "Gross Profit": 349,
        "Operating Income": 211,
        "EBIT": 323,
        "Net Income": 16
    },
    "2018-06-30": {
        "Diluted EPS": 0.03,
        "Total Revenue": NaN,
        "Gross Profit": 323,
        "Operating Income": 183,
        "EBIT": 324,
        "Net Income": 6
    },
    "2018-03-31": {
        "Diluted EPS": 0.13,
        "Total Revenue": NaN,
        "Gross Profit": 318,
        "Operating Income": 169,
        "EBIT": 331,
        "Net Income": 33
    },
    "2017-12-31": {
        "Diluted EPS": 0.45,
        "Total Revenue": NaN,
        "Gross Profit": 323,
        "Operating Income": 448,
        "EBIT": 645,
        "Net Income": 101
    },
    "2017-09-30": {
        "Diluted EPS": 0.26,
        "Total Revenue": NaN,
        "Gross Profit": 413,
        "Operating Income": 254,
        "EBIT": 415,
        "Net Income": 78
    },
    "2017-06-30": {
        "Diluted EPS": -0.07,
        "Total Revenue": NaN,
        "Gross Profit": 364,
        "Operating Income": 198,
        "EBIT": 349,
        "Net Income": -14
    },
    "2017-03-31": {
        "Diluted EPS": 0.01,
        "Total Revenue": 887,
        "Gross Profit": 263,
        "Operating Income": 110,
        "EBIT": 268,
        "Net Income": 7
    },
    "2016-12-31": {
        "Diluted EPS": -0.01,
        "Total Revenue": 811,
        "Gross Profit": 155,
        "Operating Income": -14,
        "EBIT": 130,
        "Net Income": -10
    },
    "2016-09-30": {
        "Diluted EPS": 0.17,
        "Total Revenue": NaN,
        "Gross Profit": 382,
        "Operating Income": 223,
        "EBIT": 399,
        "Net Income": 49
    },
    "2016-06-30": {
        "Diluted EPS": 0.01,
        "Total Revenue": 961,
        "Gross Profit": 391,
        "Operating Income": 232,
        "EBIT": 369,
        "Net Income": 8
    },
    "2016-03-31": {
        "Diluted EPS": 0.11,
        "Total Revenue": 807,
        "Gross Profit": 277,
        "Operating Income": 145,
        "EBIT": 242,
        "Net Income": 34
    },
    "2015-12-31": {
        "Diluted EPS": 0.46,
        "Total Revenue": NaN,
        "Gross Profit": 372,
        "Operating Income": 350,
        "EBIT": 514,
        "Net Income": 121
    },
    "2015-09-30": {
        "Diluted EPS": 0.03,
        "Total Revenue": NaN,
        "Gross Profit": 306,
        "Operating Income": 169,
        "EBIT": 246,
        "Net Income": 14
    },
    "2015-06-30": {
        "Diluted EPS": 0.04,
        "Total Revenue": 691,
        "Gross Profit": -14,
        "Operating Income": -149,
        "EBIT": -51,
        "Net Income": 16
    },
    "2015-03-31": {
        "Diluted EPS": -0.01,
        "Total Revenue": 705,
        "Gross Profit": 144,
        "Operating Income": -31,
        "EBIT": 27,
        "Net Income": 3
    },
    "2014-12-31": {
        "Diluted EPS": 0.03,
        "Total Revenue": 706,
        "Gross Profit": 42,
        "Operating Income": -117,
        "EBIT": -50,
        "Net Income": 9
    },
    "2014-09-30": {
        "Diluted EPS": 0.01,
        "Total Revenue": 943,
        "Gross Profit": 205,
        "Operating Income": 35,
        "EBIT": 109,
        "Net Income": 8
    },
    "2014-06-30": {
        "Diluted EPS": 0.03,
        "Total Revenue": 987,
        "Gross Profit": 293,
        "Operating Income": 115,
        "EBIT": 196,
        "Net Income": 17
    },
    "2014-03-31": {
        "Diluted EPS": 0.19,
        "Total Revenue": 976,
        "Gross Profit": 331,
        "Operating Income": 167,
        "EBIT": 235,
        "Net Income": 64
    },
    "2013-12-31": {
        "Diluted EPS": 0.68,
        "Total Revenue": NaN,
        "Gross Profit": NaN,
        "Operating Income": NaN,
        "EBIT": NaN,
        "Net Income": 196
    },
    "2013-09-30": {
        "Diluted EPS": 0.2,
        "Total Revenue": NaN,
        "Gross Profit": 316,
        "Operating Income": 151,
        "EBIT": 212,
        "Net Income": 53
    },
    "2013-06-30": {
        "Diluted EPS": -0.23,
        "Total Revenue": NaN,
        "Gross Profit": 304,
        "Operating Income": 139,
        "EBIT": -569,
        "Net Income": -62
    },
    "2013-03-31": {
        "Diluted EPS": 0.06,
        "Total Revenue": NaN,
        "Gross Profit": 499,
        "Operating Income": 122,
        "EBIT": 891,
        "Net Income": 15
    },
    "2012-12-31": {
        "Diluted EPS": 0.36,
        "Total Revenue": NaN,
        "Gross Profit": 662,
        "Operating Income": 345,
        "EBIT": 562,
        "Net Income": 98
    },
    "2012-09-30": {
        "Diluted EPS": 0.32,
        "Total Revenue": NaN,
        "Gross Profit": 382,
        "Operating Income": 168,
        "EBIT": 350,
        "Net Income": 132
    },
    "2012-06-30": {
        "Diluted EPS": -0.05,
        "Total Revenue": NaN,
        "Gross Profit": 243,
        "Operating Income": 85,
        "EBIT": -459,
        "Net Income": -13
    },
    "2012-03-31": {
        "Diluted EPS": 0.0,
        "Total Revenue": NaN,
        "Gross Profit": 363,
        "Operating Income": 56,
        "EBIT": 733,
        "Net Income": 596
    },
    "2011-12-31": {
        "Diluted EPS": 0.12,
        "Total Revenue": NaN,
        "Gross Profit": 357,
        "Operating Income": 133,
        "EBIT": 235,
        "Net Income": 31
    },
    "2011-09-30": {
        "Diluted EPS": 0.0,
        "Total Revenue": NaN,
        "Gross Profit": 470,
        "Operating Income": 190,
        "EBIT": 441,
        "Net Income": 52
    },
    "2011-06-30": {
        "Diluted EPS": 2.28,
        "Total Revenue": NaN,
        "Gross Profit": 369,
        "Operating Income": 124,
        "EBIT": -147,
        "Net Income": 618
    },
    "2011-03-31": {
        "Diluted EPS": 0.0,
        "Total Revenue": NaN,
        "Gross Profit": 751,
        "Operating Income": 487,
        "EBIT": 919,
        "Net Income": 381
    },
    "2010-12-31": {
        "Diluted EPS": 0.0,
        "Total Revenue": NaN,
        "Gross Profit": 316,
        "Operating Income": 67,
        "EBIT": 241,
        "Net Income": 4
    },
    "2010-09-30": {
        "Diluted EPS": 0.0,
        "Total Revenue": NaN,
        "Gross Profit": 390,
        "Operating Income": 159,
        "EBIT": 361,
        "Net Income": 77
    },
    "2010-06-30": {
        "Diluted EPS": -0.04,
        "Total Revenue": NaN,
        "Gross Profit": 239,
        "Operating Income": 48,
        "EBIT": -295,
        "Net Income": -12
    },
    "2010-03-31": {
        "Diluted EPS": 0.0,
        "Total Revenue": NaN,
        "Gross Profit": 397,
        "Operating Income": 178,
        "EBIT": 666,
        "Net Income": 298
    },
    "2009-12-31": {
        "Diluted EPS": 0.0,
        "Total Revenue": NaN,
        "Gross Profit": 244,
        "Operating Income": 10,
        "EBIT": 183,
        "Net Income": 21
    },
    "2009-09-30": {
        "Diluted EPS": 0.0,
        "Total Revenue": NaN,
        "Gross Profit": 260,
        "Operating Income": 82,
        "EBIT": 190,
        "Net Income": 64
    },
    "2009-06-30": {
        "Diluted EPS": 0.0,
        "Total Revenue": NaN,
        "Gross Profit": 159,
        "Operating Income": 49,
        "EBIT": -143,
        "Net Income": 123
    },
    "2009-03-31": {
        "Diluted EPS": 0.0,
        "Total Revenue": NaN,
        "Gross Profit": NaN,
        "Operating Income": NaN,
        "EBIT": NaN,
        "Net Income": NaN
    },
    "2023-06-30": {
        "Tax Effect Of Unusual Items": NaN,
        "Tax Rate For Calcs": NaN,
        "Normalized EBITDA": NaN,
        "Total Unusual Items": NaN,
        "Total Unusual Items Excluding Goodwill": NaN,
        "Net Income From Continuing Operation Net Minority Interest": NaN,
        "Reconciled Depreciation": NaN,
        "Reconciled Cost Of Revenue": NaN,
        "EBITDA": NaN,
        "EBIT": NaN,
        "Net Interest Income": NaN,
        "Interest Expense": NaN,
        "Interest Income": NaN,
        "Normalized Income": NaN,
        "Net Income From Continuing And Discontinued Operation": NaN,
        "Total Expenses": NaN,
        "Diluted Average Shares": 466657500.0,
        "Basic Average Shares": 466657500.0,
        "Diluted EPS": -2.234403,
        "Basic EPS": -2.234403,
        "Diluted NI Availto Com Stockholders": NaN,
        "Average Dilution Earnings": -133000.0,
        "Net Income Common Stockholders": NaN,
        "Net Income": NaN,
        "Minority Interests": NaN,
        "Net Income Including Noncontrolling Interests": NaN,
        "Net Income Discontinuous Operations": 15907000.0,
        "Net Income Continuous Operations": NaN,
        "Tax Provision": NaN,
        "Pretax Income": NaN,
        "Other Income Expense": NaN,
        "Other Non Operating Income Expenses": -132888000.0,
        "Special Income Charges": NaN,
        "Gain On Sale Of Ppe": NaN,
        "Gain On Sale Of Business": 0.0,
        "Other Special Charges": NaN,
        "Write Off": 0.0,
        "Restructuring And Mergern Acquisition": 0.0,
        "Earnings From Equity Interest": NaN,
        "Gain On Sale Of Security": NaN,
        "Net Non Operating Interest Income Expense": NaN,
        "Total Other Finance Cost": NaN,
        "Interest Expense Non Operating": NaN,
        "Interest Income Non Operating": NaN,
        "Operating Income": NaN,
        "Operating Expense": NaN,
        "Other Operating Expenses": 132888000.0,
        "Other Taxes": 0.0,
        "Selling General And Administration": NaN,
        "Selling And Marketing Expense": NaN,
        "General And Administrative Expense": NaN,
        "Other Gand A": NaN,
        "Gross Profit": NaN,
        "Cost Of Revenue": NaN,
        "Total Revenue": NaN,
        "Excise Taxes": NaN,
        "Operating Revenue": NaN
    },
    "2023-09-30": {
        "Tax Effect Of Unusual Items": 141716611.787961,
        "Tax Rate For Calcs": 0.227568,
        "Normalized EBITDA": 3802047000.0,
        "Total Unusual Items": 622744000.0,
        "Total Unusual Items Excluding Goodwill": 622744000.0,
        "Net Income From Continuing Operation Net Minority Interest": 649240000.0,
        "Reconciled Depreciation": 867633000.0,
        "Reconciled Cost Of Revenue": 7064945000.0,
        "EBITDA": 4424791000.0,
        "EBIT": 3557158000.0,
        "Net Interest Income": -1430502000.0,
        "Interest Expense": 1359560000.0,
        "Interest Income": 111197000.0,
        "Normalized Income": 168212611.787961,
        "Net Income From Continuing And Discontinued Operation": 678752000.0,
        "Total Expenses": 7335219000.0,
        "Diluted Average Shares": 466875015.0,
        "Basic Average Shares": 466875015.0,
        "Diluted EPS": 1.453819,
        "Basic EPS": 1.453819,
        "Diluted NI Availto Com Stockholders": 678752000.0,
        "Average Dilution Earnings": -374000.0,
        "Net Income Common Stockholders": 678752000.0,
        "Net Income": 678752000.0,
        "Minority Interests": -1048255000.0,
        "Net Income Including Noncontrolling Interests": 1727007000.0,
        "Net Income Discontinuous Operations": 29512000.0,
        "Net Income Continuous Operations": 1697495000.0,
        "Tax Provision": 500103000.0,
        "Pretax Income": 2197598000.0,
        "Other Income Expense": 667608000.0,
        "Other Non Operating Income Expenses": 731167000.0,
        "Special Income Charges": -64859000.0,
        "Gain On Sale Of Ppe": -4182000.0,
        "Gain On Sale Of Business": 0.0,
        "Other Special Charges": 60677000.0,
        "Write Off": 0.0,
        "Restructuring And Mergern Acquisition": 0.0,
        "Earnings From Equity Interest": 44864000.0,
        "Gain On Sale Of Security": 687603000.0,
        "Net Non Operating Interest Income Expense": -1430502000.0,
        "Total Other Finance Cost": 182139000.0,
        "Interest Expense Non Operating": 1359560000.0,
        "Interest Income Non Operating": 111197000.0,
        "Operating Income": 2960492000.0,
        "Operating Expense": 270274000.0,
        "Other Operating Expenses": -731167000.0,
        "Other Taxes": -6098000.0,
        "Selling General And Administration": 1007539000.0,
        "Selling And Marketing Expense": 329465000.0,
        "General And Administrative Expense": 678074000.0,
        "Other Gand A": 678074000.0,
        "Gross Profit": 3230766000.0,
        "Cost Of Revenue": 7064945000.0,
        "Total Revenue": 10295711000.0,
        "Excise Taxes": 1858599000.0,
        "Operating Revenue": 12154310000.0
    },
    "2024-03-31": {
        "Tax Effect Of Unusual Items": -210981900.0,
        "Tax Rate For Calcs": 0.34,
        "Normalized EBITDA": 3550255000.0,
        "Total Unusual Items": -620535000.0,
        "Total Unusual Items Excluding Goodwill": -620535000.0,
        "Net Income From Continuing Operation Net Minority Interest": -192175000.0,
        "Reconciled Depreciation": 907264000.0,
        "Reconciled Cost Of Revenue": 6928437000.0,
        "EBITDA": 2929720000.0,
        "EBIT": 2022456000.0,
        "Net Interest Income": -1248713000.0,
        "Interest Expense": 1774549000.0,
        "Interest Income": 562348000.0,
        "Normalized Income": 217378100.0,
        "Net Income From Continuing And Discontinued Operation": -192175000.0,
        "Total Expenses": 7899134000.0,
        "Diluted Average Shares": 466433250.0,
        "Basic Average Shares": 466433250.0,
        "Diluted EPS": -0.4128,
        "Basic EPS": -0.412,
        "Diluted NI Availto Com Stockholders": -192457000.0,
        "Average Dilution Earnings": -282000.0,
        "Net Income Common Stockholders": -192175000.0,
        "Net Income": -192175000.0,
        "Minority Interests": -455719000.0,
        "Net Income Including Noncontrolling Interests": 263544000.0,
        "Net Income Discontinuous Operations": NaN,
        "Net Income Continuous Operations": 263544000.0,
        "Tax Provision": -15637000.0,
        "Pretax Income": 247907000.0,
        "Other Income Expense": -446302000.0,
        "Other Non Operating Income Expenses": 116718000.0,
        "Special Income Charges": -89919000.0,
        "Gain On Sale Of Ppe": -8659000.0,
        "Gain On Sale Of Business": NaN,
        "Other Special Charges": 81260000.0,
        "Write Off": NaN,
        "Restructuring And Mergern Acquisition": NaN,
        "Earnings From Equity Interest": 57515000.0,
        "Gain On Sale Of Security": -530616000.0,
        "Net Non Operating Interest Income Expense": -1248713000.0,
        "Total Other Finance Cost": 36512000.0,
        "Interest Expense Non Operating": 1774549000.0,
        "Interest Income Non Operating": 562348000.0,
        "Operating Income": 1942922000.0,
        "Operating Expense": 970697000.0,
        "Other Operating Expenses": 26038000.0,
        "Other Taxes": NaN,
        "Selling General And Administration": 944659000.0,
        "Selling And Marketing Expense": 361404000.0,
        "General And Administrative Expense": 583255000.0,
        "Other Gand A": 583255000.0,
        "Gross Profit": 2913619000.0,
        "Cost Of Revenue": 6928437000.0,
        "Total Revenue": 9842056000.0,
        "Excise Taxes": 1771693000.0,
        "Operating Revenue": 11613749000.0
    },
    "2023-12-31": {
        "Tax Effect Of Unusual Items": 791087520.0,
        "Tax Rate For Calcs": 0.34,
        "Normalized EBITDA": 3025621000.0,
        "Total Unusual Items": 2326728000.0,
        "Total Unusual Items Excluding Goodwill": 2326728000.0,
        "Net Income From Continuing Operation Net Minority Interest": 2317052000.0,
        "Reconciled Depreciation": 887133000.0,
        "Reconciled Cost Of Revenue": 7327182000.0,
        "EBITDA": 5352349000.0,
        "EBIT": 4465216000.0,
        "Net Interest Income": -541190000.0,
        "Interest Expense": 1050805000.0,
        "Interest Income": 668484000.0,
        "Normalized Income": 781411520.0,
        "Net Income From Continuing And Discontinued Operation": 2362471000.0,
        "Total Expenses": 7769202000.0,
        "Diluted Average Shares": NaN,
        "Basic Average Shares": NaN,
        "Diluted EPS": NaN,
        "Basic EPS": NaN,
        "Diluted NI Availto Com Stockholders": 2363037000.0,
        "Average Dilution Earnings": NaN,
        "Net Income Common Stockholders": 2362471000.0,
        "Net Income": 2362471000.0,
        "Minority Interests": -1660739000.0,
        "Net Income Including Noncontrolling Interests": 4023210000.0,
        "Net Income Discontinuous Operations": NaN,
        "Net Income Continuous Operations": 3977791000.0,
        "Tax Provision": -563380000.0,
        "Pretax Income": 3414411000.0,
        "Other Income Expense": 2151659000.0,
        "Other Non Operating Income Expenses": -115164000.0,
        "Special Income Charges": -76914000.0,
        "Gain On Sale Of Ppe": -26941000.0,
        "Gain On Sale Of Business": NaN,
        "Other Special Charges": 64857000.0,
        "Write Off": NaN,
        "Restructuring And Mergern Acquisition": 0.0,
        "Earnings From Equity Interest": 442547000.0,
        "Gain On Sale Of Security": 2403642000.0,
        "Net Non Operating Interest Income Expense": -541190000.0,
        "Total Other Finance Cost": 158869000.0,
        "Interest Expense Non Operating": 1050805000.0,
        "Interest Income Non Operating": 668484000.0,
        "Operating Income": 1803942000.0,
        "Operating Expense": 442020000.0,
        "Other Operating Expenses": NaN,
        "Other Taxes": -33512000.0,
        "Selling General And Administration": 977984000.0,
        "Selling And Marketing Expense": 339865000.0,
        "General And Administrative Expense": 638119000.0,
        "Other Gand A": 638119000.0,
        "Gross Profit": 2245962000.0,
        "Cost Of Revenue": 7327182000.0,
        "Total Revenue": 9573144000.0,
        "Excise Taxes": 1729823000.0,
        "Operating Revenue": 11302967000.0
    },
    "2024-06-30": {
        "Tax Effect Of Unusual Items": -402726186.9,
        "Tax Rate For Calcs": 0.1007,
        "Normalized EBITDA": 5773575000.0,
        "Total Unusual Items": -3999267000.0,
        "Total Unusual Items Excluding Goodwill": -3999267000.0,
        "Net Income From Continuing Operation Net Minority Interest": -227108000.0,
        "Reconciled Depreciation": 926461000.0,
        "Reconciled Cost Of Revenue": 7137604000.0,
        "EBITDA": 1774308000.0,
        "EBIT": 847847000.0,
        "Net Interest Income": -1418491000.0,
        "Interest Expense": 1925854000.0,
        "Interest Income": 635195000.0,
        "Normalized Income": 3369432813.1,
        "Net Income From Continuing And Discontinued Operation": -227108000.0,
        "Total Expenses": 7638603000.0,
        "Diluted Average Shares": 465370500.0,
        "Basic Average Shares": 465370500.0,
        "Diluted EPS": -0.488015,
        "Basic EPS": -0.488015,
        "Diluted NI Availto Com Stockholders": -227108000.0,
        "Average Dilution Earnings": NaN,
        "Net Income Common Stockholders": -227108000.0,
        "Net Income": -227108000.0,
        "Minority Interests": 742377000.0,
        "Net Income Including Noncontrolling Interests": -969485000.0,
        "Net Income Discontinuous Operations": 0.0,
        "Net Income Continuous Operations": -969485000.0,
        "Tax Provision": -108522000.0,
        "Pretax Income": -1078007000.0,
        "Other Income Expense": -2714922000.0,
        "Other Non Operating Income Expenses": NaN,
        "Special Income Charges": -2895954000.0,
        "Gain On Sale Of Ppe": -38746000.0,
        "Gain On Sale Of Business": -383205000.0,
        "Other Special Charges": 68041000.0,
        "Write Off": 2574817000.0,
        "Restructuring And Mergern Acquisition": -168855000.0,
        "Earnings From Equity Interest": 1284345000.0,
        "Gain On Sale Of Security": -1103313000.0,
        "Net Non Operating Interest Income Expense": -1418491000.0,
        "Total Other Finance Cost": 127832000.0,
        "Interest Expense Non Operating": 1925854000.0,
        "Interest Income Non Operating": 635195000.0,
        "Operating Income": 3055405000.0,
        "Operating Expense": 500999000.0,
        "Other Operating Expenses": -476669000.0,
        "Other Taxes": -10242000.0,
        "Selling General And Administration": 987910000.0,
        "Selling And Marketing Expense": 376497000.0,
        "General And Administrative Expense": 611413000.0,
        "Other Gand A": 611413000.0,
        "Gross Profit": 3556404000.0,
        "Cost Of Revenue": 7137604000.0,
        "Total Revenue": 10694008000.0,
        "Excise Taxes": 1914725000.0,
        "Operating Revenue": 12608733000.0
    },
    "2024-09-30": {
        "Tax Effect Of Unusual Items": 50512582.142544,
        "Tax Rate For Calcs": 0.338926,
        "Normalized EBITDA": 4041511000.0,
        "Total Unusual Items": 149037000.0,
        "Total Unusual Items Excluding Goodwill": 149037000.0,
        "Net Income From Continuing Operation Net Minority Interest": 260946000.0,
        "Reconciled Depreciation": 1067060000.0,
        "Reconciled Cost Of Revenue": 7809169000.0,
        "EBITDA": 4190548000.0,
        "EBIT": 3123488000.0,
        "Net Interest Income": -1712159000.0,
        "Interest Expense": 1618604000.0,
        "Interest Income": 96229000.0,
        "Normalized Income": 162421582.142544,
        "Net Income From Continuing And Discontinued Operation": 292881000.0,
        "Total Expenses": 9085234000.0,
        "Diluted Average Shares": 466288347.0,
        "Basic Average Shares": 466288347.0,
        "Diluted EPS": 0.628111,
        "Basic EPS": 0.628111,
        "Diluted NI Availto Com Stockholders": 292881000.0,
        "Average Dilution Earnings": NaN,
        "Net Income Common Stockholders": 292881000.0,
        "Net Income": 292881000.0,
        "Minority Interests": -733893000.0,
        "Net Income Including Noncontrolling Interests": 1026774000.0,
        "Net Income Discontinuous Operations": 31935000.0,
        "Net Income Continuous Operations": 994839000.0,
        "Tax Provision": 510045000.0,
        "Pretax Income": 1504884000.0,
        "Other Income Expense": 655980000.0,
        "Other Non Operating Income Expenses": NaN,
        "Special Income Charges": -145828000.0,
        "Gain On Sale Of Ppe": 16638000.0,
        "Gain On Sale Of Business": 0.0,
        "Other Special Charges": 53403000.0,
        "Write Off": 109063000.0,
        "Restructuring And Mergern Acquisition": NaN,
        "Earnings From Equity Interest": 506943000.0,
        "Gain On Sale Of Security": 294865000.0,
        "Net Non Operating Interest Income Expense": -1712159000.0,
        "Total Other Finance Cost": 189784000.0,
        "Interest Expense Non Operating": 1618604000.0,
        "Interest Income Non Operating": 96229000.0,
        "Operating Income": 2561063000.0,
        "Operating Expense": 1276065000.0,
        "Other Operating Expenses": -79085000.0,
        "Other Taxes": -11591000.0,
        "Selling General And Administration": 1366741000.0,
        "Selling And Marketing Expense": 417549000.0,
        "General And Administrative Expense": 949192000.0,
        "Other Gand A": 949192000.0,
        "Gross Profit": 3837128000.0,
        "Cost Of Revenue": 7809169000.0,
        "Total Revenue": 11646297000.0,
        "Excise Taxes": 2084057000.0,
        "Operating Revenue": 13730354000.0
    }
}