{
    "2023-04-30": {
        "Tax Effect Of Unusual Items": 0.0,
        "Tax Rate For Calcs": 0.21,
        "Normalized EBITDA": -1131000.0,
        "Net Income From Continuing Operation Net Minority Interest": -2561000.0,
        "Reconciled Depreciation": 583000.0,
        "Reconciled Cost Of Revenue": 7338000.0,
        "EBITDA": -1131000.0,
        "EBIT": -1714000.0,
        "Normalized Income": -2561000.0,
        "Net Income From Continuing And Discontinued Operation": -2561000.0,
        "Total Expenses": 14785000.0,
        "Total Operating Income As Reported": -2521000.0,
        "Diluted Average Shares": 13557023.0,
        "Basic Average Shares": 13557023.0,
        "Diluted EPS": -0.19,
        "Basic EPS": -0.19,
        "Diluted NI Availto Com Stockholders": -2561000.0,
        "Net Income Common Stockholders": -2561000.0,
        "Net Income": -2561000.0,
        "Net Income Including Noncontrolling Interests": -2561000.0,
        "Net Income Continuous Operations": -2561000.0,
        "Tax Provision": 20000.0,
        "Pretax Income": -2541000.0,
        "Other Income Expense": -827000.0,
        "Other Non Operating Income Expenses": -20000.0,
        "Operating Income": -1714000.0,
        "Operating Expense": 7447000.0,
        "Research And Development": 2852000.0,
        "Selling General And Administration": 4595000.0,
        "Selling And Marketing Expense": 1849000.0,
        "General And Administrative Expense": 2746000.0,
        "Other Gand A": 2746000.0,
        "Gross Profit": 5733000.0,
        "Cost Of Revenue": 7338000.0,
        "Total Revenue": 13071000.0,
        "Operating Revenue": 12353000.0
    },
    "2023-01-31": {
        "Tax Effect Of Unusual Items": 0.0,
        "Tax Rate For Calcs": 0.21,
        "Normalized EBITDA": -1883000.0,
        "Net Income From Continuing Operation Net Minority Interest": -2439000.0,
        "Reconciled Depreciation": 575000.0,
        "Reconciled Cost Of Revenue": 7699000.0,
        "EBITDA": -1883000.0,
        "EBIT": -2458000.0,
        "Normalized Income": -2439000.0,
        "Net Income From Continuing And Discontinued Operation": -2439000.0,
        "Total Expenses": 15231000.0,
        "Total Operating Income As Reported": -2458000.0,
        "Diluted Average Shares": 13558642.0,
        "Basic Average Shares": 13558642.0,
        "Diluted EPS": -0.18,
        "Basic EPS": -0.18,
        "Diluted NI Availto Com Stockholders": -2439000.0,
        "Net Income Common Stockholders": -2439000.0,
        "Net Income": -2439000.0,
        "Net Income Including Noncontrolling Interests": -2439000.0,
        "Net Income Continuous Operations": -2439000.0,
        "Tax Provision": 17000.0,
        "Pretax Income": -2422000.0,
        "Other Income Expense": 36000.0,
        "Other Non Operating Income Expenses": 36000.0,
        "Operating Income": -2458000.0,
        "Operating Expense": 7532000.0,
        "Research And Development": 3202000.0,
        "Selling General And Administration": 4330000.0,
        "Selling And Marketing Expense": 1761000.0,
        "General And Administrative Expense": 2569000.0,
        "Other Gand A": 2569000.0,
        "Gross Profit": 5074000.0,
        "Cost Of Revenue": 7699000.0,
        "Total Revenue": 12773000.0,
        "Operating Revenue": 12125000.0
    },
    "2022-10-31": {
        "Tax Effect Of Unusual Items": 0.0,
        "Tax Rate For Calcs": 0.21,
        "Normalized EBITDA": 567000.0,
        "Net Income From Continuing Operation Net Minority Interest": -16000.0,
        "Reconciled Depreciation": 560000.0,
        "Reconciled Cost Of Revenue": 7443000.0,
        "EBITDA": 567000.0,
        "EBIT": 7000.0,
        "Normalized Income": -16000.0,
        "Net Income From Continuing And Discontinued Operation": -16000.0,
        "Total Expenses": 14274000.0,
        "Total Operating Income As Reported": 7000.0,
        "Diluted Average Shares": 13528643.0,
        "Basic Average Shares": 13528643.0,
        "Diluted EPS": -0.001183,
        "Basic EPS": -0.001183,
        "Diluted NI Availto Com Stockholders": -16000.0,
        "Net Income Common Stockholders": -16000.0,
        "Net Income": -16000.0,
        "Net Income Including Noncontrolling Interests": -16000.0,
        "Net Income Continuous Operations": -16000.0,
        "Tax Provision": 14000.0,
        "Pretax Income": -2000.0,
        "Other Income Expense": -9000.0,
        "Other Non Operating Income Expenses": -9000.0,
        "Operating Income": 7000.0,
        "Operating Expense": 6831000.0,
        "Research And Development": 2604000.0,
        "Selling General And Administration": 4227000.0,
        "Selling And Marketing Expense": 1700000.0,
        "General And Administrative Expense": 2527000.0,
        "Other Gand A": 2527000.0,
        "Gross Profit": 6838000.0,
        "Cost Of Revenue": 7443000.0,
        "Total Revenue": 14281000.0,
        "Operating Revenue": 13550000.0
    },
    "2022-07-31": {
        "Tax Effect Of Unusual Items": 0.0,
        "Tax Rate For Calcs": 0.4,
        "Normalized EBITDA": 244000.0,
        "Total Unusual Items": NaN,
        "Total Unusual Items Excluding Goodwill": NaN,
        "Net Income From Continuing Operation Net Minority Interest": -319000.0,
        "Reconciled Depreciation": 528000.0,
        "Reconciled Cost Of Revenue": 7052000.0,
        "EBITDA": 244000.0,
        "EBIT": -284000.0,
        "Normalized Income": -319000.0,
        "Net Income From Continuing And Discontinued Operation": -319000.0,
        "Total Expenses": 14029000.0,
        "Total Operating Income As Reported": -284000.0,
        "Diluted Average Shares": 13522433.0,
        "Basic Average Shares": 13522433.0,
        "Diluted EPS": -0.02,
        "Basic EPS": -0.02,
        "Diluted NI Availto Com Stockholders": -319000.0,
        "Net Income Common Stockholders": -319000.0,
        "Net Income": -319000.0,
        "Net Income Including Noncontrolling Interests": -319000.0,
        "Net Income Continuous Operations": -319000.0,
        "Tax Provision": 17000.0,
        "Pretax Income": -302000.0,
        "Other Income Expense": -18000.0,
        "Other Non Operating Income Expenses": -18000.0,
        "Special Income Charges": NaN,
        "Write Off": NaN,
        "Operating Income": -284000.0,
        "Operating Expense": 6977000.0,
        "Research And Development": 2887000.0,
        "Selling General And Administration": 4090000.0,
        "Selling And Marketing Expense": 1692000.0,
        "General And Administrative Expense": 2398000.0,
        "Other Gand A": 2398000.0,
        "Gross Profit": 6693000.0,
        "Cost Of Revenue": 7052000.0,
        "Total Revenue": 13745000.0,
        "Operating Revenue": 13745000.0
    },
    "2022-04-30": {
        "Diluted EPS": -0.02,
        "Total Revenue": 13,
        "Gross Profit": 7,
        "Operating Income": 0,
        "EBIT": 0,
        "Net Income": 0
    },
    "2022-01-31": {
        "Diluted EPS": 0.05,
        "Total Revenue": 13,
        "Gross Profit": 7,
        "Operating Income": 1,
        "EBIT": 1,
        "Net Income": 1
    },
    "2021-10-31": {
        "Diluted EPS": 0.02,
        "Total Revenue": 12,
        "Gross Profit": 6,
        "Operating Income": 0,
        "EBIT": 1,
        "Net Income": 0
    },
    "2021-07-31": {
        "Diluted EPS": -0.01,
        "Total Revenue": 11,
        "Gross Profit": 6,
        "Operating Income": 0,
        "EBIT": 0,
        "Net Income": 0
    },
    "2021-04-30": {
        "Diluted EPS": -0.06,
        "Total Revenue": 11,
        "Gross Profit": 5,
        "Operating Income": -1,
        "EBIT": 0,
        "Net Income": -1
    },
    "2021-01-31": {
        "Diluted EPS": 0.07,
        "Total Revenue": 11,
        "Gross Profit": 6,
        "Operating Income": 1,
        "EBIT": 1,
        "Net Income": 1
    },
    "2020-10-31": {
        "Diluted EPS": 0.0,
        "Total Revenue": 10,
        "Gross Profit": 4,
        "Operating Income": 0,
        "EBIT": 0,
        "Net Income": 0
    },
    "2020-07-31": {
        "Diluted EPS": 0.01,
        "Total Revenue": 10,
        "Gross Profit": 4,
        "Operating Income": 0,
        "EBIT": 0,
        "Net Income": 0
    },
    "2020-04-30": {
        "Diluted EPS": -0.17,
        "Total Revenue": 9,
        "Gross Profit": 4,
        "Operating Income": -2,
        "EBIT": -1,
        "Net Income": -2
    },
    "2020-01-31": {
        "Diluted EPS": 0.03,
        "Total Revenue": 9,
        "Gross Profit": 5,
        "Operating Income": 0,
        "EBIT": 1,
        "Net Income": 0
    },
    "2019-10-31": {
        "Diluted EPS": 0.02,
        "Total Revenue": 8,
        "Gross Profit": 4,
        "Operating Income": 0,
        "EBIT": 0,
        "Net Income": 0
    },
    "2019-07-31": {
        "Diluted EPS": -0.06,
        "Total Revenue": 7,
        "Gross Profit": 3,
        "Operating Income": -1,
        "EBIT": 0,
        "Net Income": -1
    },
    "2019-04-30": {
        "Diluted EPS": -0.02,
        "Total Revenue": 8,
        "Gross Profit": 3,
        "Operating Income": 0,
        "EBIT": 0,
        "Net Income": 0
    },
    "2019-01-31": {
        "Diluted EPS": -0.03,
        "Total Revenue": 6,
        "Gross Profit": 3,
        "Operating Income": 0,
        "EBIT": 0,
        "Net Income": 0
    },
    "2018-10-31": {
        "Diluted EPS": 0.02,
        "Total Revenue": 7,
        "Gross Profit": 3,
        "Operating Income": 0,
        "EBIT": 0,
        "Net Income": 0
    },
    "2018-07-31": {
        "Diluted EPS": 0.04,
        "Total Revenue": 6,
        "Gross Profit": 3,
        "Operating Income": 0,
        "EBIT": 1,
        "Net Income": 0
    },
    "2018-04-30": {
        "Diluted EPS": -0.05,
        "Total Revenue": 5,
        "Gross Profit": 2,
        "Operating Income": -1,
        "EBIT": 0,
        "Net Income": -1
    },
    "2018-01-31": {
        "Diluted EPS": -0.01,
        "Total Revenue": 5,
        "Gross Profit": 3,
        "Operating Income": 0,
        "EBIT": 0,
        "Net Income": 0
    },
    "2017-10-31": {
        "Diluted EPS": -0.01,
        "Total Revenue": 5,
        "Gross Profit": 3,
        "Operating Income": 0,
        "EBIT": 0,
        "Net Income": 0
    },
    "2017-07-31": {
        "Diluted EPS": -0.06,
        "Total Revenue": 5,
        "Gross Profit": 2,
        "Operating Income": -1,
        "EBIT": -1,
        "Net Income": -1
    },
    "2017-04-30": {
        "Diluted EPS": -0.2,
        "Total Revenue": 4,
        "Gross Profit": 1,
        "Operating Income": -2,
        "EBIT": -2,
        "Net Income": -2
    },
    "2017-01-31": {
        "Diluted EPS": -0.13,
        "Total Revenue": 4,
        "Gross Profit": 1,
        "Operating Income": -1,
        "EBIT": -1,
        "Net Income": -1
    },
    "2016-10-31": {
        "Diluted EPS": -0.05,
        "Total Revenue": 4,
        "Gross Profit": 2,
        "Operating Income": 0,
        "EBIT": 0,
        "Net Income": -1
    },
    "2016-07-31": {
        "Diluted EPS": -0.26,
        "Total Revenue": 4,
        "Gross Profit": 1,
        "Operating Income": -3,
        "EBIT": -2,
        "Net Income": -3
    },
    "2016-04-30": {
        "Diluted EPS": -0.3,
        "Total Revenue": 3,
        "Gross Profit": 1,
        "Operating Income": -3,
        "EBIT": -3,
        "Net Income": -3
    },
    "2016-01-31": {
        "Diluted EPS": -0.28,
        "Total Revenue": 3,
        "Gross Profit": 0,
        "Operating Income": -2,
        "EBIT": -2,
        "Net Income": -2
    },
    "2015-10-31": {
        "Diluted EPS": -0.29,
        "Total Revenue": 3,
        "Gross Profit": 1,
        "Operating Income": -2,
        "EBIT": -2,
        "Net Income": -3
    },
    "2015-07-31": {
        "Diluted EPS": -0.33,
        "Total Revenue": 3,
        "Gross Profit": 1,
        "Operating Income": -3,
        "EBIT": -3,
        "Net Income": -3
    },
    "2015-04-30": {
        "Diluted EPS": -0.3,
        "Total Revenue": 3,
        "Gross Profit": 1,
        "Operating Income": -2,
        "EBIT": -2,
        "Net Income": -4
    },
    "2015-01-31": {
        "Diluted EPS": -0.61,
        "Total Revenue": 2,
        "Gross Profit": 0,
        "Operating Income": -3,
        "EBIT": -3,
        "Net Income": -3
    },
    "2014-10-31": {
        "Diluted EPS": -0.65,
        "Total Revenue": 2,
        "Gross Profit": 0,
        "Operating Income": -4,
        "EBIT": -4,
        "Net Income": -3
    },
    "2014-07-31": {
        "Diluted EPS": -0.64,
        "Total Revenue": 2,
        "Gross Profit": 0,
        "Operating Income": -4,
        "EBIT": -4,
        "Net Income": -4
    },
    "2014-04-30": {
        "Diluted EPS": -0.36,
        "Total Revenue": 2,
        "Gross Profit": 1,
        "Operating Income": -2,
        "EBIT": -2,
        "Net Income": -2
    },
    "2014-01-31": {
        "Diluted EPS": -0.24,
        "Total Revenue": 4,
        "Gross Profit": 2,
        "Operating Income": -1,
        "EBIT": -1,
        "Net Income": -1
    },
    "2013-10-31": {
        "Diluted EPS": -0.36,
        "Total Revenue": 2,
        "Gross Profit": 1,
        "Operating Income": -2,
        "EBIT": -2,
        "Net Income": -2
    },
    "2013-07-31": {
        "Diluted EPS": -0.36,
        "Total Revenue": 3,
        "Gross Profit": 1,
        "Operating Income": -1,
        "EBIT": -1,
        "Net Income": -2
    },
    "2013-04-30": {
        "Diluted EPS": -0.36,
        "Total Revenue": 2,
        "Gross Profit": 0,
        "Operating Income": -2,
        "EBIT": -2,
        "Net Income": -2
    },
    "2013-01-31": {
        "Diluted EPS": -0.24,
        "Total Revenue": 3,
        "Gross Profit": 2,
        "Operating Income": -1,
        "EBIT": -1,
        "Net Income": -1
    },
    "2012-10-31": {
        "Diluted EPS": -0.48,
        "Total Revenue": 1,
        "Gross Profit": 0,
        "Operating Income": -2,
        "EBIT": -2,
        "Net Income": -2
    },
    "2012-07-31": {
        "Diluted EPS": -0.36,
        "Total Revenue": 2,
        "Gross Profit": 1,
        "Operating Income": -2,
        "EBIT": -2,
        "Net Income": -1
    },
    "2012-04-30": {
        "Diluted EPS": 0.0,
        "Total Revenue": 1,
        "Gross Profit": 0,
        "Operating Income": -3,
        "EBIT": -3,
        "Net Income": -3
    },
    "2012-01-31": {
        "Diluted EPS": -0.48,
        "Total Revenue": 2,
        "Gross Profit": 1,
        "Operating Income": -2,
        "EBIT": -2,
        "Net Income": -2
    },
    "2011-10-31": {
        "Diluted EPS": -0.6,
        "Total Revenue": 2,
        "Gross Profit": 1,
        "Operating Income": -2,
        "EBIT": -2,
        "Net Income": -2
    },
    "2011-07-31": {
        "Diluted EPS": -0.48,
        "Total Revenue": 2,
        "Gross Profit": 1,
        "Operating Income": -2,
        "EBIT": -2,
        "Net Income": -2
    },
    "2011-04-30": {
        "Diluted EPS": -0.96,
        "Total Revenue": 2,
        "Gross Profit": 1,
        "Operating Income": -3,
        "EBIT": -3,
        "Net Income": -3
    },
    "2011-01-31": {
        "Diluted EPS": -0.12,
        "Total Revenue": 3,
        "Gross Profit": 1,
        "Operating Income": -1,
        "EBIT": -1,
        "Net Income": 0
    },
    "2010-10-31": {
        "Diluted EPS": 0.0,
        "Total Revenue": 1,
        "Gross Profit": 0,
        "Operating Income": -1,
        "EBIT": -1,
        "Net Income": 0
    },
    "2010-07-31": {
        "Diluted EPS": -0.24,
        "Total Revenue": 2,
        "Gross Profit": 1,
        "Operating Income": -1,
        "EBIT": -1,
        "Net Income": -1
    },
    "2010-04-30": {
        "Diluted EPS": -0.24,
        "Total Revenue": 2,
        "Gross Profit": 1,
        "Operating Income": -1,
        "EBIT": -1,
        "Net Income": -1
    },
    "2010-01-31": {
        "Diluted EPS": -0.24,
        "Total Revenue": 1,
        "Gross Profit": 0,
        "Operating Income": -1,
        "EBIT": -1,
        "Net Income": -1
    },
    "2009-10-31": {
        "Diluted EPS": -0.24,
        "Total Revenue": 1,
        "Gross Profit": 1,
        "Operating Income": -1,
        "EBIT": -1,
        "Net Income": -1
    },
    "2009-07-31": {
        "Diluted EPS": -0.36,
        "Total Revenue": 1,
        "Gross Profit": 0,
        "Operating Income": -1,
        "EBIT": -1,
        "Net Income": -1
    },
    "2009-04-30": {
        "Diluted EPS": -0.6,
        "Total Revenue": 1,
        "Gross Profit": 0,
        "Operating Income": -1,
        "EBIT": -1,
        "Net Income": -1
    },
    "2009-01-31": {
        "Diluted EPS": -0.24,
        "Total Revenue": 1,
        "Gross Profit": 0,
        "Operating Income": -1,
        "EBIT": -1,
        "Net Income": -1
    },
    "2023-07-31": {
        "Tax Effect Of Unusual Items": 0.0,
        "Tax Rate For Calcs": 0.21,
        "Normalized EBITDA": -2107000.0,
        "Net Income From Continuing Operation Net Minority Interest": -2566000.0,
        "Reconciled Depreciation": 445000.0,
        "Reconciled Cost Of Revenue": 7684000.0,
        "EBITDA": -2107000.0,
        "EBIT": -2552000.0,
        "Normalized Income": -2566000.0,
        "Net Income From Continuing And Discontinued Operation": -2566000.0,
        "Total Expenses": 15113000.0,
        "Total Operating Income As Reported": -2552000.0,
        "Diluted Average Shares": 13506782.0,
        "Basic Average Shares": 13506782.0,
        "Diluted EPS": -0.19,
        "Basic EPS": -0.19,
        "Diluted NI Availto Com Stockholders": -2566000.0,
        "Net Income Common Stockholders": -2566000.0,
        "Net Income": -2566000.0,
        "Net Income Including Noncontrolling Interests": -2566000.0,
        "Net Income Continuous Operations": -2566000.0,
        "Tax Provision": 28000.0,
        "Pretax Income": -2538000.0,
        "Other Income Expense": 14000.0,
        "Other Non Operating Income Expenses": 14000.0,
        "Operating Income": -2552000.0,
        "Operating Expense": 7429000.0,
        "Research And Development": 2793000.0,
        "Selling General And Administration": 4636000.0,
        "Selling And Marketing Expense": 1696000.0,
        "General And Administrative Expense": 2940000.0,
        "Other Gand A": 2940000.0,
        "Gross Profit": 4877000.0,
        "Cost Of Revenue": 7684000.0,
        "Total Revenue": 12561000.0,
        "Operating Revenue": 11877000.0
    },
    "2023-10-31": {
        "Tax Effect Of Unusual Items": 0.0,
        "Tax Rate For Calcs": 0.21,
        "Normalized EBITDA": -1471000.0,
        "Net Income From Continuing Operation Net Minority Interest": -2071000.0,
        "Reconciled Depreciation": 484000.0,
        "Reconciled Cost Of Revenue": 6618000.0,
        "EBITDA": -1471000.0,
        "EBIT": -1955000.0,
        "Normalized Income": -2071000.0,
        "Net Income From Continuing And Discontinued Operation": -2071000.0,
        "Total Expenses": 13528000.0,
        "Total Operating Income As Reported": -1955000.0,
        "Diluted Average Shares": 13497061.0,
        "Basic Average Shares": 13497061.0,
        "Diluted EPS": -0.15,
        "Basic EPS": -0.15,
        "Diluted NI Availto Com Stockholders": -2071000.0,
        "Net Income Common Stockholders": -2071000.0,
        "Net Income": -2071000.0,
        "Net Income Including Noncontrolling Interests": -2071000.0,
        "Net Income Continuous Operations": -2071000.0,
        "Tax Provision": 11000.0,
        "Pretax Income": -2060000.0,
        "Other Income Expense": -105000.0,
        "Other Non Operating Income Expenses": -105000.0,
        "Operating Income": -1955000.0,
        "Operating Expense": 6910000.0,
        "Research And Development": 2515000.0,
        "Selling General And Administration": 4395000.0,
        "Selling And Marketing Expense": 1795000.0,
        "General And Administrative Expense": 2600000.0,
        "Other Gand A": 2600000.0,
        "Gross Profit": 4955000.0,
        "Cost Of Revenue": 6618000.0,
        "Total Revenue": 11573000.0,
        "Operating Revenue": 10876000.0
    },
    "2024-01-31": {
        "Tax Effect Of Unusual Items": 0.0,
        "Tax Rate For Calcs": 0.4,
        "Normalized EBITDA": -2096000.0,
        "Net Income From Continuing Operation Net Minority Interest": -2530000.0,
        "Reconciled Depreciation": 481000.0,
        "Reconciled Cost Of Revenue": 7849000.0,
        "EBITDA": -2096000.0,
        "EBIT": -2577000.0,
        "Normalized Income": -2530000.0,
        "Net Income From Continuing And Discontinued Operation": -2530000.0,
        "Total Expenses": 14596000.0,
        "Total Operating Income As Reported": -2577000.0,
        "Diluted Average Shares": 13593758.0,
        "Basic Average Shares": 13593758.0,
        "Diluted EPS": -0.19,
        "Basic EPS": -0.19,
        "Diluted NI Availto Com Stockholders": -2530000.0,
        "Net Income Common Stockholders": -2530000.0,
        "Net Income": -2530000.0,
        "Net Income Including Noncontrolling Interests": -2530000.0,
        "Net Income Continuous Operations": -2530000.0,
        "Tax Provision": 11000.0,
        "Pretax Income": -2519000.0,
        "Other Income Expense": 58000.0,
        "Other Non Operating Income Expenses": 58000.0,
        "Operating Income": -2577000.0,
        "Operating Expense": 6747000.0,
        "Research And Development": 2186000.0,
        "Selling General And Administration": 4561000.0,
        "Selling And Marketing Expense": 1797000.0,
        "General And Administrative Expense": 2764000.0,
        "Other Gand A": 2764000.0,
        "Gross Profit": 4170000.0,
        "Cost Of Revenue": 7849000.0,
        "Total Revenue": 12019000.0,
        "Operating Revenue": 11184000.0
    }
}