{
    "2024-03-31": {
        "Tax Effect Of Unusual Items": 5593.043248,
        "Tax Rate For Calcs": 0.227315,
        "Normalized EBITDA": -1454807.578449,
        "Total Unusual Items": 24604.795737,
        "Total Unusual Items Excluding Goodwill": 24604.795737,
        "Net Income From Continuing Operation Net Minority Interest": -1398895.796329,
        "Reconciled Depreciation": 358459.887507,
        "Reconciled Cost Of Revenue": 1151111.6045,
        "EBITDA": -1430202.782712,
        "EBIT": -1788662.670219,
        "Net Interest Income": -62477.05743,
        "Interest Expense": 21772.49852,
        "Normalized Income": -1417907.548819,
        "Net Income From Continuing And Discontinued Operation": -1398895.796329,
        "Total Expenses": 3864929.692126,
        "Total Operating Income As Reported": -1874573.712256,
        "Diluted Average Shares": 1847718.0,
        "Basic Average Shares": 1847718.0,
        "Diluted EPS": -0.627189,
        "Basic EPS": -0.627189,
        "Diluted NI Availto Com Stockholders": -1398895.796329,
        "Net Income Common Stockholders": -1398895.796329,
        "Net Income": -1398895.796329,
        "Net Income Including Noncontrolling Interests": -1398895.796329,
        "Net Income Continuous Operations": -1398895.796329,
        "Tax Provision": -411539.37241,
        "Pretax Income": -1810435.168739,
        "Other Income Expense": 64138.543517,
        "Other Non Operating Income Expenses": 39533.74778,
        "Special Income Charges": NaN,
        "Impairment Of Capital Assets": NaN,
        "Gain On Sale Of Security": 24604.795737,
        "Net Non Operating Interest Income Expense": -62477.05743,
        "Total Other Finance Cost": 40704.558911,
        "Interest Expense Non Operating": 21772.49852,
        "Operating Income": -1812096.654825,
        "Operating Expense": 2713818.087626,
        "Research And Development": 1060408.525755,
        "Selling General And Administration": 1653409.561871,
        "Selling And Marketing Expense": 3374.037892,
        "General And Administrative Expense": 1650035.523979,
        "Other Gand A": 1650035.523979,
        "Gross Profit": 901721.4328,
        "Cost Of Revenue": 1151111.6045,
        "Total Revenue": 2052833.0373,
        "Operating Revenue": 2052833.0373
    },
    "2023-12-31": {
        "Tax Effect Of Unusual Items": -5117.071664,
        "Tax Rate For Calcs": 0.187505,
        "Normalized EBITDA": -1587257.616035,
        "Total Unusual Items": -27290.258977,
        "Total Unusual Items Excluding Goodwill": -27290.258977,
        "Net Income From Continuing Operation Net Minority Interest": -1652355.192164,
        "Reconciled Depreciation": 394566.332546,
        "Reconciled Cost Of Revenue": 1170264.325963,
        "EBITDA": -1614547.875012,
        "EBIT": -2009114.207558,
        "Net Interest Income": 303258.635263,
        "Interest Expense": 24567.305125,
        "Normalized Income": -1630182.004851,
        "Net Income From Continuing And Discontinued Operation": -1652355.192164,
        "Total Expenses": 3543002.791497,
        "Total Operating Income As Reported": -2179384.57612,
        "Diluted Average Shares": NaN,
        "Basic Average Shares": NaN,
        "Diluted EPS": NaN,
        "Basic EPS": NaN,
        "Diluted NI Availto Com Stockholders": -1652355.192164,
        "Net Income Common Stockholders": -1652355.192164,
        "Net Income": -1652355.192164,
        "Net Income Including Noncontrolling Interests": -1652355.192164,
        "Net Income Continuous Operations": -1652355.192164,
        "Tax Provision": -381326.320518,
        "Pretax Income": -2033681.512683,
        "Other Income Expense": -183120.244267,
        "Other Non Operating Income Expenses": -155829.98529,
        "Special Income Charges": NaN,
        "Impairment Of Capital Assets": NaN,
        "Gain On Sale Of Security": -27290.258977,
        "Net Non Operating Interest Income Expense": 303258.635263,
        "Total Other Finance Cost": 997.367316,
        "Interest Expense Non Operating": 24567.305125,
        "Operating Income": -2153819.903678,
        "Operating Expense": 2372738.465534,
        "Research And Development": 540107.686556,
        "Selling General And Administration": 1832630.778978,
        "Selling And Marketing Expense": 5891.201018,
        "General And Administrative Expense": 1826739.577961,
        "Other Gand A": 1826739.577961,
        "Gross Profit": 218918.561856,
        "Cost Of Revenue": 1170264.325963,
        "Total Revenue": 1389182.887819,
        "Operating Revenue": 1389182.887819
    },
    "2023-09-30": {
        "Tax Effect Of Unusual Items": 0.0,
        "Tax Rate For Calcs": 0.214575,
        "Normalized EBITDA": -602000.0,
        "Total Unusual Items": 0.0,
        "Total Unusual Items Excluding Goodwill": 0.0,
        "Net Income From Continuing Operation Net Minority Interest": -776000.0,
        "Reconciled Depreciation": 363000.0,
        "Reconciled Cost Of Revenue": 1147000.0,
        "EBITDA": -602000.0,
        "EBIT": -965000.0,
        "Net Interest Income": -23000.0,
        "Interest Expense": 23000.0,
        "Normalized Income": -776000.0,
        "Net Income From Continuing And Discontinued Operation": -776000.0,
        "Total Expenses": 3063000.0,
        "Total Operating Income As Reported": -1111000.0,
        "Diluted Average Shares": 1847678.0,
        "Basic Average Shares": 1847678.0,
        "Diluted EPS": -0.42,
        "Basic EPS": -0.42,
        "Diluted NI Availto Com Stockholders": -776000.0,
        "Net Income Common Stockholders": -776000.0,
        "Net Income": -776000.0,
        "Net Income Including Noncontrolling Interests": -776000.0,
        "Net Income Continuous Operations": -776000.0,
        "Tax Provision": -212000.0,
        "Pretax Income": -988000.0,
        "Other Income Expense": 146000.0,
        "Other Non Operating Income Expenses": 146000.0,
        "Special Income Charges": 0.0,
        "Impairment Of Capital Assets": 0.0,
        "Gain On Sale Of Security": 61364.672993,
        "Net Non Operating Interest Income Expense": -23000.0,
        "Total Other Finance Cost": NaN,
        "Interest Expense Non Operating": 23000.0,
        "Operating Income": -1111000.0,
        "Operating Expense": 1916000.0,
        "Research And Development": 436000.0,
        "Selling General And Administration": 1480000.0,
        "Selling And Marketing Expense": 8708.158611,
        "General And Administrative Expense": 1480000.0,
        "Other Gand A": 1480000.0,
        "Gross Profit": 805000.0,
        "Cost Of Revenue": 1147000.0,
        "Total Revenue": 1952000.0,
        "Operating Revenue": 1952000.0
    },
    "2023-06-30": {
        "Tax Effect Of Unusual Items": NaN,
        "Tax Rate For Calcs": NaN,
        "Normalized EBITDA": NaN,
        "Total Unusual Items": NaN,
        "Total Unusual Items Excluding Goodwill": NaN,
        "Net Income From Continuing Operation Net Minority Interest": NaN,
        "Reconciled Depreciation": NaN,
        "Reconciled Cost Of Revenue": NaN,
        "EBITDA": NaN,
        "EBIT": NaN,
        "Net Interest Income": NaN,
        "Interest Expense": NaN,
        "Normalized Income": NaN,
        "Net Income From Continuing And Discontinued Operation": NaN,
        "Total Expenses": NaN,
        "Total Operating Income As Reported": NaN,
        "Diluted Average Shares": 1846775.0,
        "Basic Average Shares": 1846775.0,
        "Diluted EPS": -0.47,
        "Basic EPS": -0.47,
        "Diluted NI Availto Com Stockholders": NaN,
        "Net Income Common Stockholders": NaN,
        "Net Income": NaN,
        "Net Income Including Noncontrolling Interests": NaN,
        "Net Income Continuous Operations": NaN,
        "Tax Provision": NaN,
        "Pretax Income": NaN,
        "Other Income Expense": NaN,
        "Other Non Operating Income Expenses": NaN,
        "Special Income Charges": NaN,
        "Impairment Of Capital Assets": NaN,
        "Gain On Sale Of Security": NaN,
        "Net Non Operating Interest Income Expense": NaN,
        "Total Other Finance Cost": NaN,
        "Interest Expense Non Operating": NaN,
        "Operating Income": NaN,
        "Operating Expense": NaN,
        "Research And Development": NaN,
        "Selling General And Administration": NaN,
        "Selling And Marketing Expense": 13458.0,
        "General And Administrative Expense": NaN,
        "Other Gand A": NaN,
        "Gross Profit": NaN,
        "Cost Of Revenue": NaN,
        "Total Revenue": NaN,
        "Operating Revenue": NaN
    },
    "2023-03-31": {
        "Tax Effect Of Unusual Items": NaN,
        "Tax Rate For Calcs": NaN,
        "Normalized EBITDA": NaN,
        "Total Unusual Items": NaN,
        "Total Unusual Items Excluding Goodwill": NaN,
        "Net Income From Continuing Operation Net Minority Interest": NaN,
        "Reconciled Depreciation": NaN,
        "Reconciled Cost Of Revenue": NaN,
        "EBITDA": NaN,
        "EBIT": NaN,
        "Net Interest Income": NaN,
        "Interest Expense": NaN,
        "Normalized Income": NaN,
        "Net Income From Continuing And Discontinued Operation": NaN,
        "Total Expenses": NaN,
        "Total Operating Income As Reported": NaN,
        "Diluted Average Shares": NaN,
        "Basic Average Shares": NaN,
        "Diluted EPS": NaN,
        "Basic EPS": NaN,
        "Diluted NI Availto Com Stockholders": NaN,
        "Net Income Common Stockholders": NaN,
        "Net Income": NaN,
        "Net Income Including Noncontrolling Interests": NaN,
        "Net Income Continuous Operations": NaN,
        "Tax Provision": NaN,
        "Pretax Income": NaN,
        "Other Income Expense": NaN,
        "Other Non Operating Income Expenses": NaN,
        "Special Income Charges": NaN,
        "Impairment Of Capital Assets": NaN,
        "Gain On Sale Of Security": NaN,
        "Net Non Operating Interest Income Expense": NaN,
        "Total Other Finance Cost": 40662.427917,
        "Interest Expense Non Operating": NaN,
        "Operating Income": NaN,
        "Operating Expense": NaN,
        "Research And Development": NaN,
        "Selling General And Administration": NaN,
        "Selling And Marketing Expense": 6046.87269,
        "General And Administrative Expense": NaN,
        "Other Gand A": NaN,
        "Gross Profit": NaN,
        "Cost Of Revenue": NaN,
        "Total Revenue": NaN,
        "Operating Revenue": NaN
    },
    "2022-12-31": {
        "Tax Effect Of Unusual Items": NaN,
        "Tax Rate For Calcs": NaN,
        "Normalized EBITDA": NaN,
        "Total Unusual Items": NaN,
        "Total Unusual Items Excluding Goodwill": NaN,
        "Net Income From Continuing Operation Net Minority Interest": NaN,
        "Reconciled Depreciation": NaN,
        "Reconciled Cost Of Revenue": NaN,
        "EBITDA": NaN,
        "EBIT": NaN,
        "Net Interest Income": NaN,
        "Interest Expense": NaN,
        "Normalized Income": NaN,
        "Net Income From Continuing And Discontinued Operation": NaN,
        "Total Expenses": NaN,
        "Total Operating Income As Reported": NaN,
        "Diluted Average Shares": NaN,
        "Basic Average Shares": NaN,
        "Diluted EPS": NaN,
        "Basic EPS": NaN,
        "Diluted NI Availto Com Stockholders": NaN,
        "Net Income Common Stockholders": NaN,
        "Net Income": NaN,
        "Net Income Including Noncontrolling Interests": NaN,
        "Net Income Continuous Operations": NaN,
        "Tax Provision": NaN,
        "Pretax Income": NaN,
        "Other Income Expense": NaN,
        "Other Non Operating Income Expenses": NaN,
        "Special Income Charges": 0.0,
        "Gain On Sale Of Ppe": 0.0,
        "Gain On Sale Of Security": NaN,
        "Net Non Operating Interest Income Expense": NaN,
        "Total Other Finance Cost": 307.583795,
        "Interest Expense Non Operating": NaN,
        "Operating Income": NaN,
        "Operating Expense": NaN,
        "Research And Development": NaN,
        "Selling General And Administration": NaN,
        "Selling And Marketing Expense": NaN,
        "General And Administrative Expense": NaN,
        "Other Gand A": NaN,
        "Gross Profit": NaN,
        "Cost Of Revenue": NaN,
        "Total Revenue": NaN,
        "Operating Revenue": NaN
    },
    "2024-06-30": {
        "Tax Effect Of Unusual Items": 443000.0,
        "Tax Rate For Calcs": 0.25,
        "Normalized EBITDA": -3269000.0,
        "Total Unusual Items": 1772000.0,
        "Total Unusual Items Excluding Goodwill": 1772000.0,
        "Net Income From Continuing Operation Net Minority Interest": -1422000.0,
        "Reconciled Depreciation": 377000.0,
        "Reconciled Cost Of Revenue": 1518000.0,
        "EBITDA": -1497000.0,
        "EBIT": -1874000.0,
        "Net Interest Income": -22000.0,
        "Interest Expense": 22000.0,
        "Normalized Income": -2751000.0,
        "Net Income From Continuing And Discontinued Operation": -1422000.0,
        "Total Expenses": 6092000.0,
        "Total Operating Income As Reported": -3755000.0,
        "Diluted Average Shares": 2220303.0,
        "Basic Average Shares": 2220303.0,
        "Diluted EPS": -0.64,
        "Basic EPS": -0.64,
        "Diluted NI Availto Com Stockholders": -1422000.0,
        "Net Income Common Stockholders": -1422000.0,
        "Net Income": -1422000.0,
        "Net Income Including Noncontrolling Interests": -1422000.0,
        "Net Income Continuous Operations": -1422000.0,
        "Tax Provision": -474000.0,
        "Pretax Income": -1896000.0,
        "Other Income Expense": 1881000.0,
        "Other Non Operating Income Expenses": 109000.0,
        "Special Income Charges": NaN,
        "Impairment Of Capital Assets": NaN,
        "Gain On Sale Of Security": 1772000.0,
        "Net Non Operating Interest Income Expense": -22000.0,
        "Total Other Finance Cost": NaN,
        "Interest Expense Non Operating": 22000.0,
        "Operating Income": -3755000.0,
        "Operating Expense": 4574000.0,
        "Research And Development": 1530000.0,
        "Selling General And Administration": 3044000.0,
        "Selling And Marketing Expense": NaN,
        "General And Administrative Expense": 3044000.0,
        "Other Gand A": 3044000.0,
        "Gross Profit": 819000.0,
        "Cost Of Revenue": 1518000.0,
        "Total Revenue": 2337000.0,
        "Operating Revenue": 2337000.0
    },
    "2024-09-30": {
        "Tax Effect Of Unusual Items": -23709.561957,
        "Tax Rate For Calcs": 0.01909,
        "Normalized EBITDA": -4124000.0,
        "Total Unusual Items": -1242000.0,
        "Total Unusual Items Excluding Goodwill": -1242000.0,
        "Net Income From Continuing Operation Net Minority Interest": -5755000.0,
        "Reconciled Depreciation": 479000.0,
        "Reconciled Cost Of Revenue": 914000.0,
        "EBITDA": -5366000.0,
        "EBIT": -5845000.0,
        "Net Interest Income": -22000.0,
        "Interest Expense": 22000.0,
        "Normalized Income": -4536709.561957,
        "Net Income From Continuing And Discontinued Operation": -5755000.0,
        "Total Expenses": 6705000.0,
        "Total Operating Income As Reported": -6293000.0,
        "Diluted Average Shares": 3106503.0,
        "Basic Average Shares": 3106503.0,
        "Diluted EPS": -1.85,
        "Basic EPS": -1.85,
        "Diluted NI Availto Com Stockholders": -5755000.0,
        "Net Income Common Stockholders": -5755000.0,
        "Net Income": -5755000.0,
        "Net Income Including Noncontrolling Interests": -5755000.0,
        "Net Income Continuous Operations": -5755000.0,
        "Tax Provision": -112000.0,
        "Pretax Income": -5867000.0,
        "Other Income Expense": -1011000.0,
        "Other Non Operating Income Expenses": 231000.0,
        "Special Income Charges": -1459000.0,
        "Impairment Of Capital Assets": 1459000.0,
        "Gain On Sale Of Security": 217000.0,
        "Net Non Operating Interest Income Expense": -22000.0,
        "Total Other Finance Cost": NaN,
        "Interest Expense Non Operating": 22000.0,
        "Operating Income": -4834000.0,
        "Operating Expense": 5791000.0,
        "Research And Development": 2799000.0,
        "Selling General And Administration": 2992000.0,
        "Selling And Marketing Expense": NaN,
        "General And Administrative Expense": 2992000.0,
        "Other Gand A": 2992000.0,
        "Gross Profit": 957000.0,
        "Cost Of Revenue": 914000.0,
        "Total Revenue": 1871000.0,
        "Operating Revenue": 1871000.0
    }
}