{
    "2023-04-30": {
        "Tax Effect Of Unusual Items": -41548000.0,
        "Tax Rate For Calcs": 0.188,
        "Normalized EBITDA": 4738000000.0,
        "Total Unusual Items": -221000000.0,
        "Total Unusual Items Excluding Goodwill": -221000000.0,
        "Net Income From Continuing Operation Net Minority Interest": 3212000000.0,
        "Reconciled Depreciation": 451000000.0,
        "Reconciled Cost Of Revenue": 4958000000.0,
        "EBITDA": 4517000000.0,
        "EBIT": 4066000000.0,
        "Net Interest Income": 153000000.0,
        "Interest Expense": 109000000.0,
        "Interest Income": 262000000.0,
        "Normalized Income": 3391452000.0,
        "Net Income From Continuing And Discontinued Operation": 3212000000.0,
        "Total Expenses": 10538000000.0,
        "Total Operating Income As Reported": 3946000000.0,
        "Diluted Average Shares": 4110000000.0,
        "Basic Average Shares": 4089000000.0,
        "Diluted EPS": 0.78,
        "Basic EPS": 0.79,
        "Diluted NI Availto Com Stockholders": 3212000000.0,
        "Net Income Common Stockholders": 3212000000.0,
        "Net Income": 3212000000.0,
        "Net Income Including Noncontrolling Interests": 3212000000.0,
        "Net Income Continuous Operations": 3212000000.0,
        "Tax Provision": 745000000.0,
        "Pretax Income": 3957000000.0,
        "Other Income Expense": -229000000.0,
        "Other Non Operating Income Expenses": -8000000.0,
        "Special Income Charges": -87000000.0,
        "Restructuring And Mergern Acquisition": 87000000.0,
        "Gain On Sale Of Security": -134000000.0,
        "Net Non Operating Interest Income Expense": 153000000.0,
        "Interest Expense Non Operating": 109000000.0,
        "Interest Income Non Operating": 262000000.0,
        "Operating Income": 4033000000.0,
        "Operating Expense": 5199000000.0,
        "Depreciation Amortization Depletion Income Statement": 70000000.0,
        "Depreciation And Amortization In Income Statement": 70000000.0,
        "Amortization": 70000000.0,
        "Amortization Of Intangibles Income Statement": 70000000.0,
        "Research And Development": 1962000000.0,
        "Selling General And Administration": 3167000000.0,
        "Selling And Marketing Expense": 2526000000.0,
        "General And Administrative Expense": 641000000.0,
        "Other Gand A": 641000000.0,
        "Gross Profit": 9232000000.0,
        "Cost Of Revenue": 5339000000.0,
        "Total Revenue": 14571000000.0,
        "Operating Revenue": 14571000000.0
    },
    "2023-01-31": {
        "Tax Effect Of Unusual Items": -39104000.0,
        "Tax Rate For Calcs": 0.188,
        "Normalized EBITDA": 4168000000.0,
        "Total Unusual Items": -208000000.0,
        "Total Unusual Items Excluding Goodwill": -208000000.0,
        "Net Income From Continuing Operation Net Minority Interest": 2773000000.0,
        "Reconciled Depreciation": 438000000.0,
        "Reconciled Cost Of Revenue": 4798000000.0,
        "EBITDA": 3960000000.0,
        "EBIT": 3522000000.0,
        "Net Interest Income": 112000000.0,
        "Interest Expense": 107000000.0,
        "Interest Income": 219000000.0,
        "Normalized Income": 2941896000.0,
        "Net Income From Continuing And Discontinued Operation": 2773000000.0,
        "Total Expenses": 10057000000.0,
        "Total Operating Income As Reported": 3292000000.0,
        "Diluted Average Shares": 4116000000.0,
        "Basic Average Shares": 4103000000.0,
        "Diluted EPS": 0.67,
        "Basic EPS": 0.68,
        "Diluted NI Availto Com Stockholders": 2773000000.0,
        "Net Income Common Stockholders": 2773000000.0,
        "Net Income": 2773000000.0,
        "Net Income Including Noncontrolling Interests": 2773000000.0,
        "Net Income Continuous Operations": 2773000000.0,
        "Tax Provision": 642000000.0,
        "Pretax Income": 3415000000.0,
        "Other Income Expense": -232000000.0,
        "Other Non Operating Income Expenses": -24000000.0,
        "Special Income Charges": -243000000.0,
        "Restructuring And Mergern Acquisition": 243000000.0,
        "Gain On Sale Of Security": 35000000.0,
        "Net Non Operating Interest Income Expense": 112000000.0,
        "Interest Expense Non Operating": 107000000.0,
        "Interest Income Non Operating": 219000000.0,
        "Operating Income": 3535000000.0,
        "Operating Expense": 4892000000.0,
        "Depreciation Amortization Depletion Income Statement": 71000000.0,
        "Depreciation And Amortization In Income Statement": 71000000.0,
        "Amortization": 71000000.0,
        "Amortization Of Intangibles Income Statement": 71000000.0,
        "Research And Development": 1855000000.0,
        "Selling General And Administration": 2966000000.0,
        "Selling And Marketing Expense": 2384000000.0,
        "General And Administrative Expense": 582000000.0,
        "Other Gand A": 582000000.0,
        "Gross Profit": 8427000000.0,
        "Cost Of Revenue": 5165000000.0,
        "Total Revenue": 13592000000.0,
        "Operating Revenue": 13592000000.0
    },
    "2022-10-31": {
        "Tax Effect Of Unusual Items": -27144000.0,
        "Tax Rate For Calcs": 0.232,
        "Normalized EBITDA": 4107000000.0,
        "Total Unusual Items": -117000000.0,
        "Total Unusual Items Excluding Goodwill": -117000000.0,
        "Net Income From Continuing Operation Net Minority Interest": 2670000000.0,
        "Reconciled Depreciation": 415000000.0,
        "Reconciled Cost Of Revenue": 4942000000.0,
        "EBITDA": 3990000000.0,
        "EBIT": 3575000000.0,
        "Net Interest Income": 69000000.0,
        "Interest Expense": 100000000.0,
        "Interest Income": 169000000.0,
        "Normalized Income": 2759856000.0,
        "Net Income From Continuing And Discontinued Operation": 2670000000.0,
        "Total Expenses": 10094000000.0,
        "Total Operating Income As Reported": 3540000000.0,
        "Diluted Average Shares": 4116000000.0,
        "Basic Average Shares": 4108000000.0,
        "Diluted EPS": 0.65,
        "Basic EPS": 0.65,
        "Diluted NI Availto Com Stockholders": 2670000000.0,
        "Net Income Common Stockholders": 2670000000.0,
        "Net Income": 2670000000.0,
        "Net Income Including Noncontrolling Interests": 2670000000.0,
        "Net Income Continuous Operations": 2670000000.0,
        "Tax Provision": 805000000.0,
        "Pretax Income": 3475000000.0,
        "Other Income Expense": -132000000.0,
        "Other Non Operating Income Expenses": -15000000.0,
        "Special Income Charges": 2000000.0,
        "Restructuring And Mergern Acquisition": -2000000.0,
        "Gain On Sale Of Security": -119000000.0,
        "Net Non Operating Interest Income Expense": 69000000.0,
        "Interest Expense Non Operating": 100000000.0,
        "Interest Income Non Operating": 169000000.0,
        "Operating Income": 3538000000.0,
        "Operating Expense": 4808000000.0,
        "Depreciation Amortization Depletion Income Statement": 71000000.0,
        "Depreciation And Amortization In Income Statement": 71000000.0,
        "Amortization": 71000000.0,
        "Amortization Of Intangibles Income Statement": 71000000.0,
        "Research And Development": 1781000000.0,
        "Selling General And Administration": 2956000000.0,
        "Selling And Marketing Expense": 2391000000.0,
        "General And Administrative Expense": 565000000.0,
        "Other Gand A": 565000000.0,
        "Gross Profit": 8346000000.0,
        "Cost Of Revenue": 5286000000.0,
        "Total Revenue": 13632000000.0,
        "Operating Revenue": 13632000000.0
    },
    "2022-07-31": {
        "Tax Effect Of Unusual Items": 352000.0,
        "Tax Rate For Calcs": 0.176,
        "Normalized EBITDA": 3937000000.0,
        "Total Unusual Items": 2000000.0,
        "Total Unusual Items Excluding Goodwill": 2000000.0,
        "Net Income From Continuing Operation Net Minority Interest": 2815000000.0,
        "Reconciled Depreciation": 430000000.0,
        "Reconciled Cost Of Revenue": 4720000000.0,
        "EBITDA": 3939000000.0,
        "EBIT": 3509000000.0,
        "Net Interest Income": 36000000.0,
        "Interest Expense": 93000000.0,
        "Interest Income": 129000000.0,
        "Normalized Income": 2813352000.0,
        "Net Income From Continuing And Discontinued Operation": 2815000000.0,
        "Total Expenses": 9670000000.0,
        "Total Operating Income As Reported": 3434000000.0,
        "Diluted Average Shares": 4156000000.0,
        "Basic Average Shares": 4128000000.0,
        "Diluted EPS": 0.68,
        "Basic EPS": 0.68,
        "Diluted NI Availto Com Stockholders": 2815000000.0,
        "Net Income Common Stockholders": 2815000000.0,
        "Net Income": 2815000000.0,
        "Net Income Including Noncontrolling Interests": 2815000000.0,
        "Net Income Continuous Operations": 2815000000.0,
        "Tax Provision": 601000000.0,
        "Pretax Income": 3416000000.0,
        "Other Income Expense": -52000000.0,
        "Other Non Operating Income Expenses": -54000000.0,
        "Special Income Charges": 2000000.0,
        "Restructuring And Mergern Acquisition": -2000000.0,
        "Gain On Sale Of Security": -21000000.0,
        "Net Non Operating Interest Income Expense": 36000000.0,
        "Interest Expense Non Operating": 93000000.0,
        "Interest Income Non Operating": 129000000.0,
        "Operating Income": 3432000000.0,
        "Operating Expense": 4593000000.0,
        "Depreciation Amortization Depletion Income Statement": 73000000.0,
        "Depreciation And Amortization In Income Statement": 73000000.0,
        "Amortization": 73000000.0,
        "Amortization Of Intangibles Income Statement": 73000000.0,
        "Research And Development": 1682000000.0,
        "Selling General And Administration": 2838000000.0,
        "Selling And Marketing Expense": 2349000000.0,
        "General And Administrative Expense": 489000000.0,
        "Other Gand A": 489000000.0,
        "Gross Profit": 8025000000.0,
        "Cost Of Revenue": 5077000000.0,
        "Total Revenue": 13102000000.0,
        "Operating Revenue": 13102000000.0
    },
    "2022-04-30": {
        "Diluted EPS": 0.73,
        "Total Revenue": NaN,
        "Gross Profit": NaN,
        "Operating Income": NaN,
        "EBIT": NaN,
        "Net Income": NaN
    },
    "2022-01-31": {
        "Diluted EPS": 0.71,
        "Total Revenue": NaN,
        "Gross Profit": NaN,
        "Operating Income": NaN,
        "EBIT": NaN,
        "Net Income": NaN
    },
    "2021-10-31": {
        "Diluted EPS": 0.7,
        "Total Revenue": NaN,
        "Gross Profit": NaN,
        "Operating Income": NaN,
        "EBIT": NaN,
        "Net Income": NaN
    },
    "2021-07-31": {
        "Diluted EPS": 0.71,
        "Total Revenue": NaN,
        "Gross Profit": NaN,
        "Operating Income": NaN,
        "EBIT": NaN,
        "Net Income": NaN
    },
    "2021-04-30": {
        "Diluted EPS": 0.68,
        "Total Revenue": NaN,
        "Gross Profit": NaN,
        "Operating Income": NaN,
        "EBIT": NaN,
        "Net Income": NaN
    },
    "2021-01-31": {
        "Diluted EPS": 0.6,
        "Total Revenue": NaN,
        "Gross Profit": NaN,
        "Operating Income": NaN,
        "EBIT": NaN,
        "Net Income": NaN
    },
    "2020-10-31": {
        "Diluted EPS": 0.51,
        "Total Revenue": NaN,
        "Gross Profit": NaN,
        "Operating Income": NaN,
        "EBIT": NaN,
        "Net Income": NaN
    },
    "2020-07-31": {
        "Diluted EPS": 0.63,
        "Total Revenue": NaN,
        "Gross Profit": NaN,
        "Operating Income": NaN,
        "EBIT": NaN,
        "Net Income": NaN
    },
    "2020-04-30": {
        "Diluted EPS": 0.65,
        "Total Revenue": NaN,
        "Gross Profit": NaN,
        "Operating Income": NaN,
        "EBIT": NaN,
        "Net Income": NaN
    },
    "2020-01-31": {
        "Diluted EPS": 0.68,
        "Total Revenue": NaN,
        "Gross Profit": NaN,
        "Operating Income": NaN,
        "EBIT": NaN,
        "Net Income": NaN
    },
    "2019-10-31": {
        "Diluted EPS": 0.68,
        "Total Revenue": NaN,
        "Gross Profit": NaN,
        "Operating Income": NaN,
        "EBIT": NaN,
        "Net Income": NaN
    },
    "2019-07-31": {
        "Diluted EPS": 0.52,
        "Total Revenue": NaN,
        "Gross Profit": NaN,
        "Operating Income": NaN,
        "EBIT": NaN,
        "Net Income": NaN
    },
    "2019-04-30": {
        "Diluted EPS": 0.69,
        "Total Revenue": NaN,
        "Gross Profit": NaN,
        "Operating Income": NaN,
        "EBIT": NaN,
        "Net Income": NaN
    },
    "2019-01-31": {
        "Diluted EPS": 0.63,
        "Total Revenue": NaN,
        "Gross Profit": NaN,
        "Operating Income": NaN,
        "EBIT": NaN,
        "Net Income": NaN
    },
    "2018-10-31": {
        "Diluted EPS": 0.77,
        "Total Revenue": NaN,
        "Gross Profit": NaN,
        "Operating Income": NaN,
        "EBIT": NaN,
        "Net Income": NaN
    },
    "2018-07-31": {
        "Diluted EPS": 0.76,
        "Total Revenue": NaN,
        "Gross Profit": NaN,
        "Operating Income": NaN,
        "EBIT": NaN,
        "Net Income": NaN
    },
    "2018-04-30": {
        "Diluted EPS": 0.56,
        "Total Revenue": NaN,
        "Gross Profit": NaN,
        "Operating Income": NaN,
        "EBIT": NaN,
        "Net Income": NaN
    },
    "2018-01-31": {
        "Diluted EPS": -1.78,
        "Total Revenue": NaN,
        "Gross Profit": NaN,
        "Operating Income": NaN,
        "EBIT": NaN,
        "Net Income": NaN
    },
    "2017-10-31": {
        "Diluted EPS": 0.48,
        "Total Revenue": NaN,
        "Gross Profit": NaN,
        "Operating Income": NaN,
        "EBIT": NaN,
        "Net Income": NaN
    },
    "2017-07-31": {
        "Diluted EPS": 0.47,
        "Total Revenue": NaN,
        "Gross Profit": NaN,
        "Operating Income": NaN,
        "EBIT": NaN,
        "Net Income": NaN
    },
    "2017-04-30": {
        "Diluted EPS": 0.5,
        "Total Revenue": NaN,
        "Gross Profit": NaN,
        "Operating Income": NaN,
        "EBIT": NaN,
        "Net Income": NaN
    },
    "2017-01-31": {
        "Diluted EPS": 0.47,
        "Total Revenue": NaN,
        "Gross Profit": NaN,
        "Operating Income": NaN,
        "EBIT": NaN,
        "Net Income": NaN
    },
    "2016-10-31": {
        "Diluted EPS": 0.46,
        "Total Revenue": NaN,
        "Gross Profit": NaN,
        "Operating Income": NaN,
        "EBIT": NaN,
        "Net Income": NaN
    },
    "2016-07-31": {
        "Diluted EPS": 0.55,
        "Total Revenue": NaN,
        "Gross Profit": NaN,
        "Operating Income": NaN,
        "EBIT": NaN,
        "Net Income": NaN
    },
    "2016-04-30": {
        "Diluted EPS": 0.46,
        "Total Revenue": NaN,
        "Gross Profit": NaN,
        "Operating Income": NaN,
        "EBIT": NaN,
        "Net Income": NaN
    },
    "2016-01-31": {
        "Diluted EPS": 0.62,
        "Total Revenue": NaN,
        "Gross Profit": NaN,
        "Operating Income": NaN,
        "EBIT": NaN,
        "Net Income": NaN
    },
    "2015-10-31": {
        "Diluted EPS": 0.48,
        "Total Revenue": NaN,
        "Gross Profit": NaN,
        "Operating Income": NaN,
        "EBIT": NaN,
        "Net Income": NaN
    },
    "2015-07-31": {
        "Diluted EPS": 0.47,
        "Total Revenue": NaN,
        "Gross Profit": NaN,
        "Operating Income": NaN,
        "EBIT": NaN,
        "Net Income": NaN
    },
    "2015-04-30": {
        "Diluted EPS": 0.47,
        "Total Revenue": NaN,
        "Gross Profit": NaN,
        "Operating Income": NaN,
        "EBIT": NaN,
        "Net Income": NaN
    },
    "2015-01-31": {
        "Diluted EPS": 0.46,
        "Total Revenue": NaN,
        "Gross Profit": NaN,
        "Operating Income": NaN,
        "EBIT": NaN,
        "Net Income": NaN
    },
    "2014-10-31": {
        "Diluted EPS": 0.35,
        "Total Revenue": NaN,
        "Gross Profit": NaN,
        "Operating Income": NaN,
        "EBIT": NaN,
        "Net Income": NaN
    },
    "2014-07-31": {
        "Diluted EPS": 0.43,
        "Total Revenue": NaN,
        "Gross Profit": NaN,
        "Operating Income": NaN,
        "EBIT": NaN,
        "Net Income": NaN
    },
    "2014-04-30": {
        "Diluted EPS": 0.42,
        "Total Revenue": NaN,
        "Gross Profit": NaN,
        "Operating Income": NaN,
        "EBIT": NaN,
        "Net Income": NaN
    },
    "2014-01-31": {
        "Diluted EPS": 0.27,
        "Total Revenue": NaN,
        "Gross Profit": NaN,
        "Operating Income": NaN,
        "EBIT": NaN,
        "Net Income": NaN
    },
    "2013-10-31": {
        "Diluted EPS": 0.37,
        "Total Revenue": NaN,
        "Gross Profit": NaN,
        "Operating Income": NaN,
        "EBIT": NaN,
        "Net Income": NaN
    },
    "2013-07-31": {
        "Diluted EPS": 0.42,
        "Total Revenue": NaN,
        "Gross Profit": NaN,
        "Operating Income": NaN,
        "EBIT": NaN,
        "Net Income": NaN
    },
    "2013-04-30": {
        "Diluted EPS": 0.46,
        "Total Revenue": NaN,
        "Gross Profit": NaN,
        "Operating Income": NaN,
        "EBIT": NaN,
        "Net Income": NaN
    },
    "2013-01-31": {
        "Diluted EPS": 0.59,
        "Total Revenue": NaN,
        "Gross Profit": NaN,
        "Operating Income": NaN,
        "EBIT": NaN,
        "Net Income": NaN
    },
    "2012-10-31": {
        "Diluted EPS": 0.39,
        "Total Revenue": NaN,
        "Gross Profit": NaN,
        "Operating Income": NaN,
        "EBIT": NaN,
        "Net Income": NaN
    },
    "2012-07-31": {
        "Diluted EPS": 0.36,
        "Total Revenue": NaN,
        "Gross Profit": NaN,
        "Operating Income": NaN,
        "EBIT": NaN,
        "Net Income": NaN
    },
    "2012-04-30": {
        "Diluted EPS": 0.4,
        "Total Revenue": NaN,
        "Gross Profit": NaN,
        "Operating Income": NaN,
        "EBIT": NaN,
        "Net Income": NaN
    },
    "2012-01-31": {
        "Diluted EPS": 0.4,
        "Total Revenue": NaN,
        "Gross Profit": NaN,
        "Operating Income": NaN,
        "EBIT": NaN,
        "Net Income": NaN
    },
    "2011-10-31": {
        "Diluted EPS": 0.33,
        "Total Revenue": NaN,
        "Gross Profit": NaN,
        "Operating Income": NaN,
        "EBIT": NaN,
        "Net Income": NaN
    },
    "2011-07-31": {
        "Diluted EPS": 0.23,
        "Total Revenue": NaN,
        "Gross Profit": NaN,
        "Operating Income": NaN,
        "EBIT": NaN,
        "Net Income": NaN
    },
    "2011-04-30": {
        "Diluted EPS": 0.33,
        "Total Revenue": NaN,
        "Gross Profit": NaN,
        "Operating Income": NaN,
        "EBIT": NaN,
        "Net Income": NaN
    },
    "2011-01-31": {
        "Diluted EPS": 0.27,
        "Total Revenue": NaN,
        "Gross Profit": NaN,
        "Operating Income": NaN,
        "EBIT": NaN,
        "Net Income": NaN
    },
    "2010-10-31": {
        "Diluted EPS": 0.34,
        "Total Revenue": NaN,
        "Gross Profit": NaN,
        "Operating Income": NaN,
        "EBIT": NaN,
        "Net Income": NaN
    },
    "2010-07-31": {
        "Diluted EPS": 0.34,
        "Total Revenue": NaN,
        "Gross Profit": NaN,
        "Operating Income": NaN,
        "EBIT": NaN,
        "Net Income": NaN
    },
    "2010-04-30": {
        "Diluted EPS": 0.37,
        "Total Revenue": NaN,
        "Gross Profit": NaN,
        "Operating Income": NaN,
        "EBIT": NaN,
        "Net Income": NaN
    },
    "2010-01-31": {
        "Diluted EPS": 0.32,
        "Total Revenue": NaN,
        "Gross Profit": NaN,
        "Operating Income": NaN,
        "EBIT": NaN,
        "Net Income": NaN
    },
    "2009-10-31": {
        "Diluted EPS": 0.3,
        "Total Revenue": NaN,
        "Gross Profit": NaN,
        "Operating Income": NaN,
        "EBIT": NaN,
        "Net Income": NaN
    },
    "2009-07-31": {
        "Diluted EPS": 0.19,
        "Total Revenue": NaN,
        "Gross Profit": NaN,
        "Operating Income": NaN,
        "EBIT": NaN,
        "Net Income": NaN
    },
    "2009-04-30": {
        "Diluted EPS": 0.23,
        "Total Revenue": NaN,
        "Gross Profit": NaN,
        "Operating Income": NaN,
        "EBIT": NaN,
        "Net Income": NaN
    },
    "2009-01-31": {
        "Diluted EPS": 0.26,
        "Total Revenue": NaN,
        "Gross Profit": NaN,
        "Operating Income": NaN,
        "EBIT": NaN,
        "Net Income": NaN
    },
    "2023-07-31": {
        "Tax Effect Of Unusual Items": -18587787.966898,
        "Tax Rate For Calcs": 0.114739,
        "Normalized EBITDA": 5166000000.0,
        "Total Unusual Items": -162000000.0,
        "Total Unusual Items Excluding Goodwill": -162000000.0,
        "Net Income From Continuing Operation Net Minority Interest": 3958000000.0,
        "Reconciled Depreciation": 422000000.0,
        "Reconciled Cost Of Revenue": 5103000000.0,
        "EBITDA": 5004000000.0,
        "EBIT": 4582000000.0,
        "Net Interest Income": 201000000.0,
        "Interest Expense": 111000000.0,
        "Interest Income": 312000000.0,
        "Normalized Income": 4101412212.033102,
        "Net Income From Continuing And Discontinued Operation": 3958000000.0,
        "Total Expenses": 10747000000.0,
        "Total Operating Income As Reported": 4253000000.0,
        "Diluted Average Shares": 4093000000.0,
        "Basic Average Shares": 4071000000.0,
        "Diluted EPS": 0.97,
        "Basic EPS": 0.97,
        "Diluted NI Availto Com Stockholders": 3958000000.0,
        "Net Income Common Stockholders": 3958000000.0,
        "Net Income": 3958000000.0,
        "Net Income Including Noncontrolling Interests": 3958000000.0,
        "Net Income Continuous Operations": 3958000000.0,
        "Tax Provision": 513000000.0,
        "Pretax Income": 4471000000.0,
        "Other Income Expense": -186000000.0,
        "Other Non Operating Income Expenses": -24000000.0,
        "Special Income Charges": -203000000.0,
        "Restructuring And Mergern Acquisition": 203000000.0,
        "Gain On Sale Of Security": 41000000.0,
        "Net Non Operating Interest Income Expense": 201000000.0,
        "Interest Expense Non Operating": 111000000.0,
        "Interest Income Non Operating": 312000000.0,
        "Operating Income": 4456000000.0,
        "Operating Expense": 5292000000.0,
        "Depreciation Amortization Depletion Income Statement": 70000000.0,
        "Depreciation And Amortization In Income Statement": 70000000.0,
        "Amortization": 70000000.0,
        "Amortization Of Intangibles Income Statement": 70000000.0,
        "Research And Development": 1953000000.0,
        "Selling General And Administration": 3269000000.0,
        "Selling And Marketing Expense": 2579000000.0,
        "General And Administrative Expense": 690000000.0,
        "Other Gand A": 690000000.0,
        "Gross Profit": 9748000000.0,
        "Cost Of Revenue": 5455000000.0,
        "Total Revenue": 15203000000.0,
        "Operating Revenue": 15203000000.0
    },
    "2023-10-31": {
        "Tax Effect Of Unusual Items": -35114000.0,
        "Tax Rate For Calcs": 0.181,
        "Normalized EBITDA": 5148000000.0,
        "Total Unusual Items": -194000000.0,
        "Total Unusual Items Excluding Goodwill": -194000000.0,
        "Net Income From Continuing Operation Net Minority Interest": 3638000000.0,
        "Reconciled Depreciation": 401000000.0,
        "Reconciled Cost Of Revenue": 4777000000.0,
        "EBITDA": 4954000000.0,
        "EBIT": 4553000000.0,
        "Net Interest Income": 249000000.0,
        "Interest Expense": 111000000.0,
        "Interest Income": 360000000.0,
        "Normalized Income": 3796886000.0,
        "Net Income From Continuing And Discontinued Operation": 3638000000.0,
        "Total Expenses": 10269000000.0,
        "Total Operating Income As Reported": 4276000000.0,
        "Diluted Average Shares": 4087000000.0,
        "Basic Average Shares": 4057000000.0,
        "Diluted EPS": 0.89,
        "Basic EPS": 0.9,
        "Diluted NI Availto Com Stockholders": 3638000000.0,
        "Net Income Common Stockholders": 3638000000.0,
        "Net Income": 3638000000.0,
        "Net Income Including Noncontrolling Interests": 3638000000.0,
        "Net Income Continuous Operations": 3638000000.0,
        "Tax Provision": 804000000.0,
        "Pretax Income": 4442000000.0,
        "Other Income Expense": -206000000.0,
        "Other Non Operating Income Expenses": -12000000.0,
        "Special Income Charges": -123000000.0,
        "Restructuring And Mergern Acquisition": 123000000.0,
        "Gain On Sale Of Security": -71000000.0,
        "Net Non Operating Interest Income Expense": 249000000.0,
        "Interest Expense Non Operating": 111000000.0,
        "Interest Income Non Operating": 360000000.0,
        "Operating Income": 4399000000.0,
        "Operating Expense": 5158000000.0,
        "Depreciation Amortization Depletion Income Statement": 67000000.0,
        "Depreciation And Amortization In Income Statement": 67000000.0,
        "Amortization": 67000000.0,
        "Amortization Of Intangibles Income Statement": 67000000.0,
        "Research And Development": 1913000000.0,
        "Selling General And Administration": 3178000000.0,
        "Selling And Marketing Expense": 2506000000.0,
        "General And Administrative Expense": 672000000.0,
        "Other Gand A": 672000000.0,
        "Gross Profit": 9557000000.0,
        "Cost Of Revenue": 5111000000.0,
        "Total Revenue": 14668000000.0,
        "Operating Revenue": 14668000000.0
    },
    "2024-01-31": {
        "Tax Effect Of Unusual Items": NaN,
        "Tax Rate For Calcs": NaN,
        "Normalized EBITDA": NaN,
        "Total Unusual Items": NaN,
        "Total Unusual Items Excluding Goodwill": NaN,
        "Net Income From Continuing Operation Net Minority Interest": NaN,
        "Reconciled Depreciation": NaN,
        "Reconciled Cost Of Revenue": NaN,
        "EBITDA": NaN,
        "EBIT": NaN,
        "Net Interest Income": NaN,
        "Interest Expense": NaN,
        "Interest Income": NaN,
        "Normalized Income": NaN,
        "Net Income From Continuing And Discontinued Operation": NaN,
        "Total Expenses": NaN,
        "Total Operating Income As Reported": NaN,
        "Diluted Average Shares": 4073000000.0,
        "Basic Average Shares": 4055000000.0,
        "Diluted EPS": 0.65,
        "Basic EPS": 0.65,
        "Diluted NI Availto Com Stockholders": NaN,
        "Net Income Common Stockholders": NaN,
        "Net Income": NaN,
        "Net Income Including Noncontrolling Interests": NaN,
        "Net Income Continuous Operations": NaN,
        "Tax Provision": NaN,
        "Pretax Income": NaN,
        "Other Income Expense": NaN,
        "Other Non Operating Income Expenses": NaN,
        "Special Income Charges": NaN,
        "Restructuring And Mergern Acquisition": NaN,
        "Gain On Sale Of Security": NaN,
        "Net Non Operating Interest Income Expense": NaN,
        "Interest Expense Non Operating": NaN,
        "Interest Income Non Operating": NaN,
        "Operating Income": NaN,
        "Operating Expense": NaN,
        "Depreciation Amortization Depletion Income Statement": NaN,
        "Depreciation And Amortization In Income Statement": NaN,
        "Amortization": NaN,
        "Amortization Of Intangibles Income Statement": NaN,
        "Research And Development": NaN,
        "Selling General And Administration": NaN,
        "Selling And Marketing Expense": NaN,
        "General And Administrative Expense": NaN,
        "Other Gand A": NaN,
        "Gross Profit": NaN,
        "Cost Of Revenue": NaN,
        "Total Revenue": NaN,
        "Operating Revenue": NaN
    }
}