{
    "2023-05-31": {
        "Tax Effect Of Unusual Items": NaN,
        "Tax Rate For Calcs": NaN,
        "Normalized EBITDA": NaN,
        "Net Income From Continuing Operation Net Minority Interest": NaN,
        "Reconciled Depreciation": NaN,
        "Reconciled Cost Of Revenue": NaN,
        "EBITDA": NaN,
        "EBIT": NaN,
        "Net Interest Income": NaN,
        "Interest Expense": NaN,
        "Interest Income": NaN,
        "Normalized Income": NaN,
        "Net Income From Continuing And Discontinued Operation": NaN,
        "Total Expenses": NaN,
        "Total Operating Income As Reported": NaN,
        "Diluted Average Shares": 413672000.0,
        "Basic Average Shares": 407152000.0,
        "Diluted EPS": 0.8325,
        "Basic EPS": 0.8475,
        "Diluted NI Availto Com Stockholders": NaN,
        "Net Income Common Stockholders": NaN,
        "Otherunder Preferred Stock Dividend": NaN,
        "Net Income": NaN,
        "Net Income Including Noncontrolling Interests": NaN,
        "Net Income Continuous Operations": NaN,
        "Tax Provision": NaN,
        "Pretax Income": NaN,
        "Net Non Operating Interest Income Expense": NaN,
        "Interest Expense Non Operating": NaN,
        "Interest Income Non Operating": NaN,
        "Operating Income": NaN,
        "Operating Expense": NaN,
        "Selling General And Administration": NaN,
        "Gross Profit": NaN,
        "Cost Of Revenue": NaN,
        "Total Revenue": NaN,
        "Operating Revenue": NaN
    },
    "2023-02-28": {
        "Tax Effect Of Unusual Items": NaN,
        "Tax Rate For Calcs": NaN,
        "Normalized EBITDA": NaN,
        "Net Income From Continuing Operation Net Minority Interest": NaN,
        "Reconciled Depreciation": NaN,
        "Reconciled Cost Of Revenue": NaN,
        "EBITDA": NaN,
        "EBIT": NaN,
        "Net Interest Income": NaN,
        "Interest Expense": NaN,
        "Interest Income": NaN,
        "Normalized Income": NaN,
        "Net Income From Continuing And Discontinued Operation": NaN,
        "Total Expenses": NaN,
        "Total Operating Income As Reported": NaN,
        "Diluted Average Shares": 103418000.0,
        "Basic Average Shares": 101714000.0,
        "Diluted EPS": 3.14,
        "Basic EPS": 3.19,
        "Diluted NI Availto Com Stockholders": NaN,
        "Net Income Common Stockholders": NaN,
        "Otherunder Preferred Stock Dividend": NaN,
        "Net Income": NaN,
        "Net Income Including Noncontrolling Interests": NaN,
        "Net Income Continuous Operations": NaN,
        "Tax Provision": NaN,
        "Pretax Income": NaN,
        "Net Non Operating Interest Income Expense": NaN,
        "Interest Expense Non Operating": NaN,
        "Interest Income Non Operating": NaN,
        "Operating Income": NaN,
        "Operating Expense": NaN,
        "Selling General And Administration": NaN,
        "Gross Profit": NaN,
        "Cost Of Revenue": NaN,
        "Total Revenue": NaN,
        "Operating Revenue": NaN
    },
    "2022-11-30": {
        "Tax Effect Of Unusual Items": 0.0,
        "Tax Rate For Calcs": 0.221,
        "Normalized EBITDA": 546486000.0,
        "Net Income From Continuing Operation Net Minority Interest": 324293000.0,
        "Reconciled Depreciation": 101208000.0,
        "Reconciled Cost Of Revenue": 1152411000.0,
        "EBITDA": 546486000.0,
        "EBIT": 445278000.0,
        "Net Interest Income": -28576000.0,
        "Interest Expense": 28920000.0,
        "Interest Income": 344000.0,
        "Normalized Income": 324293000.0,
        "Net Income From Continuing And Discontinued Operation": 324293000.0,
        "Total Expenses": 1729924000.0,
        "Total Operating Income As Reported": 444934000.0,
        "Diluted Average Shares": 103356000.0,
        "Basic Average Shares": 101637000.0,
        "Diluted EPS": 3.12,
        "Basic EPS": 3.18,
        "Diluted NI Availto Com Stockholders": 322921000.0,
        "Net Income Common Stockholders": 322921000.0,
        "Otherunder Preferred Stock Dividend": 1372000.0,
        "Net Income": 324293000.0,
        "Net Income Including Noncontrolling Interests": 324293000.0,
        "Net Income Continuous Operations": 324293000.0,
        "Tax Provision": 92065000.0,
        "Pretax Income": 416358000.0,
        "Net Non Operating Interest Income Expense": -28576000.0,
        "Interest Expense Non Operating": 28920000.0,
        "Interest Income Non Operating": 344000.0,
        "Operating Income": 444934000.0,
        "Operating Expense": 577513000.0,
        "Selling General And Administration": 577513000.0,
        "Gross Profit": 1022447000.0,
        "Cost Of Revenue": 1152411000.0,
        "Total Revenue": 2174858000.0,
        "Operating Revenue": 1709987000.0
    },
    "2022-08-31": {
        "Tax Effect Of Unusual Items": 0.0,
        "Tax Rate For Calcs": 0.147534,
        "Normalized EBITDA": 540321000.0,
        "Net Income From Continuing Operation Net Minority Interest": 351689000.0,
        "Reconciled Depreciation": 100046000.0,
        "Reconciled Cost Of Revenue": 1138342000.0,
        "EBITDA": 540321000.0,
        "EBIT": 440275000.0,
        "Net Interest Income": -27565000.0,
        "Interest Expense": 27720000.0,
        "Interest Income": 155000.0,
        "Normalized Income": 351689000.0,
        "Net Income From Continuing And Discontinued Operation": 351689000.0,
        "Total Expenses": 1726334000.0,
        "Total Operating Income As Reported": 440120000.0,
        "Diluted Average Shares": 103337000.0,
        "Basic Average Shares": 101428000.0,
        "Diluted EPS": 3.39,
        "Basic EPS": 3.45,
        "Diluted NI Availto Com Stockholders": 351689000.0,
        "Net Income Common Stockholders": 351689000.0,
        "Otherunder Preferred Stock Dividend": 1520000.0,
        "Net Income": 351689000.0,
        "Net Income Including Noncontrolling Interests": 351689000.0,
        "Net Income Continuous Operations": 351689000.0,
        "Tax Provision": 60866000.0,
        "Pretax Income": 412555000.0,
        "Net Non Operating Interest Income Expense": -27565000.0,
        "Interest Expense Non Operating": 27720000.0,
        "Interest Income Non Operating": 155000.0,
        "Operating Income": 440120000.0,
        "Operating Expense": 587992000.0,
        "Selling General And Administration": 587992000.0,
        "Gross Profit": 1028112000.0,
        "Cost Of Revenue": 1138342000.0,
        "Total Revenue": 2166454000.0,
        "Operating Revenue": 1697772000.0
    },
    "2022-05-31": {
        "Tax Effect Of Unusual Items": 0.0,
        "Tax Rate For Calcs": 0.228052,
        "Normalized EBITDA": 506888000.0,
        "Net Income From Continuing Operation Net Minority Interest": 294461000.0,
        "Reconciled Depreciation": 102378000.0,
        "Reconciled Cost Of Revenue": 1128491000.0,
        "EBIT": 404510000.0,
        "Net Interest Income": -22984000.0,
        "Interest Expense": 23058000.0,
        "Interest Income": 74000.0,
        "Normalized Income": 294461000.0,
        "Net Income From Continuing And Discontinued Operation": 294461000.0,
        "Total Expenses": 1670250000.0,
        "Total Operating Income As Reported": 404436000.0,
        "Diluted Average Shares": 104404000.0,
        "Basic Average Shares": 102374000.0,
        "Diluted EPS": 2.81,
        "Basic EPS": 2.87,
        "Diluted NI Availto Com Stockholders": 294461000.0,
        "Net Income Common Stockholders": 294461000.0,
        "Otherunder Preferred Stock Dividend": 1426000.0,
        "Net Income": 294461000.0,
        "Net Income Including Noncontrolling Interests": 294461000.0,
        "Net Income Continuous Operations": 294461000.0,
        "Tax Provision": 86991000.0,
        "Pretax Income": 381452000.0,
        "Net Non Operating Interest Income Expense": -22984000.0,
        "Interest Expense Non Operating": 23058000.0,
        "Interest Income Non Operating": 74000.0,
        "Operating Income": 404436000.0,
        "Operating Expense": 541759000.0,
        "Selling General And Administration": 541759000.0,
        "Gross Profit": 946195000.0,
        "Cost Of Revenue": 1128491000.0,
        "Total Revenue": 2074686000.0,
        "Operating Revenue": 1630213000.0
    },
    "2022-02-28": {
        "Diluted EPS": 2.97,
        "Total Revenue": NaN,
        "Gross Profit": 898,
        "Operating Income": 408,
        "EBIT": 508,
        "Net Income": 315
    },
    "2021-11-30": {
        "Diluted EPS": 2.76,
        "Total Revenue": NaN,
        "Gross Profit": 885,
        "Operating Income": 381,
        "EBIT": 480,
        "Net Income": 293
    },
    "2021-08-31": {
        "Diluted EPS": 3.11,
        "Total Revenue": NaN,
        "Gross Profit": 903,
        "Operating Income": 394,
        "EBIT": 492,
        "Net Income": 329
    },
    "2021-05-31": {
        "Diluted EPS": 2.47,
        "Total Revenue": NaN,
        "Gross Profit": 859,
        "Operating Income": 356,
        "EBIT": 455,
        "Net Income": 272
    },
    "2021-02-28": {
        "Diluted EPS": 2.37,
        "Total Revenue": NaN,
        "Gross Profit": 810,
        "Operating Income": 326,
        "EBIT": 424,
        "Net Income": 256
    },
    "2020-11-30": {
        "Diluted EPS": 2.62,
        "Total Revenue": NaN,
        "Gross Profit": 820,
        "Operating Income": 353,
        "EBIT": 449,
        "Net Income": 283
    },
    "2020-08-31": {
        "Diluted EPS": 2.78,
        "Total Revenue": NaN,
        "Gross Profit": 826,
        "Operating Income": 350,
        "EBIT": 446,
        "Net Income": 300
    },
    "2020-05-31": {
        "Diluted EPS": 1.36,
        "Total Revenue": NaN,
        "Gross Profit": 708,
        "Operating Income": 207,
        "EBIT": 304,
        "Net Income": 151
    },
    "2020-02-29": {
        "Diluted EPS": 2.16,
        "Total Revenue": NaN,
        "Gross Profit": 824,
        "Operating Income": 315,
        "EBIT": 411,
        "Net Income": 232
    },
    "2019-11-30": {
        "Diluted EPS": 2.27,
        "Total Revenue": NaN,
        "Gross Profit": 852,
        "Operating Income": 334,
        "EBIT": 429,
        "Net Income": 244
    },
    "2019-08-31": {
        "Diluted EPS": 2.32,
        "Total Revenue": NaN,
        "Gross Profit": 849,
        "Operating Income": 306,
        "EBIT": 398,
        "Net Income": 249
    },
    "2019-05-31": {
        "Diluted EPS": 2.07,
        "Total Revenue": NaN,
        "Gross Profit": 824,
        "Operating Income": 314,
        "EBIT": 408,
        "Net Income": 226
    },
    "2019-02-28": {
        "Diluted EPS": 1.85,
        "Total Revenue": NaN,
        "Gross Profit": 755,
        "Operating Income": 278,
        "EBIT": 370,
        "Net Income": 203
    },
    "2018-11-30": {
        "Diluted EPS": 2.18,
        "Total Revenue": NaN,
        "Gross Profit": 775,
        "Operating Income": 276,
        "EBIT": 364,
        "Net Income": 243
    },
    "2018-08-31": {
        "Diluted EPS": 1.89,
        "Total Revenue": NaN,
        "Gross Profit": 775,
        "Operating Income": 265,
        "EBIT": 352,
        "Net Income": 213
    },
    "2018-05-31": {
        "Diluted EPS": 1.66,
        "Total Revenue": NaN,
        "Gross Profit": 752,
        "Operating Income": 266,
        "EBIT": 340,
        "Net Income": 186
    },
    "2018-02-28": {
        "Diluted EPS": 2.71,
        "Total Revenue": NaN,
        "Gross Profit": 700,
        "Operating Income": 200,
        "EBIT": 266,
        "Net Income": 302
    },
    "2017-11-30": {
        "Diluted EPS": 1.23,
        "Total Revenue": NaN,
        "Gross Profit": 716,
        "Operating Income": 235,
        "EBIT": 306,
        "Net Income": 137
    },
    "2017-08-31": {
        "Diluted EPS": 1.96,
        "Total Revenue": NaN,
        "Gross Profit": 739,
        "Operating Income": 249,
        "EBIT": 318,
        "Net Income": 217
    },
    "2017-05-31": {
        "Diluted EPS": 0.76,
        "Total Revenue": NaN,
        "Gross Profit": 679,
        "Operating Income": 177,
        "EBIT": 242,
        "Net Income": 84
    },
    "2017-02-28": {
        "Diluted EPS": 1.07,
        "Total Revenue": NaN,
        "Gross Profit": 560,
        "Operating Income": 192,
        "EBIT": 237,
        "Net Income": 118
    },
    "2016-11-30": {
        "Diluted EPS": 1.29,
        "Total Revenue": NaN,
        "Gross Profit": 565,
        "Operating Income": 200,
        "EBIT": 244,
        "Net Income": 140
    },
    "2016-08-31": {
        "Diluted EPS": 1.26,
        "Total Revenue": NaN,
        "Gross Profit": 576,
        "Operating Income": 204,
        "EBIT": 247,
        "Net Income": 138
    },
    "2016-05-31": {
        "Diluted EPS": 1.22,
        "Total Revenue": NaN,
        "Gross Profit": 525,
        "Operating Income": 190,
        "EBIT": 233,
        "Net Income": 131
    },
    "2016-02-29": {
        "Diluted EPS": 1.05,
        "Total Revenue": NaN,
        "Gross Profit": 525,
        "Operating Income": 193,
        "EBIT": 235,
        "Net Income": 117
    },
    "2015-11-30": {
        "Diluted EPS": 3.06,
        "Total Revenue": NaN,
        "Gross Profit": 527,
        "Operating Income": 200,
        "EBIT": 241,
        "Net Income": 345
    },
    "2015-08-31": {
        "Diluted EPS": 0.88,
        "Total Revenue": NaN,
        "Gross Profit": 524,
        "Operating Income": 186,
        "EBIT": 225,
        "Net Income": 100
    },
    "2015-05-31": {
        "Diluted EPS": 0.9,
        "Total Revenue": NaN,
        "Gross Profit": 458,
        "Operating Income": 165,
        "EBIT": 204,
        "Net Income": 105
    },
    "2015-02-28": {
        "Diluted EPS": 0.8,
        "Total Revenue": NaN,
        "Gross Profit": 475,
        "Operating Income": 174,
        "EBIT": 212,
        "Net Income": 95
    },
    "2014-11-30": {
        "Diluted EPS": 1.0,
        "Total Revenue": NaN,
        "Gross Profit": 481,
        "Operating Income": 182,
        "EBIT": 220,
        "Net Income": 120
    },
    "2014-08-31": {
        "Diluted EPS": 0.93,
        "Total Revenue": NaN,
        "Gross Profit": 478,
        "Operating Income": 163,
        "EBIT": 203,
        "Net Income": 110
    },
    "2014-05-31": {
        "Diluted EPS": 1.03,
        "Total Revenue": 859,
        "Gross Profit": 357,
        "Operating Income": 161,
        "EBIT": 207,
        "Net Income": 127
    },
    "2014-02-28": {
        "Diluted EPS": 0.69,
        "Total Revenue": NaN,
        "Gross Profit": 470,
        "Operating Income": 150,
        "EBIT": 198,
        "Net Income": 85
    },
    "2013-11-30": {
        "Diluted EPS": 0.7,
        "Total Revenue": NaN,
        "Gross Profit": 467,
        "Operating Income": 152,
        "EBIT": 201,
        "Net Income": 85
    },
    "2013-08-31": {
        "Diluted EPS": 0.63,
        "Total Revenue": NaN,
        "Gross Profit": 456,
        "Operating Income": 140,
        "EBIT": 188,
        "Net Income": 78
    },
    "2013-05-31": {
        "Diluted EPS": 0.69,
        "Total Revenue": NaN,
        "Gross Profit": 433,
        "Operating Income": 155,
        "EBIT": 203,
        "Net Income": 87
    },
    "2013-02-28": {
        "Diluted EPS": 0.6,
        "Total Revenue": NaN,
        "Gross Profit": 442,
        "Operating Income": 133,
        "EBIT": 181,
        "Net Income": 74
    },
    "2012-11-30": {
        "Diluted EPS": 0.63,
        "Total Revenue": NaN,
        "Gross Profit": 432,
        "Operating Income": 139,
        "EBIT": 186,
        "Net Income": 78
    },
    "2012-08-31": {
        "Diluted EPS": 0.6,
        "Total Revenue": NaN,
        "Gross Profit": 446,
        "Operating Income": 139,
        "EBIT": 186,
        "Net Income": 76
    },
    "2012-05-31": {
        "Diluted EPS": 0.6,
        "Total Revenue": NaN,
        "Gross Profit": 444,
        "Operating Income": 141,
        "EBIT": 190,
        "Net Income": 78
    },
    "2012-02-29": {
        "Diluted EPS": 0.58,
        "Total Revenue": NaN,
        "Gross Profit": 426,
        "Operating Income": 138,
        "EBIT": 186,
        "Net Income": 75
    },
    "2011-11-30": {
        "Diluted EPS": 0.57,
        "Total Revenue": NaN,
        "Gross Profit": 430,
        "Operating Income": 133,
        "EBIT": 181,
        "Net Income": 74
    },
    "2011-08-31": {
        "Diluted EPS": 0.52,
        "Total Revenue": NaN,
        "Gross Profit": 439,
        "Operating Income": 129,
        "EBIT": 177,
        "Net Income": 68
    },
    "2011-05-31": {
        "Diluted EPS": 0.49,
        "Total Revenue": NaN,
        "Gross Profit": 433,
        "Operating Income": 129,
        "EBIT": 178,
        "Net Income": 71
    },
    "2011-02-28": {
        "Diluted EPS": 0.41,
        "Total Revenue": 938,
        "Gross Profit": 392,
        "Operating Income": 109,
        "EBIT": 157,
        "Net Income": 59
    },
    "2010-11-30": {
        "Diluted EPS": 0.38,
        "Total Revenue": 937,
        "Gross Profit": 391,
        "Operating Income": 102,
        "EBIT": 150,
        "Net Income": 56
    },
    "2010-08-31": {
        "Diluted EPS": 0.4,
        "Total Revenue": 924,
        "Gross Profit": 394,
        "Operating Income": 100,
        "EBIT": 148,
        "Net Income": 61
    },
    "2010-05-31": {
        "Diluted EPS": 0.36,
        "Total Revenue": 909,
        "Gross Profit": 386,
        "Operating Income": 102,
        "EBIT": 150,
        "Net Income": 55
    },
    "2010-02-28": {
        "Diluted EPS": 0.32,
        "Total Revenue": 862,
        "Gross Profit": 360,
        "Operating Income": 84,
        "EBIT": 132,
        "Net Income": 49
    },
    "2009-11-30": {
        "Diluted EPS": 0.37,
        "Total Revenue": 885,
        "Gross Profit": 370,
        "Operating Income": 106,
        "EBIT": 154,
        "Net Income": 57
    },
    "2009-08-31": {
        "Diluted EPS": 0.35,
        "Total Revenue": 892,
        "Gross Profit": 383,
        "Operating Income": 99,
        "EBIT": 148,
        "Net Income": 54
    },
    "2009-05-31": {
        "Diluted EPS": 0.03,
        "Total Revenue": 879,
        "Gross Profit": 334,
        "Operating Income": 22,
        "EBIT": 72,
        "Net Income": 4
    },
    "2009-02-28": {
        "Diluted EPS": 0.47,
        "Total Revenue": 909,
        "Gross Profit": 376,
        "Operating Income": 119,
        "EBIT": 170,
        "Net Income": 72
    },
    "2023-08-31": {
        "Tax Effect Of Unusual Items": 0.0,
        "Tax Rate For Calcs": 0.192,
        "Normalized EBITDA": 607790000.0,
        "Net Income From Continuing Operation Net Minority Interest": 385085000.0,
        "Reconciled Depreciation": 106812000.0,
        "Reconciled Cost Of Revenue": 1200759000.0,
        "EBITDA": 607790000.0,
        "EBIT": 500978000.0,
        "Net Interest Income": -24122000.0,
        "Interest Expense": 24544000.0,
        "Interest Income": 422000.0,
        "Normalized Income": 385085000.0,
        "Net Income From Continuing And Discontinued Operation": 385085000.0,
        "Total Expenses": 1841774000.0,
        "Total Operating Income As Reported": 500556000.0,
        "Diluted Average Shares": 414289000.0,
        "Basic Average Shares": 407580000.0,
        "Diluted EPS": 0.93,
        "Basic EPS": 0.94,
        "Diluted NI Availto Com Stockholders": 383525000.0,
        "Net Income Common Stockholders": 383525000.0,
        "Otherunder Preferred Stock Dividend": 1560000.0,
        "Net Income": 385085000.0,
        "Net Income Including Noncontrolling Interests": 385085000.0,
        "Net Income Continuous Operations": 385085000.0,
        "Tax Provision": 91349000.0,
        "Pretax Income": 476434000.0,
        "Net Non Operating Interest Income Expense": -24122000.0,
        "Interest Expense Non Operating": 24544000.0,
        "Interest Income Non Operating": 422000.0,
        "Operating Income": 500556000.0,
        "Operating Expense": 641015000.0,
        "Selling General And Administration": 641015000.0,
        "Gross Profit": 1141571000.0,
        "Cost Of Revenue": 1200759000.0,
        "Total Revenue": 2342330000.0,
        "Operating Revenue": 1826825000.0
    },
    "2023-11-30": {
        "Tax Effect Of Unusual Items": 0.0,
        "Tax Rate For Calcs": 0.209,
        "Normalized EBITDA": 609678000.0,
        "Net Income From Continuing Operation Net Minority Interest": 374613000.0,
        "Reconciled Depreciation": 109226000.0,
        "Reconciled Cost Of Revenue": 1235629000.0,
        "EBITDA": 609678000.0,
        "EBIT": 500452000.0,
        "Net Interest Income": -25821000.0,
        "Interest Expense": 26590000.0,
        "Interest Income": 769000.0,
        "Normalized Income": 374613000.0,
        "Net Income From Continuing And Discontinued Operation": 374613000.0,
        "Total Expenses": 1877494000.0,
        "Total Operating Income As Reported": 499683000.0,
        "Diluted Average Shares": 413064000.0,
        "Basic Average Shares": 406668000.0,
        "Diluted EPS": 0.9025,
        "Basic EPS": 0.9175,
        "Diluted NI Availto Com Stockholders": 373153000.0,
        "Net Income Common Stockholders": 373153000.0,
        "Otherunder Preferred Stock Dividend": 1460000.0,
        "Net Income": 374613000.0,
        "Net Income Including Noncontrolling Interests": 374613000.0,
        "Net Income Continuous Operations": 374613000.0,
        "Tax Provision": 99249000.0,
        "Pretax Income": 473862000.0,
        "Net Non Operating Interest Income Expense": -25821000.0,
        "Interest Expense Non Operating": 26590000.0,
        "Interest Income Non Operating": 769000.0,
        "Operating Income": 499683000.0,
        "Operating Expense": 641865000.0,
        "Selling General And Administration": 641865000.0,
        "Gross Profit": 1141548000.0,
        "Cost Of Revenue": 1235629000.0,
        "Total Revenue": 2377177000.0,
        "Operating Revenue": 1850542000.0
    },
    "2024-02-29": {
        "Tax Effect Of Unusual Items": 0.0,
        "Tax Rate For Calcs": 0.199,
        "Normalized EBITDA": 633144000.0,
        "Net Income From Continuing Operation Net Minority Interest": 397579000.0,
        "Reconciled Depreciation": 111414000.0,
        "Reconciled Cost Of Revenue": 1218325000.0,
        "EBITDA": 633144000.0,
        "EBIT": 521730000.0,
        "Net Interest Income": -24600000.0,
        "Interest Expense": 25530000.0,
        "Interest Income": 930000.0,
        "Normalized Income": 397579000.0,
        "Net Income From Continuing And Discontinued Operation": 397579000.0,
        "Total Expenses": 1885373000.0,
        "Total Operating Income As Reported": 520800000.0,
        "Diluted Average Shares": 412748000.0,
        "Basic Average Shares": 405908000.0,
        "Diluted EPS": 0.96,
        "Basic EPS": 0.975,
        "Diluted NI Availto Com Stockholders": 396036000.0,
        "Net Income Common Stockholders": 396036000.0,
        "Otherunder Preferred Stock Dividend": 1543000.0,
        "Net Income": 397579000.0,
        "Net Income Including Noncontrolling Interests": 397579000.0,
        "Net Income Continuous Operations": 397579000.0,
        "Tax Provision": 98621000.0,
        "Pretax Income": 496200000.0,
        "Net Non Operating Interest Income Expense": -24600000.0,
        "Interest Expense Non Operating": 25530000.0,
        "Interest Income Non Operating": 930000.0,
        "Operating Income": 520800000.0,
        "Operating Expense": 667048000.0,
        "Selling General And Administration": 667048000.0,
        "Gross Profit": 1187848000.0,
        "Cost Of Revenue": 1218325000.0,
        "Total Revenue": 2406173000.0,
        "Operating Revenue": 1876642000.0
    },
    "2024-05-31": {
        "Tax Effect Of Unusual Items": 0.0,
        "Tax Rate For Calcs": 0.214031,
        "Normalized EBITDA": 666147000.0,
        "Net Income From Continuing Operation Net Minority Interest": 414315000.0,
        "Reconciled Depreciation": 114932000.0,
        "Reconciled Cost Of Revenue": 1255486000.0,
        "EBITDA": 666147000.0,
        "EBIT": 551215000.0,
        "Net Interest Income": -20455000.0,
        "Interest Expense": 24076000.0,
        "Interest Income": 3621000.0,
        "Normalized Income": 414315000.0,
        "Net Income From Continuing And Discontinued Operation": 414315000.0,
        "Total Expenses": 1923341000.0,
        "Total Operating Income As Reported": 547594000.0,
        "Diluted Average Shares": NaN,
        "Basic Average Shares": NaN,
        "Diluted EPS": NaN,
        "Basic EPS": NaN,
        "Diluted NI Availto Com Stockholders": 412873000.0,
        "Net Income Common Stockholders": 412873000.0,
        "Otherunder Preferred Stock Dividend": 1442000.0,
        "Net Income": 414315000.0,
        "Net Income Including Noncontrolling Interests": 414315000.0,
        "Net Income Continuous Operations": 414315000.0,
        "Tax Provision": 112824000.0,
        "Pretax Income": 527139000.0,
        "Net Non Operating Interest Income Expense": -20455000.0,
        "Interest Expense Non Operating": 24076000.0,
        "Interest Income Non Operating": 3621000.0,
        "Operating Income": 547594000.0,
        "Operating Expense": 667855000.0,
        "Selling General And Administration": 667855000.0,
        "Gross Profit": 1215449000.0,
        "Cost Of Revenue": 1255486000.0,
        "Total Revenue": 2470935000.0,
        "Operating Revenue": 1911190000.0
    },
    "2024-08-31": {
        "Tax Effect Of Unusual Items": 0.0,
        "Tax Rate For Calcs": 0.158,
        "Normalized EBITDA": 677485000.0,
        "Net Income From Continuing Operation Net Minority Interest": 452033000.0,
        "Reconciled Depreciation": 115204000.0,
        "Reconciled Cost Of Revenue": 1249456000.0,
        "EBITDA": 677485000.0,
        "EBIT": 562281000.0,
        "Net Interest Income": -24369000.0,
        "Interest Expense": 25619000.0,
        "Interest Income": 1250000.0,
        "Normalized Income": 452033000.0,
        "Net Income From Continuing And Discontinued Operation": 452033000.0,
        "Total Expenses": 1940556000.0,
        "Total Operating Income As Reported": 561031000.0,
        "Diluted Average Shares": 410496000.0,
        "Basic Average Shares": 403382000.0,
        "Diluted EPS": 1.1,
        "Basic EPS": 1.12,
        "Diluted NI Availto Com Stockholders": 450379000.0,
        "Net Income Common Stockholders": 450379000.0,
        "Otherunder Preferred Stock Dividend": 1654000.0,
        "Net Income": 452033000.0,
        "Net Income Including Noncontrolling Interests": 452033000.0,
        "Net Income Continuous Operations": 452033000.0,
        "Tax Provision": 84629000.0,
        "Pretax Income": 536662000.0,
        "Net Non Operating Interest Income Expense": -24369000.0,
        "Interest Expense Non Operating": 25619000.0,
        "Interest Income Non Operating": 1250000.0,
        "Operating Income": 561031000.0,
        "Operating Expense": 691100000.0,
        "Selling General And Administration": 691100000.0,
        "Gross Profit": 1252131000.0,
        "Cost Of Revenue": 1249456000.0,
        "Total Revenue": 2501587000.0,
        "Operating Revenue": 1933839000.0
    }
}