{
    "2023-12-31": {
        "Tax Effect Of Unusual Items": 0.0,
        "Tax Rate For Calcs": 0.0,
        "Normalized EBITDA": -4601400.0,
        "Total Unusual Items": -21478121.0,
        "Total Unusual Items Excluding Goodwill": -21478121.0,
        "Net Income From Continuing Operation Net Minority Interest": -27617081.0,
        "Reconciled Depreciation": 26623.0,
        "Reconciled Cost Of Revenue": 154738.0,
        "EBITDA": -26079521.0,
        "EBIT": -26106144.0,
        "Net Interest Income": -1481320.0,
        "Interest Expense": 1510937.0,
        "Interest Income": 29617.0,
        "Normalized Income": -6138960.0,
        "Net Income From Continuing And Discontinued Operation": -27617081.0,
        "Total Expenses": 4091416.0,
        "Rent Expense Supplemental": NaN,
        "Total Operating Income As Reported": NaN,
        "Diluted Average Shares": NaN,
        "Basic Average Shares": NaN,
        "Diluted EPS": NaN,
        "Basic EPS": NaN,
        "Diluted NI Availto Com Stockholders": -27617081.0,
        "Net Income Common Stockholders": -27617081.0,
        "Net Income": -27617081.0,
        "Net Income Including Noncontrolling Interests": -27617081.0,
        "Net Income Continuous Operations": -27617081.0,
        "Tax Provision": NaN,
        "Pretax Income": -27617081.0,
        "Other Income Expense": -22044345.0,
        "Other Non Operating Income Expenses": NaN,
        "Special Income Charges": -785751.0,
        "Gain On Sale Of Ppe": NaN,
        "Other Special Charges": NaN,
        "Write Off": NaN,
        "Impairment Of Capital Assets": NaN,
        "Earnings From Equity Interest": -706307.0,
        "Gain On Sale Of Security": -20692370.0,
        "Net Non Operating Interest Income Expense": -1481320.0,
        "Interest Expense Non Operating": 1510937.0,
        "Interest Income Non Operating": 29617.0,
        "Operating Income": -4091416.0,
        "Operating Expense": 3936678.0,
        "Other Operating Expenses": 736996.0,
        "Selling General And Administration": 3199682.0,
        "Selling And Marketing Expense": NaN,
        "General And Administrative Expense": 3115898.0,
        "Other Gand A": -1306477.0,
        "Insurance And Claims": NaN,
        "Rent And Landing Fees": NaN,
        "Salaries And Wages": NaN,
        "Gross Profit": -154738.0,
        "Cost Of Revenue": 154738.0,
        "Total Revenue": 0.0,
        "Operating Revenue": 0.0
    },
    "2023-09-30": {
        "Tax Effect Of Unusual Items": 0.0,
        "Tax Rate For Calcs": 0.0,
        "Normalized EBITDA": -9549836.0,
        "Total Unusual Items": -2725411.0,
        "Total Unusual Items Excluding Goodwill": -2725411.0,
        "Net Income From Continuing Operation Net Minority Interest": -13149227.0,
        "Reconciled Depreciation": 25997.0,
        "Reconciled Cost Of Revenue": 153003.0,
        "EBITDA": -12275247.0,
        "EBIT": -12301244.0,
        "Net Interest Income": -808938.0,
        "Interest Expense": 847983.0,
        "Interest Income": 39045.0,
        "Normalized Income": -10423816.0,
        "Net Income From Continuing And Discontinued Operation": -13149227.0,
        "Total Expenses": 4005590.0,
        "Rent Expense Supplemental": 127006.0,
        "Total Operating Income As Reported": NaN,
        "Diluted Average Shares": 9393922.0,
        "Basic Average Shares": 9393922.0,
        "Diluted EPS": -1.399759,
        "Basic EPS": -1.399759,
        "Diluted NI Availto Com Stockholders": -13149227.0,
        "Net Income Common Stockholders": -13149227.0,
        "Net Income": -13149227.0,
        "Net Income Including Noncontrolling Interests": -13149227.0,
        "Net Income Continuous Operations": -13149227.0,
        "Tax Provision": NaN,
        "Pretax Income": -13149227.0,
        "Other Income Expense": -8334699.0,
        "Other Non Operating Income Expenses": NaN,
        "Special Income Charges": 0.0,
        "Gain On Sale Of Ppe": NaN,
        "Other Special Charges": NaN,
        "Write Off": NaN,
        "Impairment Of Capital Assets": NaN,
        "Earnings From Equity Interest": -5609288.0,
        "Gain On Sale Of Security": -2725411.0,
        "Net Non Operating Interest Income Expense": -808938.0,
        "Interest Expense Non Operating": 847983.0,
        "Interest Income Non Operating": 39045.0,
        "Operating Income": -4005590.0,
        "Operating Expense": 3852587.0,
        "Other Operating Expenses": 1085110.0,
        "Selling General And Administration": 2767477.0,
        "Selling And Marketing Expense": NaN,
        "General And Administrative Expense": 2767477.0,
        "Other Gand A": 2767477.0,
        "Insurance And Claims": NaN,
        "Rent And Landing Fees": 127006.0,
        "Salaries And Wages": NaN,
        "Gross Profit": -153003.0,
        "Cost Of Revenue": 153003.0,
        "Total Revenue": 0.0,
        "Operating Revenue": 0.0
    },
    "2023-06-30": {
        "Tax Effect Of Unusual Items": NaN,
        "Tax Rate For Calcs": NaN,
        "Normalized EBITDA": NaN,
        "Total Unusual Items": NaN,
        "Total Unusual Items Excluding Goodwill": NaN,
        "Net Income From Continuing Operation Net Minority Interest": NaN,
        "Reconciled Depreciation": NaN,
        "Reconciled Cost Of Revenue": NaN,
        "EBITDA": NaN,
        "EBIT": NaN,
        "Net Interest Income": NaN,
        "Interest Expense": NaN,
        "Interest Income": NaN,
        "Normalized Income": NaN,
        "Net Income From Continuing And Discontinued Operation": NaN,
        "Total Expenses": NaN,
        "Rent Expense Supplemental": 126451.0,
        "Total Operating Income As Reported": NaN,
        "Diluted Average Shares": NaN,
        "Basic Average Shares": NaN,
        "Diluted EPS": NaN,
        "Basic EPS": NaN,
        "Diluted NI Availto Com Stockholders": NaN,
        "Net Income Common Stockholders": NaN,
        "Net Income": NaN,
        "Net Income Including Noncontrolling Interests": NaN,
        "Net Income Continuous Operations": NaN,
        "Tax Provision": 0.0,
        "Pretax Income": NaN,
        "Other Income Expense": NaN,
        "Other Non Operating Income Expenses": 606499.0,
        "Special Income Charges": -7111.0,
        "Gain On Sale Of Ppe": NaN,
        "Other Special Charges": 0.0,
        "Write Off": 7111.0,
        "Impairment Of Capital Assets": 7111.0,
        "Earnings From Equity Interest": NaN,
        "Gain On Sale Of Security": NaN,
        "Net Non Operating Interest Income Expense": NaN,
        "Interest Expense Non Operating": NaN,
        "Interest Income Non Operating": NaN,
        "Operating Income": NaN,
        "Operating Expense": NaN,
        "Other Operating Expenses": NaN,
        "Selling General And Administration": NaN,
        "Selling And Marketing Expense": NaN,
        "General And Administrative Expense": NaN,
        "Other Gand A": NaN,
        "Insurance And Claims": NaN,
        "Rent And Landing Fees": 126451.0,
        "Salaries And Wages": NaN,
        "Gross Profit": NaN,
        "Cost Of Revenue": NaN,
        "Total Revenue": NaN,
        "Operating Revenue": NaN
    },
    "2023-03-31": {
        "Tax Effect Of Unusual Items": NaN,
        "Tax Rate For Calcs": NaN,
        "Normalized EBITDA": NaN,
        "Total Unusual Items": NaN,
        "Total Unusual Items Excluding Goodwill": NaN,
        "Net Income From Continuing Operation Net Minority Interest": NaN,
        "Reconciled Depreciation": NaN,
        "Reconciled Cost Of Revenue": NaN,
        "EBITDA": NaN,
        "EBIT": NaN,
        "Net Interest Income": NaN,
        "Interest Expense": NaN,
        "Interest Income": NaN,
        "Normalized Income": NaN,
        "Net Income From Continuing And Discontinued Operation": NaN,
        "Total Expenses": NaN,
        "Rent Expense Supplemental": 126452.0,
        "Total Operating Income As Reported": NaN,
        "Diluted Average Shares": 7306718.0,
        "Basic Average Shares": 7306718.0,
        "Diluted EPS": -1.084685,
        "Basic EPS": -1.084685,
        "Diluted NI Availto Com Stockholders": NaN,
        "Net Income Common Stockholders": NaN,
        "Net Income": NaN,
        "Net Income Including Noncontrolling Interests": NaN,
        "Net Income Continuous Operations": NaN,
        "Tax Provision": 0.0,
        "Pretax Income": NaN,
        "Other Income Expense": NaN,
        "Other Non Operating Income Expenses": NaN,
        "Special Income Charges": NaN,
        "Gain On Sale Of Ppe": NaN,
        "Other Special Charges": NaN,
        "Write Off": 0.0,
        "Impairment Of Capital Assets": 0.0,
        "Earnings From Equity Interest": NaN,
        "Gain On Sale Of Security": NaN,
        "Net Non Operating Interest Income Expense": NaN,
        "Interest Expense Non Operating": NaN,
        "Interest Income Non Operating": NaN,
        "Operating Income": NaN,
        "Operating Expense": NaN,
        "Other Operating Expenses": NaN,
        "Selling General And Administration": NaN,
        "Selling And Marketing Expense": 122493.0,
        "General And Administrative Expense": NaN,
        "Other Gand A": NaN,
        "Insurance And Claims": 222455.0,
        "Rent And Landing Fees": 126452.0,
        "Salaries And Wages": 1275188.0,
        "Gross Profit": NaN,
        "Cost Of Revenue": NaN,
        "Total Revenue": NaN,
        "Operating Revenue": NaN
    },
    "2024-03-31": {
        "Tax Effect Of Unusual Items": 0.0,
        "Tax Rate For Calcs": 0.0,
        "Normalized EBITDA": -2814099.0,
        "Total Unusual Items": -15625330.0,
        "Total Unusual Items Excluding Goodwill": -15625330.0,
        "Net Income From Continuing Operation Net Minority Interest": -20497239.0,
        "Reconciled Depreciation": 26996.0,
        "Reconciled Cost Of Revenue": 155113.0,
        "EBITDA": -18439429.0,
        "EBIT": -18466425.0,
        "Net Interest Income": -2018764.0,
        "Interest Expense": 2030814.0,
        "Interest Income": 12050.0,
        "Normalized Income": -4871909.0,
        "Net Income From Continuing And Discontinued Operation": -20497239.0,
        "Total Expenses": 2712892.0,
        "Rent Expense Supplemental": NaN,
        "Total Operating Income As Reported": NaN,
        "Diluted Average Shares": 9587113.0,
        "Basic Average Shares": 9587113.0,
        "Diluted EPS": -2.14,
        "Basic EPS": -2.14,
        "Diluted NI Availto Com Stockholders": -20497239.0,
        "Net Income Common Stockholders": -20497239.0,
        "Net Income": -20497239.0,
        "Net Income Including Noncontrolling Interests": -20497239.0,
        "Net Income Continuous Operations": -20497239.0,
        "Tax Provision": NaN,
        "Pretax Income": -20497239.0,
        "Other Income Expense": -15765583.0,
        "Other Non Operating Income Expenses": NaN,
        "Special Income Charges": NaN,
        "Gain On Sale Of Ppe": NaN,
        "Other Special Charges": NaN,
        "Write Off": NaN,
        "Impairment Of Capital Assets": NaN,
        "Earnings From Equity Interest": -140253.0,
        "Gain On Sale Of Security": -15625330.0,
        "Net Non Operating Interest Income Expense": -2018764.0,
        "Interest Expense Non Operating": 2030814.0,
        "Interest Income Non Operating": 12050.0,
        "Operating Income": -2712892.0,
        "Operating Expense": 2557779.0,
        "Other Operating Expenses": 89784.0,
        "Selling General And Administration": 2467995.0,
        "Selling And Marketing Expense": 80995.0,
        "General And Administrative Expense": 2387000.0,
        "Other Gand A": 680065.0,
        "Insurance And Claims": 323166.0,
        "Rent And Landing Fees": NaN,
        "Salaries And Wages": 1383769.0,
        "Gross Profit": -155113.0,
        "Cost Of Revenue": 155113.0,
        "Total Revenue": 0.0,
        "Operating Revenue": 0.0
    },
    "2022-12-31": {
        "Tax Effect Of Unusual Items": NaN,
        "Tax Rate For Calcs": NaN,
        "Normalized EBITDA": NaN,
        "Total Unusual Items": NaN,
        "Total Unusual Items Excluding Goodwill": NaN,
        "Net Income From Continuing Operation Net Minority Interest": NaN,
        "Reconciled Depreciation": NaN,
        "Reconciled Cost Of Revenue": NaN,
        "EBITDA": NaN,
        "EBIT": NaN,
        "Net Interest Income": NaN,
        "Interest Expense": NaN,
        "Interest Income": NaN,
        "Normalized Income": NaN,
        "Net Income From Continuing And Discontinued Operation": NaN,
        "Total Expenses": NaN,
        "Rent Expense Supplemental": 126451.0,
        "Diluted Average Shares": 7101395.0,
        "Basic Average Shares": 7101395.0,
        "Diluted EPS": -2.01489,
        "Basic EPS": -2.01489,
        "Diluted NI Availto Com Stockholders": NaN,
        "Net Income Common Stockholders": NaN,
        "Net Income": NaN,
        "Net Income Including Noncontrolling Interests": NaN,
        "Net Income Continuous Operations": NaN,
        "Tax Provision": 0.0,
        "Pretax Income": NaN,
        "Other Income Expense": NaN,
        "Other Non Operating Income Expenses": NaN,
        "Special Income Charges": NaN,
        "Other Special Charges": NaN,
        "Write Off": NaN,
        "Impairment Of Capital Assets": NaN,
        "Earnings From Equity Interest": NaN,
        "Gain On Sale Of Security": NaN,
        "Net Non Operating Interest Income Expense": NaN,
        "Interest Expense Non Operating": NaN,
        "Interest Income Non Operating": NaN,
        "Operating Income": NaN,
        "Operating Expense": NaN,
        "Other Operating Expenses": NaN,
        "Selling General And Administration": NaN,
        "Selling And Marketing Expense": NaN,
        "General And Administrative Expense": NaN,
        "Other Gand A": NaN,
        "Insurance And Claims": NaN,
        "Rent And Landing Fees": 126451.0,
        "Salaries And Wages": NaN,
        "Gross Profit": NaN,
        "Cost Of Revenue": NaN,
        "Total Revenue": NaN,
        "Operating Revenue": NaN
    },
    "2022-09-30": {
        "Tax Effect Of Unusual Items": NaN,
        "Tax Rate For Calcs": NaN,
        "Normalized EBITDA": NaN,
        "Total Unusual Items": NaN,
        "Total Unusual Items Excluding Goodwill": NaN,
        "Net Income From Continuing Operation Net Minority Interest": NaN,
        "Reconciled Depreciation": NaN,
        "Reconciled Cost Of Revenue": NaN,
        "EBITDA": NaN,
        "EBIT": NaN,
        "Net Interest Income": NaN,
        "Interest Expense": NaN,
        "Interest Income": NaN,
        "Normalized Income": NaN,
        "Net Income From Continuing And Discontinued Operation": NaN,
        "Total Expenses": NaN,
        "Rent Expense Supplemental": 146925.0,
        "Diluted Average Shares": 6774590.0,
        "Basic Average Shares": 6774590.0,
        "Diluted EPS": -1.046819,
        "Basic EPS": -1.046819,
        "Diluted NI Availto Com Stockholders": NaN,
        "Net Income Common Stockholders": NaN,
        "Net Income": NaN,
        "Net Income Including Noncontrolling Interests": NaN,
        "Net Income Continuous Operations": NaN,
        "Tax Provision": 0.0,
        "Pretax Income": NaN,
        "Other Income Expense": NaN,
        "Other Non Operating Income Expenses": 15656.0,
        "Special Income Charges": NaN,
        "Other Special Charges": -338301.0,
        "Write Off": NaN,
        "Impairment Of Capital Assets": NaN,
        "Earnings From Equity Interest": NaN,
        "Gain On Sale Of Security": NaN,
        "Net Non Operating Interest Income Expense": NaN,
        "Interest Expense Non Operating": NaN,
        "Interest Income Non Operating": NaN,
        "Operating Income": NaN,
        "Operating Expense": NaN,
        "Other Operating Expenses": NaN,
        "Selling General And Administration": NaN,
        "Selling And Marketing Expense": NaN,
        "General And Administrative Expense": NaN,
        "Other Gand A": NaN,
        "Insurance And Claims": NaN,
        "Rent And Landing Fees": 146925.0,
        "Salaries And Wages": NaN,
        "Gross Profit": NaN,
        "Cost Of Revenue": NaN,
        "Total Revenue": NaN,
        "Operating Revenue": NaN
    },
    "2024-06-30": {
        "Tax Effect Of Unusual Items": 0.0,
        "Tax Rate For Calcs": 0.0,
        "Normalized EBITDA": -3044716.0,
        "Total Unusual Items": -12553491.0,
        "Total Unusual Items Excluding Goodwill": -12553491.0,
        "Net Income From Continuing Operation Net Minority Interest": -18545753.0,
        "Reconciled Depreciation": 26996.0,
        "Reconciled Cost Of Revenue": 155113.0,
        "EBITDA": -15598207.0,
        "EBIT": -15625203.0,
        "Net Interest Income": -2910141.0,
        "Interest Expense": 2920550.0,
        "Interest Income": 10409.0,
        "Normalized Income": -5992262.0,
        "Net Income From Continuing And Discontinued Operation": -18545753.0,
        "Total Expenses": 2386488.0,
        "Rent Expense Supplemental": NaN,
        "Total Operating Income As Reported": NaN,
        "Diluted Average Shares": 9775758.0,
        "Basic Average Shares": 9775758.0,
        "Diluted EPS": -1.9,
        "Basic EPS": -1.9,
        "Diluted NI Availto Com Stockholders": -18545753.0,
        "Net Income Common Stockholders": -18545753.0,
        "Net Income": -18545753.0,
        "Net Income Including Noncontrolling Interests": -18545753.0,
        "Net Income Continuous Operations": -18545753.0,
        "Tax Provision": NaN,
        "Pretax Income": -18545753.0,
        "Other Income Expense": -13249124.0,
        "Other Non Operating Income Expenses": NaN,
        "Special Income Charges": 0.0,
        "Gain On Sale Of Ppe": NaN,
        "Other Special Charges": NaN,
        "Write Off": NaN,
        "Impairment Of Capital Assets": 0.0,
        "Earnings From Equity Interest": -695633.0,
        "Gain On Sale Of Security": -12553491.0,
        "Net Non Operating Interest Income Expense": -2910141.0,
        "Interest Expense Non Operating": 2920550.0,
        "Interest Income Non Operating": 10409.0,
        "Operating Income": -2386488.0,
        "Operating Expense": 2231375.0,
        "Other Operating Expenses": 38969.0,
        "Selling General And Administration": 2192406.0,
        "Selling And Marketing Expense": 169904.0,
        "General And Administrative Expense": 2022502.0,
        "Other Gand A": 511553.0,
        "Insurance And Claims": 286010.0,
        "Rent And Landing Fees": NaN,
        "Salaries And Wages": 1224939.0,
        "Gross Profit": -155113.0,
        "Cost Of Revenue": 155113.0,
        "Total Revenue": 0.0,
        "Operating Revenue": 0.0
    },
    "2024-09-30": {
        "Tax Effect Of Unusual Items": -5919926.25,
        "Tax Rate For Calcs": 0.21,
        "Normalized EBITDA": 22913939.0,
        "Total Unusual Items": -28190125.0,
        "Total Unusual Items Excluding Goodwill": -28190125.0,
        "Net Income From Continuing Operation Net Minority Interest": -9712416.0,
        "Reconciled Depreciation": 34253.0,
        "Reconciled Cost Of Revenue": 214529.0,
        "EBITDA": -5276186.0,
        "EBIT": -5310439.0,
        "Net Interest Income": -3606837.0,
        "Interest Expense": 3683150.0,
        "Interest Income": 76313.0,
        "Normalized Income": 12557782.75,
        "Net Income From Continuing And Discontinued Operation": -9712416.0,
        "Total Expenses": 5786873.0,
        "Rent Expense Supplemental": NaN,
        "Total Operating Income As Reported": 22738984.0,
        "Diluted Average Shares": 11973992.0,
        "Basic Average Shares": 11973992.0,
        "Diluted EPS": -0.81,
        "Basic EPS": -0.81,
        "Diluted NI Availto Com Stockholders": -9712416.0,
        "Net Income Common Stockholders": -9712416.0,
        "Net Income": -9712416.0,
        "Net Income Including Noncontrolling Interests": -9712416.0,
        "Net Income Continuous Operations": -9712416.0,
        "Tax Provision": 718827.0,
        "Pretax Income": -8993589.0,
        "Other Income Expense": 400121.0,
        "Other Non Operating Income Expenses": 64389.0,
        "Special Income Charges": 873984.0,
        "Gain On Sale Of Ppe": 873984.0,
        "Other Special Charges": NaN,
        "Write Off": NaN,
        "Impairment Of Capital Assets": 0.0,
        "Earnings From Equity Interest": 28525857.0,
        "Gain On Sale Of Security": -29064109.0,
        "Net Non Operating Interest Income Expense": -3606837.0,
        "Interest Expense Non Operating": 3683150.0,
        "Interest Income Non Operating": 76313.0,
        "Operating Income": -5786873.0,
        "Operating Expense": 5572344.0,
        "Other Operating Expenses": 2960719.0,
        "Selling General And Administration": 2611625.0,
        "Selling And Marketing Expense": 183181.0,
        "General And Administrative Expense": 2428444.0,
        "Other Gand A": 732391.0,
        "Insurance And Claims": 352942.0,
        "Rent And Landing Fees": NaN,
        "Salaries And Wages": 1343111.0,
        "Gross Profit": -214529.0,
        "Cost Of Revenue": 214529.0,
        "Total Revenue": 0.0,
        "Operating Revenue": 0.0
    }
}