{
    "2023-03-31": {
        "Tax Effect Of Unusual Items": 0.0,
        "Tax Rate For Calcs": 0.21,
        "Normalized EBITDA": -1934575.0,
        "Net Income From Continuing Operation Net Minority Interest": -8396008.0,
        "Reconciled Depreciation": 168385.0,
        "Reconciled Cost Of Revenue": 4493125.0,
        "EBITDA": -1934575.0,
        "EBIT": -2102960.0,
        "Net Interest Income": 69159.0,
        "Interest Expense": 0.0,
        "Interest Income": 69159.0,
        "Normalized Income": -8396008.0,
        "Net Income From Continuing And Discontinued Operation": -8396008.0,
        "Total Expenses": 8813918.0,
        "Total Operating Income As Reported": -2172119.0,
        "Diluted Average Shares": 30344954.0,
        "Basic Average Shares": 30344954.0,
        "Diluted EPS": -0.28,
        "Basic EPS": -0.28,
        "Diluted NI Availto Com Stockholders": -8396008.0,
        "Net Income Common Stockholders": -8396008.0,
        "Net Income": -8396008.0,
        "Net Income Including Noncontrolling Interests": -8396008.0,
        "Net Income Continuous Operations": -8396008.0,
        "Tax Provision": 6293048.0,
        "Pretax Income": -2102960.0,
        "Net Non Operating Interest Income Expense": 69159.0,
        "Interest Expense Non Operating": 0.0,
        "Interest Income Non Operating": 69159.0,
        "Operating Income": -2172119.0,
        "Operating Expense": 4320793.0,
        "Selling General And Administration": 4320793.0,
        "Selling And Marketing Expense": 3267436.0,
        "General And Administrative Expense": 1053357.0,
        "Other Gand A": 1053357.0,
        "Gross Profit": 2148674.0,
        "Cost Of Revenue": 4493125.0,
        "Total Revenue": 6641799.0,
        "Operating Revenue": 6641799.0
    },
    "2022-12-31": {
        "Tax Effect Of Unusual Items": 0.0,
        "Tax Rate For Calcs": 0.1124,
        "Normalized EBITDA": -1002529.0,
        "Net Income From Continuing Operation Net Minority Interest": -1041781.0,
        "Reconciled Depreciation": 171189.0,
        "Reconciled Cost Of Revenue": 6071775.0,
        "EBITDA": -1002529.0,
        "EBIT": -1173718.0,
        "Net Interest Income": 59574.0,
        "Interest Expense": 0.0,
        "Interest Income": 59574.0,
        "Normalized Income": -1041781.0,
        "Net Income From Continuing And Discontinued Operation": -1041781.0,
        "Total Expenses": 11599414.0,
        "Total Operating Income As Reported": -1233292.0,
        "Diluted Average Shares": 30344954.0,
        "Basic Average Shares": 30344954.0,
        "Diluted EPS": -0.03,
        "Basic EPS": -0.03,
        "Diluted NI Availto Com Stockholders": -1041781.0,
        "Net Income Common Stockholders": -1041781.0,
        "Net Income": -1041781.0,
        "Net Income Including Noncontrolling Interests": -1041781.0,
        "Net Income Continuous Operations": -1041781.0,
        "Tax Provision": -131937.0,
        "Pretax Income": -1173718.0,
        "Net Non Operating Interest Income Expense": 59574.0,
        "Interest Expense Non Operating": 0.0,
        "Interest Income Non Operating": 59574.0,
        "Operating Income": -1233292.0,
        "Operating Expense": 5527639.0,
        "Selling General And Administration": 5527639.0,
        "Selling And Marketing Expense": 4339684.0,
        "General And Administrative Expense": 1187955.0,
        "Other Gand A": 1187955.0,
        "Gross Profit": 4294347.0,
        "Cost Of Revenue": 6071775.0,
        "Total Revenue": 10366122.0,
        "Operating Revenue": 10366122.0
    },
    "2022-09-30": {
        "Tax Effect Of Unusual Items": 0.0,
        "Tax Rate For Calcs": 0.2539,
        "Normalized EBITDA": -1095638.0,
        "Net Income From Continuing Operation Net Minority Interest": -890192.0,
        "Reconciled Depreciation": 137711.0,
        "Reconciled Cost Of Revenue": 4086010.0,
        "EBITDA": -1095638.0,
        "EBIT": -1233349.0,
        "Net Interest Income": 40201.0,
        "Interest Income": 40201.0,
        "Normalized Income": -890192.0,
        "Net Income From Continuing And Discontinued Operation": -890192.0,
        "Total Expenses": 8607432.0,
        "Total Operating Income As Reported": -1233349.0,
        "Diluted Average Shares": 30433195.0,
        "Basic Average Shares": 30433195.0,
        "Diluted EPS": -0.03,
        "Basic EPS": -0.03,
        "Diluted NI Availto Com Stockholders": -890192.0,
        "Net Income Common Stockholders": -890192.0,
        "Net Income": -890192.0,
        "Net Income Including Noncontrolling Interests": -890192.0,
        "Net Income Continuous Operations": -890192.0,
        "Tax Provision": -302956.0,
        "Pretax Income": -1193148.0,
        "Net Non Operating Interest Income Expense": 40201.0,
        "Interest Income Non Operating": 40201.0,
        "Operating Income": -1233349.0,
        "Operating Expense": 4521422.0,
        "Selling General And Administration": 4521422.0,
        "Selling And Marketing Expense": 3107946.0,
        "General And Administrative Expense": 1413476.0,
        "Other Gand A": 1413476.0,
        "Gross Profit": 3288073.0,
        "Cost Of Revenue": 4086010.0,
        "Total Revenue": 7374083.0,
        "Operating Revenue": 7374083.0
    },
    "2022-06-30": {
        "Tax Effect Of Unusual Items": 0.0,
        "Tax Rate For Calcs": 0.4,
        "Normalized EBITDA": 74720.0,
        "Total Unusual Items": 0.0,
        "Total Unusual Items Excluding Goodwill": 0.0,
        "Net Income From Continuing Operation Net Minority Interest": 40770.0,
        "Reconciled Depreciation": 129110.0,
        "Reconciled Cost Of Revenue": 5498676.0,
        "EBITDA": 74720.0,
        "EBIT": 74720.0,
        "Net Interest Income": 17313.0,
        "Interest Expense": 0.0,
        "Interest Income": 17313.0,
        "Normalized Income": 40770.0,
        "Net Income From Continuing And Discontinued Operation": 40770.0,
        "Total Expenses": 9246336.0,
        "Total Operating Income As Reported": 57407.0,
        "Diluted Average Shares": 31449081.0,
        "Basic Average Shares": 30593719.0,
        "Diluted EPS": 0.001306,
        "Basic EPS": 0.001335,
        "Diluted NI Availto Com Stockholders": 40770.0,
        "Net Income Common Stockholders": 40770.0,
        "Net Income": 40770.0,
        "Net Income Including Noncontrolling Interests": 40770.0,
        "Net Income Continuous Operations": 40770.0,
        "Tax Provision": 33950.0,
        "Pretax Income": 74720.0,
        "Other Income Expense": 0.0,
        "Special Income Charges": 0.0,
        "Gain On Sale Of Security": 0.0,
        "Net Non Operating Interest Income Expense": 17313.0,
        "Interest Expense Non Operating": 0.0,
        "Interest Income Non Operating": 17313.0,
        "Operating Income": 57407.0,
        "Operating Expense": 3747660.0,
        "Selling General And Administration": 3747660.0,
        "Selling And Marketing Expense": 2679364.0,
        "General And Administrative Expense": 1068296.0,
        "Other Gand A": 1068296.0,
        "Gross Profit": 3805067.0,
        "Cost Of Revenue": 5498676.0,
        "Total Revenue": 9303743.0,
        "Operating Revenue": 9303743.0
    },
    "2022-03-31": {
        "Diluted EPS": 0.01,
        "Total Revenue": 10,
        "Gross Profit": 4,
        "Operating Income": 0,
        "EBIT": 1,
        "Net Income": 0
    },
    "2021-12-31": {
        "Diluted EPS": 0.04,
        "Total Revenue": 14,
        "Gross Profit": 7,
        "Operating Income": 1,
        "EBIT": 2,
        "Net Income": 1
    },
    "2021-09-30": {
        "Diluted EPS": 0.03,
        "Total Revenue": 10,
        "Gross Profit": 5,
        "Operating Income": 1,
        "EBIT": 1,
        "Net Income": 1
    },
    "2021-06-30": {
        "Diluted EPS": 0.27,
        "Total Revenue": 10,
        "Gross Profit": 4,
        "Operating Income": 1,
        "EBIT": 1,
        "Net Income": 8
    },
    "2021-03-31": {
        "Diluted EPS": 0.03,
        "Total Revenue": 9,
        "Gross Profit": 4,
        "Operating Income": 1,
        "EBIT": 1,
        "Net Income": 1
    },
    "2020-12-31": {
        "Diluted EPS": 0.09,
        "Total Revenue": 12,
        "Gross Profit": 6,
        "Operating Income": 3,
        "EBIT": 3,
        "Net Income": 3
    },
    "2020-09-30": {
        "Diluted EPS": 0.03,
        "Total Revenue": 8,
        "Gross Profit": 4,
        "Operating Income": 1,
        "EBIT": 1,
        "Net Income": 1
    },
    "2020-06-30": {
        "Diluted EPS": -0.05,
        "Total Revenue": 4,
        "Gross Profit": 2,
        "Operating Income": -1,
        "EBIT": -1,
        "Net Income": -1
    },
    "2020-03-31": {
        "Diluted EPS": -0.21,
        "Total Revenue": 6,
        "Gross Profit": -3,
        "Operating Income": -6,
        "EBIT": -6,
        "Net Income": -6
    },
    "2019-12-31": {
        "Diluted EPS": 0.03,
        "Total Revenue": 11,
        "Gross Profit": 5,
        "Operating Income": 1,
        "EBIT": 1,
        "Net Income": 1
    },
    "2019-09-30": {
        "Diluted EPS": 0.01,
        "Total Revenue": 8,
        "Gross Profit": 4,
        "Operating Income": 0,
        "EBIT": 0,
        "Net Income": 0
    },
    "2019-06-30": {
        "Diluted EPS": 0.0,
        "Total Revenue": 8,
        "Gross Profit": 3,
        "Operating Income": 0,
        "EBIT": 0,
        "Net Income": 0
    },
    "2019-03-31": {
        "Diluted EPS": 0.04,
        "Total Revenue": 8,
        "Gross Profit": 4,
        "Operating Income": 1,
        "EBIT": 1,
        "Net Income": 1
    },
    "2018-12-31": {
        "Diluted EPS": 0.05,
        "Total Revenue": 10,
        "Gross Profit": 5,
        "Operating Income": 1,
        "EBIT": 1,
        "Net Income": 1
    },
    "2018-09-30": {
        "Diluted EPS": 0.01,
        "Total Revenue": 7,
        "Gross Profit": 3,
        "Operating Income": 0,
        "EBIT": 0,
        "Net Income": 0
    },
    "2018-06-30": {
        "Diluted EPS": 0.0,
        "Total Revenue": NaN,
        "Gross Profit": NaN,
        "Operating Income": NaN,
        "EBIT": NaN,
        "Net Income": NaN
    },
    "2018-03-31": {
        "Diluted EPS": -0.03,
        "Total Revenue": 7,
        "Gross Profit": 3,
        "Operating Income": -1,
        "EBIT": 0,
        "Net Income": -1
    },
    "2017-12-31": {
        "Diluted EPS": 0.0,
        "Total Revenue": NaN,
        "Gross Profit": NaN,
        "Operating Income": NaN,
        "EBIT": NaN,
        "Net Income": NaN
    },
    "2017-09-30": {
        "Diluted EPS": -0.01,
        "Total Revenue": 6,
        "Gross Profit": 3,
        "Operating Income": 0,
        "EBIT": 0,
        "Net Income": 0
    },
    "2017-06-30": {
        "Diluted EPS": -0.02,
        "Total Revenue": 7,
        "Gross Profit": 3,
        "Operating Income": 7,
        "EBIT": 7,
        "Net Income": 0
    },
    "2017-03-31": {
        "Diluted EPS": -0.03,
        "Total Revenue": 6,
        "Gross Profit": 2,
        "Operating Income": -1,
        "EBIT": -1,
        "Net Income": -1
    },
    "2016-12-31": {
        "Diluted EPS": 0.0,
        "Total Revenue": NaN,
        "Gross Profit": NaN,
        "Operating Income": NaN,
        "EBIT": NaN,
        "Net Income": NaN
    },
    "2016-09-30": {
        "Diluted EPS": -0.06,
        "Total Revenue": 5,
        "Gross Profit": 2,
        "Operating Income": -1,
        "EBIT": -1,
        "Net Income": -1
    },
    "2016-06-30": {
        "Diluted EPS": -0.05,
        "Total Revenue": 7,
        "Gross Profit": 3,
        "Operating Income": 7,
        "EBIT": 7,
        "Net Income": -1
    },
    "2016-03-31": {
        "Diluted EPS": -0.06,
        "Total Revenue": 11,
        "Gross Profit": 2,
        "Operating Income": -1,
        "EBIT": -1,
        "Net Income": -1
    },
    "2015-12-31": {
        "Diluted EPS": 0.0,
        "Total Revenue": NaN,
        "Gross Profit": NaN,
        "Operating Income": NaN,
        "EBIT": NaN,
        "Net Income": NaN
    },
    "2015-09-30": {
        "Diluted EPS": -0.1,
        "Total Revenue": 5,
        "Gross Profit": 2,
        "Operating Income": -1,
        "EBIT": 0,
        "Net Income": -2
    },
    "2015-06-30": {
        "Diluted EPS": -0.2,
        "Total Revenue": 6,
        "Gross Profit": 0,
        "Operating Income": 6,
        "EBIT": 6,
        "Net Income": -4
    },
    "2015-03-31": {
        "Diluted EPS": -0.08,
        "Total Revenue": 7,
        "Gross Profit": 3,
        "Operating Income": -1,
        "EBIT": -1,
        "Net Income": -2
    },
    "2014-12-31": {
        "Diluted EPS": 0.0,
        "Total Revenue": NaN,
        "Gross Profit": NaN,
        "Operating Income": NaN,
        "EBIT": NaN,
        "Net Income": NaN
    },
    "2014-09-30": {
        "Diluted EPS": -0.15,
        "Total Revenue": 5,
        "Gross Profit": 1,
        "Operating Income": -3,
        "EBIT": -2,
        "Net Income": -3
    },
    "2014-06-30": {
        "Diluted EPS": -0.31,
        "Total Revenue": 8,
        "Gross Profit": 3,
        "Operating Income": 8,
        "EBIT": 8,
        "Net Income": -6
    },
    "2014-03-31": {
        "Diluted EPS": -0.05,
        "Total Revenue": 6,
        "Gross Profit": 2,
        "Operating Income": -1,
        "EBIT": -1,
        "Net Income": -1
    },
    "2013-12-31": {
        "Diluted EPS": 0.0,
        "Total Revenue": NaN,
        "Gross Profit": NaN,
        "Operating Income": NaN,
        "EBIT": NaN,
        "Net Income": NaN
    },
    "2013-09-30": {
        "Diluted EPS": -0.06,
        "Total Revenue": 7,
        "Gross Profit": 3,
        "Operating Income": -1,
        "EBIT": -1,
        "Net Income": -1
    },
    "2013-06-30": {
        "Diluted EPS": -0.02,
        "Total Revenue": 7,
        "Gross Profit": 3,
        "Operating Income": 7,
        "EBIT": 7,
        "Net Income": 0
    },
    "2013-03-31": {
        "Diluted EPS": 0.02,
        "Total Revenue": 7,
        "Gross Profit": 4,
        "Operating Income": 1,
        "EBIT": 1,
        "Net Income": 0
    },
    "2012-12-31": {
        "Diluted EPS": 0.0,
        "Total Revenue": NaN,
        "Gross Profit": NaN,
        "Operating Income": NaN,
        "EBIT": NaN,
        "Net Income": NaN
    },
    "2012-09-30": {
        "Diluted EPS": 0.01,
        "Total Revenue": 5,
        "Gross Profit": 3,
        "Operating Income": 0,
        "EBIT": 1,
        "Net Income": 0
    },
    "2012-06-30": {
        "Diluted EPS": 0.03,
        "Total Revenue": 5,
        "Gross Profit": 3,
        "Operating Income": 5,
        "EBIT": 5,
        "Net Income": 1
    },
    "2012-03-31": {
        "Diluted EPS": -0.02,
        "Total Revenue": 4,
        "Gross Profit": 2,
        "Operating Income": -1,
        "EBIT": -1,
        "Net Income": 0
    },
    "2011-12-31": {
        "Diluted EPS": 0.0,
        "Total Revenue": NaN,
        "Gross Profit": NaN,
        "Operating Income": NaN,
        "EBIT": NaN,
        "Net Income": NaN
    },
    "2011-09-30": {
        "Diluted EPS": 0.01,
        "Total Revenue": 3,
        "Gross Profit": 2,
        "Operating Income": 0,
        "EBIT": 0,
        "Net Income": 0
    },
    "2011-06-30": {
        "Diluted EPS": -0.01,
        "Total Revenue": 3,
        "Gross Profit": 2,
        "Operating Income": 3,
        "EBIT": 3,
        "Net Income": 0
    },
    "2011-03-31": {
        "Diluted EPS": -0.01,
        "Total Revenue": 3,
        "Gross Profit": 2,
        "Operating Income": 0,
        "EBIT": 0,
        "Net Income": 0
    },
    "2010-12-31": {
        "Diluted EPS": 0.0,
        "Total Revenue": NaN,
        "Gross Profit": NaN,
        "Operating Income": NaN,
        "EBIT": NaN,
        "Net Income": NaN
    },
    "2010-09-30": {
        "Diluted EPS": 0.03,
        "Total Revenue": 3,
        "Gross Profit": 2,
        "Operating Income": 0,
        "EBIT": 0,
        "Net Income": 1
    },
    "2010-06-30": {
        "Diluted EPS": 0.02,
        "Total Revenue": 3,
        "Gross Profit": 2,
        "Operating Income": 3,
        "EBIT": 3,
        "Net Income": 0
    },
    "2010-03-31": {
        "Diluted EPS": 0.02,
        "Total Revenue": 3,
        "Gross Profit": 2,
        "Operating Income": 0,
        "EBIT": 0,
        "Net Income": 0
    },
    "2009-12-31": {
        "Diluted EPS": 0.0,
        "Total Revenue": NaN,
        "Gross Profit": NaN,
        "Operating Income": NaN,
        "EBIT": NaN,
        "Net Income": NaN
    },
    "2009-09-30": {
        "Diluted EPS": -0.03,
        "Total Revenue": 2,
        "Gross Profit": 1,
        "Operating Income": -1,
        "EBIT": 0,
        "Net Income": -1
    },
    "2009-06-30": {
        "Diluted EPS": -0.07,
        "Total Revenue": 1,
        "Gross Profit": 1,
        "Operating Income": 1,
        "EBIT": 1,
        "Net Income": -1
    },
    "2009-03-31": {
        "Diluted EPS": -0.07,
        "Total Revenue": 2,
        "Gross Profit": 1,
        "Operating Income": -1,
        "EBIT": -1,
        "Net Income": -1
    },
    "2023-06-30": {
        "Tax Effect Of Unusual Items": 0.0,
        "Tax Rate For Calcs": 0.21,
        "Normalized EBITDA": -9161387.0,
        "Net Income From Continuing Operation Net Minority Interest": -9252813.0,
        "Reconciled Depreciation": 175872.0,
        "Reconciled Cost Of Revenue": 10561473.0,
        "EBITDA": -9161387.0,
        "EBIT": -9337259.0,
        "Net Interest Income": 128327.0,
        "Interest Expense": NaN,
        "Interest Income": 128327.0,
        "Normalized Income": -9252813.0,
        "Net Income From Continuing And Discontinued Operation": -9252813.0,
        "Total Expenses": 14901490.0,
        "Total Operating Income As Reported": -9337259.0,
        "Diluted Average Shares": 30344954.0,
        "Basic Average Shares": 30344954.0,
        "Diluted EPS": -0.3,
        "Basic EPS": -0.3,
        "Diluted NI Availto Com Stockholders": -9252813.0,
        "Net Income Common Stockholders": -9252813.0,
        "Net Income": -9252813.0,
        "Net Income Including Noncontrolling Interests": -9252813.0,
        "Net Income Continuous Operations": -9252813.0,
        "Tax Provision": 43881.0,
        "Pretax Income": -9208932.0,
        "Net Non Operating Interest Income Expense": 128327.0,
        "Interest Expense Non Operating": NaN,
        "Interest Income Non Operating": 128327.0,
        "Operating Income": -9337259.0,
        "Operating Expense": 4340017.0,
        "Selling General And Administration": 4340017.0,
        "Selling And Marketing Expense": 2970983.0,
        "General And Administrative Expense": 1369034.0,
        "Other Gand A": 1369034.0,
        "Gross Profit": -4997242.0,
        "Cost Of Revenue": 10561473.0,
        "Total Revenue": 5564231.0,
        "Operating Revenue": 5564231.0
    },
    "2023-09-30": {
        "Tax Effect Of Unusual Items": 0.0,
        "Tax Rate For Calcs": 0.0,
        "Normalized EBITDA": -2453426.0,
        "Net Income From Continuing Operation Net Minority Interest": -2539457.0,
        "Reconciled Depreciation": 178291.0,
        "Reconciled Cost Of Revenue": 3008507.0,
        "EBITDA": -2453426.0,
        "EBIT": -2631717.0,
        "Net Interest Income": 92260.0,
        "Interest Expense": NaN,
        "Interest Income": 92260.0,
        "Normalized Income": -2539457.0,
        "Net Income From Continuing And Discontinued Operation": -2539457.0,
        "Total Expenses": 7584740.0,
        "Total Operating Income As Reported": -2631717.0,
        "Diluted Average Shares": 30444954.0,
        "Basic Average Shares": 30444954.0,
        "Diluted EPS": -0.08,
        "Basic EPS": -0.08,
        "Diluted NI Availto Com Stockholders": -2539457.0,
        "Net Income Common Stockholders": -2539457.0,
        "Net Income": -2539457.0,
        "Net Income Including Noncontrolling Interests": -2539457.0,
        "Net Income Continuous Operations": -2539457.0,
        "Tax Provision": 0.0,
        "Pretax Income": -2539457.0,
        "Net Non Operating Interest Income Expense": 92260.0,
        "Interest Expense Non Operating": NaN,
        "Interest Income Non Operating": 92260.0,
        "Operating Income": -2631717.0,
        "Operating Expense": 4576233.0,
        "Selling General And Administration": 4576233.0,
        "Selling And Marketing Expense": 2721965.0,
        "General And Administrative Expense": 1854268.0,
        "Other Gand A": 1854268.0,
        "Gross Profit": 1944516.0,
        "Cost Of Revenue": 3008507.0,
        "Total Revenue": 4953023.0,
        "Operating Revenue": 4953023.0
    },
    "2023-12-31": {
        "Tax Effect Of Unusual Items": 0.0,
        "Tax Rate For Calcs": 0.0,
        "Normalized EBITDA": -2681606.0,
        "Net Income From Continuing Operation Net Minority Interest": -2865905.0,
        "Reconciled Depreciation": 178728.0,
        "Reconciled Cost Of Revenue": 5049947.0,
        "EBITDA": -2681606.0,
        "EBIT": -2860334.0,
        "Net Interest Income": 71788.0,
        "Interest Expense": 5571.0,
        "Interest Income": 77359.0,
        "Normalized Income": -2865905.0,
        "Net Income From Continuing And Discontinued Operation": -2865905.0,
        "Total Expenses": 10843332.0,
        "Total Operating Income As Reported": -2937693.0,
        "Diluted Average Shares": 30344955.0,
        "Basic Average Shares": 30344955.0,
        "Diluted EPS": -0.09,
        "Basic EPS": -0.09,
        "Diluted NI Availto Com Stockholders": -2865905.0,
        "Net Income Common Stockholders": -2865905.0,
        "Net Income": -2865905.0,
        "Net Income Including Noncontrolling Interests": -2865905.0,
        "Net Income Continuous Operations": -2865905.0,
        "Tax Provision": 0.0,
        "Pretax Income": -2865905.0,
        "Net Non Operating Interest Income Expense": 71788.0,
        "Interest Expense Non Operating": 5571.0,
        "Interest Income Non Operating": 77359.0,
        "Operating Income": -2937693.0,
        "Operating Expense": 5793385.0,
        "Selling General And Administration": 5793385.0,
        "Selling And Marketing Expense": 4296324.0,
        "General And Administrative Expense": 1497061.0,
        "Other Gand A": 1497061.0,
        "Gross Profit": 2855692.0,
        "Cost Of Revenue": 5049947.0,
        "Total Revenue": 7905639.0,
        "Operating Revenue": 7905639.0
    },
    "2024-03-31": {
        "Tax Effect Of Unusual Items": 0.0,
        "Tax Rate For Calcs": 0.0,
        "Normalized EBITDA": -3450462.0,
        "Net Income From Continuing Operation Net Minority Interest": -3632707.0,
        "Reconciled Depreciation": 173142.0,
        "Reconciled Cost Of Revenue": 4076081.0,
        "EBITDA": -3450462.0,
        "EBIT": -3623604.0,
        "Net Interest Income": 65425.0,
        "Interest Expense": 9103.0,
        "Interest Income": 74528.0,
        "Normalized Income": -3632707.0,
        "Net Income From Continuing And Discontinued Operation": -3632707.0,
        "Total Expenses": 8960098.0,
        "Total Operating Income As Reported": -3698132.0,
        "Diluted Average Shares": 30344955.0,
        "Basic Average Shares": 30344955.0,
        "Diluted EPS": -0.12,
        "Basic EPS": -0.12,
        "Diluted NI Availto Com Stockholders": -3632707.0,
        "Net Income Common Stockholders": -3632707.0,
        "Net Income": -3632707.0,
        "Net Income Including Noncontrolling Interests": -3632707.0,
        "Net Income Continuous Operations": -3632707.0,
        "Tax Provision": 0.0,
        "Pretax Income": -3632707.0,
        "Net Non Operating Interest Income Expense": 65425.0,
        "Interest Expense Non Operating": 9103.0,
        "Interest Income Non Operating": 74528.0,
        "Operating Income": -3698132.0,
        "Operating Expense": 4884017.0,
        "Selling General And Administration": 4884017.0,
        "Selling And Marketing Expense": 3684506.0,
        "General And Administrative Expense": 1199511.0,
        "Other Gand A": 1199511.0,
        "Gross Profit": 1185885.0,
        "Cost Of Revenue": 4076081.0,
        "Total Revenue": 5261966.0,
        "Operating Revenue": 5261966.0
    }
}