{
    "2023-03-31": {
        "Tax Effect Of Unusual Items": 2569105.691057,
        "Tax Rate For Calcs": 0.214092,
        "Normalized EBITDA": 867000000.0,
        "Total Unusual Items": 12000000.0,
        "Total Unusual Items Excluding Goodwill": 12000000.0,
        "Net Income From Continuing Operation Net Minority Interest": 580000000.0,
        "Reconciled Depreciation": 132000000.0,
        "Reconciled Cost Of Revenue": 3143000000.0,
        "EBITDA": 879000000.0,
        "EBIT": 747000000.0,
        "Net Interest Income": 21000000.0,
        "Interest Expense": 9000000.0,
        "Interest Income": 30000000.0,
        "Normalized Income": 570569105.691057,
        "Net Income From Continuing And Discontinued Operation": 580000000.0,
        "Total Expenses": 4110000000.0,
        "Total Operating Income As Reported": 702000000.0,
        "Diluted Average Shares": 509000000.0,
        "Basic Average Shares": 509000000.0,
        "Diluted EPS": 1.14,
        "Basic EPS": 1.14,
        "Diluted NI Availto Com Stockholders": 580000000.0,
        "Net Income Common Stockholders": 580000000.0,
        "Net Income": 580000000.0,
        "Net Income Including Noncontrolling Interests": 580000000.0,
        "Net Income Continuous Operations": 580000000.0,
        "Earnings From Equity Interest Net Of Tax": 0.0,
        "Tax Provision": 158000000.0,
        "Pretax Income": 738000000.0,
        "Other Income Expense": 15000000.0,
        "Other Non Operating Income Expenses": 3000000.0,
        "Special Income Charges": NaN,
        "Restructuring And Mergern Acquisition": NaN,
        "Gain On Sale Of Security": 12000000.0,
        "Net Non Operating Interest Income Expense": 21000000.0,
        "Interest Expense Non Operating": 9000000.0,
        "Interest Income Non Operating": 30000000.0,
        "Operating Income": 702000000.0,
        "Operating Expense": 967000000.0,
        "Depreciation Amortization Depletion Income Statement": 132000000.0,
        "Depreciation And Amortization In Income Statement": 132000000.0,
        "Selling General And Administration": 835000000.0,
        "Gross Profit": 1669000000.0,
        "Cost Of Revenue": 3143000000.0,
        "Total Revenue": 4812000000.0,
        "Operating Revenue": 4812000000.0
    },
    "2022-12-31": {
        "Tax Effect Of Unusual Items": 2162464.985994,
        "Tax Rate For Calcs": 0.270308,
        "Normalized EBITDA": 855000000.0,
        "Total Unusual Items": 8000000.0,
        "Total Unusual Items Excluding Goodwill": 8000000.0,
        "Net Income From Continuing Operation Net Minority Interest": 521000000.0,
        "Reconciled Depreciation": 141000000.0,
        "Reconciled Cost Of Revenue": 3152000000.0,
        "EBITDA": 863000000.0,
        "EBIT": 722000000.0,
        "Net Interest Income": 19000000.0,
        "Interest Expense": 8000000.0,
        "Interest Income": 27000000.0,
        "Normalized Income": 515162464.985994,
        "Net Income From Continuing And Discontinued Operation": 521000000.0,
        "Total Expenses": 4153000000.0,
        "Total Operating Income As Reported": 686000000.0,
        "Diluted Average Shares": 513000000.0,
        "Basic Average Shares": 512000000.0,
        "Diluted EPS": 1.02,
        "Basic EPS": 1.02,
        "Diluted NI Availto Com Stockholders": 521000000.0,
        "Net Income Common Stockholders": 521000000.0,
        "Net Income": 521000000.0,
        "Net Income Including Noncontrolling Interests": 521000000.0,
        "Net Income Continuous Operations": 521000000.0,
        "Earnings From Equity Interest Net Of Tax": 0.0,
        "Tax Provision": 193000000.0,
        "Pretax Income": 714000000.0,
        "Other Income Expense": 9000000.0,
        "Other Non Operating Income Expenses": 1000000.0,
        "Special Income Charges": NaN,
        "Restructuring And Mergern Acquisition": NaN,
        "Gain On Sale Of Security": 8000000.0,
        "Net Non Operating Interest Income Expense": 19000000.0,
        "Interest Expense Non Operating": 8000000.0,
        "Interest Income Non Operating": 27000000.0,
        "Operating Income": 686000000.0,
        "Operating Expense": 1001000000.0,
        "Depreciation Amortization Depletion Income Statement": 141000000.0,
        "Depreciation And Amortization In Income Statement": 141000000.0,
        "Selling General And Administration": 860000000.0,
        "Gross Profit": 1687000000.0,
        "Cost Of Revenue": 3152000000.0,
        "Total Revenue": 4839000000.0,
        "Operating Revenue": 4839000000.0
    },
    "2022-09-30": {
        "Tax Effect Of Unusual Items": 676108.374384,
        "Tax Rate For Calcs": 0.225369,
        "Normalized EBITDA": 956000000.0,
        "Total Unusual Items": 3000000.0,
        "Total Unusual Items Excluding Goodwill": 3000000.0,
        "Net Income From Continuing Operation Net Minority Interest": 629000000.0,
        "Reconciled Depreciation": 141000000.0,
        "Reconciled Cost Of Revenue": 3080000000.0,
        "EBITDA": 959000000.0,
        "EBIT": 818000000.0,
        "Net Interest Income": 11000000.0,
        "Interest Expense": 6000000.0,
        "Interest Income": 17000000.0,
        "Normalized Income": 626676108.374384,
        "Net Income From Continuing And Discontinued Operation": 629000000.0,
        "Total Expenses": 4059000000.0,
        "Total Operating Income As Reported": 798000000.0,
        "Diluted Average Shares": 517000000.0,
        "Basic Average Shares": 516000000.0,
        "Diluted EPS": 1.22,
        "Basic EPS": 1.22,
        "Diluted NI Availto Com Stockholders": 629000000.0,
        "Net Income Common Stockholders": 629000000.0,
        "Net Income": 629000000.0,
        "Net Income Including Noncontrolling Interests": 629000000.0,
        "Net Income Continuous Operations": 629000000.0,
        "Earnings From Equity Interest Net Of Tax": 0.0,
        "Tax Provision": 183000000.0,
        "Pretax Income": 812000000.0,
        "Other Income Expense": 3000000.0,
        "Other Non Operating Income Expenses": NaN,
        "Special Income Charges": NaN,
        "Restructuring And Mergern Acquisition": NaN,
        "Gain On Sale Of Security": 3000000.0,
        "Net Non Operating Interest Income Expense": 11000000.0,
        "Interest Expense Non Operating": 6000000.0,
        "Interest Income Non Operating": 17000000.0,
        "Operating Income": 798000000.0,
        "Operating Expense": 979000000.0,
        "Depreciation Amortization Depletion Income Statement": 141000000.0,
        "Depreciation And Amortization In Income Statement": 141000000.0,
        "Selling General And Administration": 838000000.0,
        "Gross Profit": 1777000000.0,
        "Cost Of Revenue": 3080000000.0,
        "Total Revenue": 4857000000.0,
        "Operating Revenue": 4857000000.0
    },
    "2022-06-30": {
        "Tax Effect Of Unusual Items": -967148.48883,
        "Tax Rate For Calcs": 0.241787,
        "Normalized EBITDA": 912000000.0,
        "Total Unusual Items": -4000000.0,
        "Total Unusual Items Excluding Goodwill": -4000000.0,
        "Net Income From Continuing Operation Net Minority Interest": 577000000.0,
        "Reconciled Depreciation": 144000000.0,
        "Reconciled Cost Of Revenue": 3119000000.0,
        "EBITDA": 908000000.0,
        "EBIT": 764000000.0,
        "Net Interest Income": 6000000.0,
        "Interest Expense": 3000000.0,
        "Interest Income": 9000000.0,
        "Normalized Income": 580032851.51117,
        "Net Income From Continuing And Discontinued Operation": 577000000.0,
        "Total Expenses": 4146000000.0,
        "Total Operating Income As Reported": 760000000.0,
        "Diluted Average Shares": 521000000.0,
        "Basic Average Shares": 520000000.0,
        "Diluted EPS": 1.11,
        "Basic EPS": 1.11,
        "Diluted NI Availto Com Stockholders": 577000000.0,
        "Net Income Common Stockholders": 577000000.0,
        "Net Income": 577000000.0,
        "Net Income Including Noncontrolling Interests": 577000000.0,
        "Net Income Continuous Operations": 577000000.0,
        "Earnings From Equity Interest Net Of Tax": 0.0,
        "Tax Provision": 184000000.0,
        "Pretax Income": 761000000.0,
        "Other Income Expense": -5000000.0,
        "Other Non Operating Income Expenses": -1000000.0,
        "Special Income Charges": NaN,
        "Restructuring And Mergern Acquisition": NaN,
        "Gain On Sale Of Security": -4000000.0,
        "Net Non Operating Interest Income Expense": 6000000.0,
        "Interest Expense Non Operating": 3000000.0,
        "Interest Income Non Operating": 9000000.0,
        "Operating Income": 760000000.0,
        "Operating Expense": 1027000000.0,
        "Depreciation Amortization Depletion Income Statement": 144000000.0,
        "Depreciation And Amortization In Income Statement": 144000000.0,
        "Selling General And Administration": 883000000.0,
        "Gross Profit": 1787000000.0,
        "Cost Of Revenue": 3119000000.0,
        "Total Revenue": 4906000000.0,
        "Operating Revenue": 4906000000.0
    },
    "2023-06-30": {
        "Tax Effect Of Unusual Items": -26616695.059625,
        "Tax Rate For Calcs": 0.211244,
        "Normalized EBITDA": 854000000.0,
        "Total Unusual Items": -126000000.0,
        "Total Unusual Items Excluding Goodwill": -126000000.0,
        "Net Income From Continuing Operation Net Minority Interest": 463000000.0,
        "Reconciled Depreciation": 131000000.0,
        "Reconciled Cost Of Revenue": 3231000000.0,
        "EBITDA": 728000000.0,
        "EBIT": 597000000.0,
        "Net Interest Income": 20000000.0,
        "Interest Expense": 10000000.0,
        "Interest Income": 30000000.0,
        "Normalized Income": 562383304.940375,
        "Net Income From Continuing And Discontinued Operation": 463000000.0,
        "Total Expenses": 4192000000.0,
        "Total Operating Income As Reported": 577000000.0,
        "Diluted Average Shares": 507000000.0,
        "Basic Average Shares": 506000000.0,
        "Diluted EPS": 0.91,
        "Basic EPS": 0.92,
        "Diluted NI Availto Com Stockholders": 463000000.0,
        "Net Income Common Stockholders": 463000000.0,
        "Net Income": 463000000.0,
        "Net Income Including Noncontrolling Interests": 463000000.0,
        "Net Income Continuous Operations": 463000000.0,
        "Earnings From Equity Interest Net Of Tax": 0.0,
        "Tax Provision": 124000000.0,
        "Pretax Income": 587000000.0,
        "Other Income Expense": -127000000.0,
        "Other Non Operating Income Expenses": -1000000.0,
        "Special Income Charges": -117000000.0,
        "Restructuring And Mergern Acquisition": 117000000.0,
        "Gain On Sale Of Security": -9000000.0,
        "Net Non Operating Interest Income Expense": 20000000.0,
        "Interest Expense Non Operating": 10000000.0,
        "Interest Income Non Operating": 30000000.0,
        "Operating Income": 694000000.0,
        "Operating Expense": 961000000.0,
        "Depreciation Amortization Depletion Income Statement": 131000000.0,
        "Depreciation And Amortization In Income Statement": 131000000.0,
        "Selling General And Administration": 830000000.0,
        "Gross Profit": 1655000000.0,
        "Cost Of Revenue": 3231000000.0,
        "Total Revenue": 4886000000.0,
        "Operating Revenue": 4886000000.0
    },
    "2022-03-31": {
        "Diluted EPS": 1.07,
        "Total Revenue": NaN,
        "Gross Profit": NaN,
        "Operating Income": 724,
        "EBIT": 867,
        "Net Income": 563
    },
    "2021-12-31": {
        "Diluted EPS": 1.1,
        "Total Revenue": NaN,
        "Gross Profit": NaN,
        "Operating Income": 732,
        "EBIT": 876,
        "Net Income": 576
    },
    "2021-09-30": {
        "Diluted EPS": 1.03,
        "Total Revenue": NaN,
        "Gross Profit": NaN,
        "Operating Income": 729,
        "EBIT": 873,
        "Net Income": 544
    },
    "2021-06-30": {
        "Diluted EPS": 0.97,
        "Total Revenue": NaN,
        "Gross Profit": NaN,
        "Operating Income": 696,
        "EBIT": 841,
        "Net Income": 512
    },
    "2021-03-31": {
        "Diluted EPS": 0.95,
        "Total Revenue": NaN,
        "Gross Profit": NaN,
        "Operating Income": 669,
        "EBIT": 810,
        "Net Income": 505
    },
    "2020-12-31": {
        "Diluted EPS": 0.59,
        "Total Revenue": NaN,
        "Gross Profit": NaN,
        "Operating Income": 465,
        "EBIT": 613,
        "Net Income": 316
    },
    "2020-09-30": {
        "Diluted EPS": 0.64,
        "Total Revenue": NaN,
        "Gross Profit": NaN,
        "Operating Income": 603,
        "EBIT": 741,
        "Net Income": 348
    },
    "2020-06-30": {
        "Diluted EPS": 0.67,
        "Total Revenue": NaN,
        "Gross Profit": NaN,
        "Operating Income": 467,
        "EBIT": 604,
        "Net Income": 361
    },
    "2020-03-31": {
        "Diluted EPS": 0.67,
        "Total Revenue": NaN,
        "Gross Profit": NaN,
        "Operating Income": 579,
        "EBIT": 715,
        "Net Income": 367
    },
    "2019-12-31": {
        "Diluted EPS": 0.72,
        "Total Revenue": NaN,
        "Gross Profit": NaN,
        "Operating Income": 626,
        "EBIT": 759,
        "Net Income": 395
    },
    "2019-09-30": {
        "Diluted EPS": 0.9,
        "Total Revenue": NaN,
        "Gross Profit": NaN,
        "Operating Income": 669,
        "EBIT": 796,
        "Net Income": 497
    },
    "2019-06-30": {
        "Diluted EPS": 0.9,
        "Total Revenue": NaN,
        "Gross Profit": NaN,
        "Operating Income": 619,
        "EBIT": 752,
        "Net Income": 509
    },
    "2019-03-31": {
        "Diluted EPS": 0.77,
        "Total Revenue": NaN,
        "Gross Profit": NaN,
        "Operating Income": 539,
        "EBIT": 672,
        "Net Income": 441
    },
    "2018-12-31": {
        "Diluted EPS": 1.12,
        "Total Revenue": NaN,
        "Gross Profit": NaN,
        "Operating Income": 693,
        "EBIT": 824,
        "Net Income": 648
    },
    "2018-09-30": {
        "Diluted EPS": 0.82,
        "Total Revenue": NaN,
        "Gross Profit": NaN,
        "Operating Income": 745,
        "EBIT": 872,
        "Net Income": 477
    },
    "2018-06-30": {
        "Diluted EPS": 0.78,
        "Total Revenue": NaN,
        "Gross Profit": NaN,
        "Operating Income": 670,
        "EBIT": 793,
        "Net Income": 456
    },
    "2018-03-31": {
        "Diluted EPS": 0.88,
        "Total Revenue": NaN,
        "Gross Profit": NaN,
        "Operating Income": 693,
        "EBIT": 810,
        "Net Income": 520
    },
    "2017-12-31": {
        "Diluted EPS": -0.03,
        "Total Revenue": NaN,
        "Gross Profit": NaN,
        "Operating Income": 657,
        "EBIT": 779,
        "Net Income": -18
    },
    "2017-09-30": {
        "Diluted EPS": 0.84,
        "Total Revenue": NaN,
        "Gross Profit": NaN,
        "Operating Income": 648,
        "EBIT": 762,
        "Net Income": 495
    },
    "2017-06-30": {
        "Diluted EPS": 0.8,
        "Total Revenue": NaN,
        "Gross Profit": NaN,
        "Operating Income": 606,
        "EBIT": 709,
        "Net Income": 470
    },
    "2017-03-31": {
        "Diluted EPS": 0.92,
        "Total Revenue": NaN,
        "Gross Profit": NaN,
        "Operating Income": 570,
        "EBIT": 674,
        "Net Income": 557
    },
    "2016-12-31": {
        "Diluted EPS": 0.69,
        "Total Revenue": NaN,
        "Gross Profit": NaN,
        "Operating Income": 561,
        "EBIT": 662,
        "Net Income": 416
    },
    "2016-09-30": {
        "Diluted EPS": 0.73,
        "Total Revenue": NaN,
        "Gross Profit": NaN,
        "Operating Income": 583,
        "EBIT": 680,
        "Net Income": 444
    },
    "2016-06-30": {
        "Diluted EPS": 0.41,
        "Total Revenue": NaN,
        "Gross Profit": NaN,
        "Operating Income": 591,
        "EBIT": 684,
        "Net Income": 252
    },
    "2016-03-31": {
        "Diluted EPS": 0.72,
        "Total Revenue": NaN,
        "Gross Profit": NaN,
        "Operating Income": 554,
        "EBIT": 642,
        "Net Income": 441
    },
    "2015-12-31": {
        "Diluted EPS": 0.7,
        "Total Revenue": NaN,
        "Gross Profit": NaN,
        "Operating Income": 553,
        "EBIT": 641,
        "Net Income": 424
    },
    "2015-09-30": {
        "Diluted EPS": 0.65,
        "Total Revenue": NaN,
        "Gross Profit": NaN,
        "Operating Income": 543,
        "EBIT": 625,
        "Net Income": 397
    },
    "2015-06-30": {
        "Diluted EPS": 0.68,
        "Total Revenue": NaN,
        "Gross Profit": NaN,
        "Operating Income": 546,
        "EBIT": 630,
        "Net Income": 420
    },
    "2015-03-31": {
        "Diluted EPS": 0.62,
        "Total Revenue": NaN,
        "Gross Profit": NaN,
        "Operating Income": 500,
        "EBIT": 576,
        "Net Income": 383
    },
    "2014-12-31": {
        "Diluted EPS": 0.59,
        "Total Revenue": NaN,
        "Gross Profit": NaN,
        "Operating Income": 480,
        "EBIT": 542,
        "Net Income": 363
    },
    "2014-09-30": {
        "Diluted EPS": 0.58,
        "Total Revenue": NaN,
        "Gross Profit": NaN,
        "Operating Income": 458,
        "EBIT": 507,
        "Net Income": 356
    },
    "2014-06-30": {
        "Diluted EPS": 0.61,
        "Total Revenue": NaN,
        "Gross Profit": NaN,
        "Operating Income": 488,
        "EBIT": 537,
        "Net Income": 372
    },
    "2014-03-31": {
        "Diluted EPS": 0.57,
        "Total Revenue": NaN,
        "Gross Profit": 990,
        "Operating Income": 460,
        "EBIT": 507,
        "Net Income": 349
    },
    "2013-12-31": {
        "Diluted EPS": 0.53,
        "Total Revenue": NaN,
        "Gross Profit": 944,
        "Operating Income": 448,
        "EBIT": 496,
        "Net Income": 324
    },
    "2013-09-30": {
        "Diluted EPS": 0.53,
        "Total Revenue": NaN,
        "Gross Profit": 923,
        "Operating Income": 437,
        "EBIT": 482,
        "Net Income": 320
    },
    "2013-06-30": {
        "Diluted EPS": 0.49,
        "Total Revenue": NaN,
        "Gross Profit": 889,
        "Operating Income": 427,
        "EBIT": 471,
        "Net Income": 300
    },
    "2013-03-31": {
        "Diluted EPS": 0.47,
        "Total Revenue": NaN,
        "Gross Profit": 821,
        "Operating Income": 366,
        "EBIT": 410,
        "Net Income": 284
    },
    "2012-12-31": {
        "Diluted EPS": 0.46,
        "Total Revenue": NaN,
        "Gross Profit": 797,
        "Operating Income": 356,
        "EBIT": 397,
        "Net Income": 279
    },
    "2012-09-30": {
        "Diluted EPS": 0.46,
        "Total Revenue": NaN,
        "Gross Profit": 780,
        "Operating Income": 355,
        "EBIT": 397,
        "Net Income": 277
    },
    "2012-06-30": {
        "Diluted EPS": 0.41,
        "Total Revenue": NaN,
        "Gross Profit": 764,
        "Operating Income": 332,
        "EBIT": 369,
        "Net Income": 252
    },
    "2012-03-31": {
        "Diluted EPS": 0.4,
        "Total Revenue": NaN,
        "Gross Profit": 727,
        "Operating Income": 318,
        "EBIT": 355,
        "Net Income": 244
    },
    "2011-12-31": {
        "Diluted EPS": 0.39,
        "Total Revenue": NaN,
        "Gross Profit": 693,
        "Operating Income": 308,
        "EBIT": 342,
        "Net Income": 240
    },
    "2011-09-30": {
        "Diluted EPS": 0.37,
        "Total Revenue": NaN,
        "Gross Profit": 676,
        "Operating Income": 293,
        "EBIT": 325,
        "Net Income": 227
    },
    "2011-06-30": {
        "Diluted EPS": 0.34,
        "Total Revenue": NaN,
        "Gross Profit": 624,
        "Operating Income": 270,
        "EBIT": 299,
        "Net Income": 208
    },
    "2011-03-31": {
        "Diluted EPS": 0.34,
        "Total Revenue": NaN,
        "Gross Profit": 589,
        "Operating Income": 265,
        "EBIT": 294,
        "Net Income": 208
    },
    "2010-12-31": {
        "Diluted EPS": 0.33,
        "Total Revenue": NaN,
        "Gross Profit": 553,
        "Operating Income": 245,
        "EBIT": 274,
        "Net Income": 206
    },
    "2010-09-30": {
        "Diluted EPS": 0.33,
        "Total Revenue": NaN,
        "Gross Profit": 517,
        "Operating Income": 228,
        "EBIT": 256,
        "Net Income": 204
    },
    "2010-06-30": {
        "Diluted EPS": 0.28,
        "Total Revenue": NaN,
        "Gross Profit": 464,
        "Operating Income": 206,
        "EBIT": 231,
        "Net Income": 172
    },
    "2010-03-31": {
        "Diluted EPS": 0.25,
        "Total Revenue": 960,
        "Gross Profit": 404,
        "Operating Income": 183,
        "EBIT": 210,
        "Net Income": 152
    },
    "2009-12-31": {
        "Diluted EPS": 0.24,
        "Total Revenue": 903,
        "Gross Profit": 382,
        "Operating Income": 167,
        "EBIT": 191,
        "Net Income": 144
    },
    "2009-09-30": {
        "Diluted EPS": 0.23,
        "Total Revenue": 853,
        "Gross Profit": 378,
        "Operating Income": 162,
        "EBIT": 184,
        "Net Income": 137
    },
    "2009-06-30": {
        "Diluted EPS": 0.24,
        "Total Revenue": 777,
        "Gross Profit": 343,
        "Operating Income": 152,
        "EBIT": 173,
        "Net Income": 141
    },
    "2009-03-31": {
        "Diluted EPS": 0.19,
        "Total Revenue": 746,
        "Gross Profit": 326,
        "Operating Income": 138,
        "EBIT": 159,
        "Net Income": 113
    }
}