{
    "2023-03-31": {
        "Tax Effect Of Unusual Items": NaN,
        "Tax Rate For Calcs": NaN,
        "Normalized EBITDA": NaN,
        "Total Unusual Items": NaN,
        "Total Unusual Items Excluding Goodwill": NaN,
        "Net Income From Continuing Operation Net Minority Interest": NaN,
        "Reconciled Depreciation": NaN,
        "Reconciled Cost Of Revenue": NaN,
        "EBITDA": NaN,
        "EBIT": NaN,
        "Net Interest Income": NaN,
        "Interest Expense": NaN,
        "Normalized Income": NaN,
        "Net Income From Continuing And Discontinued Operation": NaN,
        "Total Expenses": NaN,
        "Total Operating Income As Reported": NaN,
        "Diluted Average Shares": NaN,
        "Basic Average Shares": NaN,
        "Diluted EPS": NaN,
        "Basic EPS": NaN,
        "Diluted NI Availto Com Stockholders": NaN,
        "Net Income Common Stockholders": NaN,
        "Net Income": NaN,
        "Net Income Including Noncontrolling Interests": NaN,
        "Net Income Continuous Operations": NaN,
        "Tax Provision": NaN,
        "Pretax Income": NaN,
        "Other Income Expense": NaN,
        "Other Non Operating Income Expenses": -31798.0,
        "Gain On Sale Of Security": NaN,
        "Net Non Operating Interest Income Expense": NaN,
        "Total Other Finance Cost": NaN,
        "Interest Expense Non Operating": NaN,
        "Operating Income": NaN,
        "Operating Expense": NaN,
        "Other Operating Expenses": NaN,
        "Research And Development": NaN,
        "Selling General And Administration": NaN,
        "General And Administrative Expense": NaN,
        "Other Gand A": NaN,
        "Gross Profit": NaN,
        "Cost Of Revenue": NaN,
        "Total Revenue": NaN,
        "Operating Revenue": NaN
    },
    "2022-12-31": {
        "Tax Effect Of Unusual Items": NaN,
        "Tax Rate For Calcs": NaN,
        "Normalized EBITDA": NaN,
        "Total Unusual Items": NaN,
        "Total Unusual Items Excluding Goodwill": NaN,
        "Net Income From Continuing Operation Net Minority Interest": NaN,
        "Reconciled Depreciation": NaN,
        "Reconciled Cost Of Revenue": NaN,
        "EBITDA": NaN,
        "EBIT": NaN,
        "Net Interest Income": NaN,
        "Normalized Income": NaN,
        "Net Income From Continuing And Discontinued Operation": NaN,
        "Total Expenses": NaN,
        "Total Operating Income As Reported": NaN,
        "Diluted Average Shares": NaN,
        "Basic Average Shares": NaN,
        "Diluted EPS": NaN,
        "Basic EPS": NaN,
        "Diluted NI Availto Com Stockholders": NaN,
        "Net Income Common Stockholders": NaN,
        "Net Income": NaN,
        "Net Income Including Noncontrolling Interests": NaN,
        "Net Income Continuous Operations": NaN,
        "Tax Provision": NaN,
        "Pretax Income": NaN,
        "Other Income Expense": NaN,
        "Other Non Operating Income Expenses": -74134.0,
        "Gain On Sale Of Security": NaN,
        "Net Non Operating Interest Income Expense": NaN,
        "Total Other Finance Cost": NaN,
        "Operating Income": NaN,
        "Operating Expense": NaN,
        "Other Operating Expenses": NaN,
        "Research And Development": NaN,
        "Selling General And Administration": NaN,
        "General And Administrative Expense": NaN,
        "Other Gand A": NaN,
        "Gross Profit": NaN,
        "Cost Of Revenue": NaN,
        "Total Revenue": NaN,
        "Operating Revenue": NaN
    },
    "2022-09-30": {
        "Tax Effect Of Unusual Items": NaN,
        "Tax Rate For Calcs": NaN,
        "Normalized EBITDA": NaN,
        "Total Unusual Items": NaN,
        "Total Unusual Items Excluding Goodwill": NaN,
        "Net Income From Continuing Operation Net Minority Interest": NaN,
        "Reconciled Depreciation": NaN,
        "Reconciled Cost Of Revenue": NaN,
        "EBITDA": NaN,
        "EBIT": NaN,
        "Net Interest Income": NaN,
        "Normalized Income": NaN,
        "Net Income From Continuing And Discontinued Operation": NaN,
        "Total Expenses": NaN,
        "Total Operating Income As Reported": NaN,
        "Diluted Average Shares": 43606980.0,
        "Basic Average Shares": 43606980.0,
        "Diluted EPS": -0.28,
        "Basic EPS": -0.28,
        "Diluted NI Availto Com Stockholders": NaN,
        "Net Income Common Stockholders": NaN,
        "Net Income": NaN,
        "Net Income Including Noncontrolling Interests": NaN,
        "Net Income Continuous Operations": NaN,
        "Tax Provision": NaN,
        "Pretax Income": NaN,
        "Other Income Expense": NaN,
        "Other Non Operating Income Expenses": -29.0,
        "Gain On Sale Of Security": NaN,
        "Net Non Operating Interest Income Expense": NaN,
        "Total Other Finance Cost": NaN,
        "Operating Income": NaN,
        "Operating Expense": NaN,
        "Other Operating Expenses": NaN,
        "Research And Development": NaN,
        "Selling General And Administration": NaN,
        "General And Administrative Expense": NaN,
        "Other Gand A": NaN,
        "Gross Profit": NaN,
        "Cost Of Revenue": NaN,
        "Total Revenue": NaN,
        "Operating Revenue": NaN
    },
    "2022-06-30": {
        "Tax Effect Of Unusual Items": 0.0,
        "Tax Rate For Calcs": 0.0,
        "Normalized EBITDA": -5540753.0,
        "Total Unusual Items": -2523006.0,
        "Total Unusual Items Excluding Goodwill": -2523006.0,
        "Net Income From Continuing Operation Net Minority Interest": -10879222.0,
        "Reconciled Depreciation": 293291.0,
        "Reconciled Cost Of Revenue": 3550702.0,
        "EBITDA": -8063759.0,
        "EBIT": -8357050.0,
        "Net Interest Income": 23973.0,
        "Interest Income": 23973.0,
        "Normalized Income": -8356216.0,
        "Net Income From Continuing And Discontinued Operation": -10879222.0,
        "Total Expenses": 15687785.0,
        "Total Operating Income As Reported": -8357050.0,
        "Diluted Average Shares": 43560481.0,
        "Basic Average Shares": 43560481.0,
        "Diluted EPS": -0.25,
        "Basic EPS": -0.25,
        "Diluted NI Availto Com Stockholders": -10879222.0,
        "Net Income Common Stockholders": -10879222.0,
        "Net Income": -10879222.0,
        "Net Income Including Noncontrolling Interests": -10879222.0,
        "Net Income Continuous Operations": -10879222.0,
        "Tax Provision": 0.0,
        "Pretax Income": -10879222.0,
        "Other Income Expense": -2546145.0,
        "Other Non Operating Income Expenses": -23139.0,
        "Gain On Sale Of Security": -2523006.0,
        "Net Non Operating Interest Income Expense": 23973.0,
        "Total Other Finance Cost": NaN,
        "Interest Income Non Operating": 23973.0,
        "Operating Income": -8357050.0,
        "Operating Expense": 12137083.0,
        "Other Operating Expenses": -1164823.0,
        "Research And Development": 4183462.0,
        "Selling General And Administration": 9118444.0,
        "General And Administrative Expense": 9118444.0,
        "Other Gand A": 9118444.0,
        "Gross Profit": 3780033.0,
        "Cost Of Revenue": 3550702.0,
        "Total Revenue": 7330735.0,
        "Operating Revenue": 7330735.0
    },
    "2023-06-30": {
        "Tax Effect Of Unusual Items": NaN,
        "Tax Rate For Calcs": NaN,
        "Normalized EBITDA": NaN,
        "Total Unusual Items": NaN,
        "Total Unusual Items Excluding Goodwill": NaN,
        "Net Income From Continuing Operation Net Minority Interest": NaN,
        "Reconciled Depreciation": NaN,
        "Reconciled Cost Of Revenue": NaN,
        "EBITDA": NaN,
        "EBIT": NaN,
        "Net Interest Income": NaN,
        "Interest Expense": NaN,
        "Normalized Income": NaN,
        "Net Income From Continuing And Discontinued Operation": NaN,
        "Total Expenses": NaN,
        "Total Operating Income As Reported": NaN,
        "Diluted Average Shares": 44015380.0,
        "Basic Average Shares": 44015380.0,
        "Diluted EPS": -0.14,
        "Basic EPS": -0.14,
        "Diluted NI Availto Com Stockholders": NaN,
        "Net Income Common Stockholders": NaN,
        "Net Income": NaN,
        "Net Income Including Noncontrolling Interests": NaN,
        "Net Income Continuous Operations": NaN,
        "Tax Provision": NaN,
        "Pretax Income": NaN,
        "Other Income Expense": NaN,
        "Other Non Operating Income Expenses": NaN,
        "Gain On Sale Of Security": NaN,
        "Net Non Operating Interest Income Expense": NaN,
        "Total Other Finance Cost": 8821.0,
        "Interest Expense Non Operating": NaN,
        "Operating Income": NaN,
        "Operating Expense": NaN,
        "Other Operating Expenses": NaN,
        "Research And Development": NaN,
        "Selling General And Administration": NaN,
        "General And Administrative Expense": NaN,
        "Other Gand A": NaN,
        "Gross Profit": NaN,
        "Cost Of Revenue": NaN,
        "Total Revenue": NaN,
        "Operating Revenue": NaN
    },
    "2022-03-31": {
        "Diluted EPS": -0.21,
        "Total Revenue": 9,
        "Gross Profit": 6,
        "Operating Income": -8,
        "EBIT": -8,
        "Net Income": -9
    },
    "2021-12-31": {
        "Diluted EPS": -0.21,
        "Total Revenue": 11,
        "Gross Profit": 8,
        "Operating Income": -10,
        "EBIT": -9,
        "Net Income": -9
    },
    "2021-09-30": {
        "Diluted EPS": -0.15,
        "Total Revenue": 10,
        "Gross Profit": 7,
        "Operating Income": -5,
        "EBIT": -5,
        "Net Income": -6
    },
    "2021-06-30": {
        "Diluted EPS": -0.11,
        "Total Revenue": 12,
        "Gross Profit": 9,
        "Operating Income": -5,
        "EBIT": -5,
        "Net Income": -5
    },
    "2021-03-31": {
        "Diluted EPS": -0.1,
        "Total Revenue": 11,
        "Gross Profit": 8,
        "Operating Income": -3,
        "EBIT": -3,
        "Net Income": -4
    },
    "2020-12-31": {
        "Diluted EPS": 0.0,
        "Total Revenue": 12,
        "Gross Profit": 9,
        "Operating Income": -3,
        "EBIT": -2,
        "Net Income": -1
    },
    "2020-09-30": {
        "Diluted EPS": -0.02,
        "Total Revenue": 11,
        "Gross Profit": 8,
        "Operating Income": -2,
        "EBIT": -2,
        "Net Income": -1
    },
    "2020-06-30": {
        "Diluted EPS": -0.08,
        "Total Revenue": 10,
        "Gross Profit": 7,
        "Operating Income": -3,
        "EBIT": -3,
        "Net Income": -3
    },
    "2020-03-31": {
        "Diluted EPS": -0.1,
        "Total Revenue": 9,
        "Gross Profit": 6,
        "Operating Income": -2,
        "EBIT": -2,
        "Net Income": -3
    },
    "2019-12-31": {
        "Diluted EPS": -0.13,
        "Total Revenue": 7,
        "Gross Profit": 5,
        "Operating Income": -5,
        "EBIT": -5,
        "Net Income": -4
    },
    "2019-09-30": {
        "Diluted EPS": -0.21,
        "Total Revenue": 6,
        "Gross Profit": 4,
        "Operating Income": -6,
        "EBIT": -5,
        "Net Income": -7
    },
    "2019-06-30": {
        "Diluted EPS": -0.11,
        "Total Revenue": 6,
        "Gross Profit": 4,
        "Operating Income": -4,
        "EBIT": -3,
        "Net Income": -4
    },
    "2019-03-31": {
        "Diluted EPS": -0.15,
        "Total Revenue": 5,
        "Gross Profit": 3,
        "Operating Income": -4,
        "EBIT": -4,
        "Net Income": -5
    },
    "2018-12-31": {
        "Diluted EPS": -0.17,
        "Total Revenue": 6,
        "Gross Profit": 4,
        "Operating Income": -6,
        "EBIT": -5,
        "Net Income": -5
    },
    "2018-09-30": {
        "Diluted EPS": -0.1,
        "Total Revenue": 6,
        "Gross Profit": 4,
        "Operating Income": -3,
        "EBIT": -3,
        "Net Income": -3
    },
    "2018-06-30": {
        "Diluted EPS": -0.19,
        "Total Revenue": 6,
        "Gross Profit": 4,
        "Operating Income": -4,
        "EBIT": -4,
        "Net Income": -6
    },
    "2018-03-31": {
        "Diluted EPS": -0.1,
        "Total Revenue": 5,
        "Gross Profit": 3,
        "Operating Income": -3,
        "EBIT": -3,
        "Net Income": -3
    },
    "2017-12-31": {
        "Diluted EPS": -0.13,
        "Total Revenue": 5,
        "Gross Profit": 3,
        "Operating Income": -4,
        "EBIT": -4,
        "Net Income": -3
    },
    "2017-09-30": {
        "Diluted EPS": -0.07,
        "Total Revenue": 4,
        "Gross Profit": 2,
        "Operating Income": -2,
        "EBIT": -2,
        "Net Income": -2
    },
    "2017-06-30": {
        "Diluted EPS": -0.06,
        "Total Revenue": 4,
        "Gross Profit": 2,
        "Operating Income": -2,
        "EBIT": -2,
        "Net Income": -2
    },
    "2017-03-31": {
        "Diluted EPS": -0.06,
        "Total Revenue": 3,
        "Gross Profit": 2,
        "Operating Income": -2,
        "EBIT": -1,
        "Net Income": -2
    },
    "2016-12-31": {
        "Diluted EPS": -0.18,
        "Total Revenue": 3,
        "Gross Profit": 2,
        "Operating Income": -5,
        "EBIT": -5,
        "Net Income": -5
    },
    "2016-09-30": {
        "Diluted EPS": -0.09,
        "Total Revenue": 2,
        "Gross Profit": 1,
        "Operating Income": -2,
        "EBIT": -2,
        "Net Income": -2
    },
    "2016-06-30": {
        "Diluted EPS": -0.12,
        "Total Revenue": 2,
        "Gross Profit": 1,
        "Operating Income": -3,
        "EBIT": -3,
        "Net Income": -3
    },
    "2016-03-31": {
        "Diluted EPS": -0.07,
        "Total Revenue": 2,
        "Gross Profit": 1,
        "Operating Income": -2,
        "EBIT": -2,
        "Net Income": -2
    },
    "2015-12-31": {
        "Diluted EPS": -0.13,
        "Total Revenue": 2,
        "Gross Profit": 1,
        "Operating Income": -3,
        "EBIT": -3,
        "Net Income": -3
    },
    "2015-09-30": {
        "Diluted EPS": -0.11,
        "Total Revenue": 1,
        "Gross Profit": 1,
        "Operating Income": -2,
        "EBIT": -2,
        "Net Income": -3
    },
    "2015-06-30": {
        "Diluted EPS": 0.05,
        "Total Revenue": 1,
        "Gross Profit": 0,
        "Operating Income": -2,
        "EBIT": -2,
        "Net Income": 1
    },
    "2015-03-31": {
        "Diluted EPS": -0.19,
        "Total Revenue": 1,
        "Gross Profit": 0,
        "Operating Income": -2,
        "EBIT": -2,
        "Net Income": -5
    },
    "2014-12-31": {
        "Diluted EPS": -0.6,
        "Total Revenue": 1,
        "Gross Profit": 1,
        "Operating Income": -3,
        "EBIT": -3,
        "Net Income": -10
    },
    "2014-09-30": {
        "Diluted EPS": -0.22,
        "Total Revenue": 1,
        "Gross Profit": 1,
        "Operating Income": -1,
        "EBIT": -1,
        "Net Income": -3
    },
    "2014-06-30": {
        "Diluted EPS": -0.27,
        "Total Revenue": 1,
        "Gross Profit": 0,
        "Operating Income": -1,
        "EBIT": -1,
        "Net Income": -3
    },
    "2014-03-31": {
        "Diluted EPS": -0.2,
        "Total Revenue": 1,
        "Gross Profit": 0,
        "Operating Income": -1,
        "EBIT": -1,
        "Net Income": -2
    },
    "2013-12-31": {
        "Diluted EPS": 0.0,
        "Total Revenue": 1,
        "Gross Profit": 0,
        "Operating Income": -1,
        "EBIT": -1,
        "Net Income": -1
    },
    "2013-09-30": {
        "Diluted EPS": -0.25,
        "Total Revenue": 1,
        "Gross Profit": 0,
        "Operating Income": -1,
        "EBIT": -1,
        "Net Income": -1
    },
    "2013-06-30": {
        "Diluted EPS": -0.25,
        "Total Revenue": 0,
        "Gross Profit": 0,
        "Operating Income": -1,
        "EBIT": -1,
        "Net Income": -2
    },
    "2013-03-31": {
        "Diluted EPS": -0.25,
        "Total Revenue": 0,
        "Gross Profit": 0,
        "Operating Income": -1,
        "EBIT": -1,
        "Net Income": -2
    },
    "2012-12-31": {
        "Diluted EPS": 0.0,
        "Total Revenue": 1,
        "Gross Profit": 0,
        "Operating Income": -1,
        "EBIT": -1,
        "Net Income": -1
    },
    "2012-09-30": {
        "Diluted EPS": -0.25,
        "Total Revenue": 1,
        "Gross Profit": 0,
        "Operating Income": -1,
        "EBIT": -1,
        "Net Income": -1
    },
    "2012-06-30": {
        "Diluted EPS": -0.25,
        "Total Revenue": 0,
        "Gross Profit": 0,
        "Operating Income": -1,
        "EBIT": -1,
        "Net Income": -2
    },
    "2012-03-31": {
        "Diluted EPS": -0.25,
        "Total Revenue": 0,
        "Gross Profit": 0,
        "Operating Income": -1,
        "EBIT": -1,
        "Net Income": -2
    },
    "2011-12-31": {
        "Diluted EPS": -0.5,
        "Total Revenue": 0,
        "Gross Profit": 0,
        "Operating Income": -1,
        "EBIT": -1,
        "Net Income": -1
    },
    "2011-09-30": {
        "Diluted EPS": -0.25,
        "Total Revenue": NaN,
        "Gross Profit": NaN,
        "Operating Income": -1,
        "EBIT": -1,
        "Net Income": -2
    },
    "2011-06-30": {
        "Diluted EPS": -0.25,
        "Total Revenue": NaN,
        "Gross Profit": NaN,
        "Operating Income": -1,
        "EBIT": -1,
        "Net Income": -2
    },
    "2011-03-31": {
        "Diluted EPS": -0.25,
        "Total Revenue": NaN,
        "Gross Profit": NaN,
        "Operating Income": -1,
        "EBIT": -1,
        "Net Income": -2
    },
    "2010-12-31": {
        "Diluted EPS": 0.0,
        "Total Revenue": NaN,
        "Gross Profit": NaN,
        "Operating Income": 0,
        "EBIT": 0,
        "Net Income": 0
    },
    "2010-09-30": {
        "Diluted EPS": 0.0,
        "Total Revenue": NaN,
        "Gross Profit": NaN,
        "Operating Income": -1,
        "EBIT": -1,
        "Net Income": -1
    },
    "2010-06-30": {
        "Diluted EPS": 0.0,
        "Total Revenue": NaN,
        "Gross Profit": NaN,
        "Operating Income": -1,
        "EBIT": -1,
        "Net Income": -1
    },
    "2010-03-31": {
        "Diluted EPS": 0.0,
        "Total Revenue": NaN,
        "Gross Profit": NaN,
        "Operating Income": -1,
        "EBIT": -1,
        "Net Income": -1
    },
    "2009-12-31": {
        "Diluted EPS": 0.0,
        "Total Revenue": NaN,
        "Gross Profit": NaN,
        "Operating Income": -1,
        "EBIT": -1,
        "Net Income": 0
    },
    "2009-09-30": {
        "Diluted EPS": 0.0,
        "Total Revenue": NaN,
        "Gross Profit": NaN,
        "Operating Income": -1,
        "EBIT": -1,
        "Net Income": -1
    },
    "2009-06-30": {
        "Diluted EPS": 0.0,
        "Total Revenue": NaN,
        "Gross Profit": NaN,
        "Operating Income": -1,
        "EBIT": -1,
        "Net Income": -1
    },
    "2009-03-31": {
        "Diluted EPS": 0.0,
        "Total Revenue": NaN,
        "Gross Profit": NaN,
        "Operating Income": -1,
        "EBIT": -1,
        "Net Income": -1
    },
    "2023-09-30": {
        "Tax Effect Of Unusual Items": 0.0,
        "Tax Rate For Calcs": 0.0,
        "Normalized EBITDA": -6887550.0,
        "Total Unusual Items": -1809652.0,
        "Total Unusual Items Excluding Goodwill": -1809652.0,
        "Net Income From Continuing Operation Net Minority Interest": -9193520.0,
        "Reconciled Depreciation": 462648.0,
        "Reconciled Cost Of Revenue": 3203981.0,
        "EBITDA": -8697202.0,
        "EBIT": -9159850.0,
        "Net Interest Income": -33670.0,
        "Interest Expense": 33670.0,
        "Normalized Income": -7383868.0,
        "Net Income From Continuing And Discontinued Operation": -9193520.0,
        "Total Expenses": 15104214.0,
        "Total Operating Income As Reported": -7350198.0,
        "Diluted Average Shares": 44373969.0,
        "Basic Average Shares": 44373969.0,
        "Diluted EPS": -0.21,
        "Basic EPS": -0.21,
        "Diluted NI Availto Com Stockholders": -9193520.0,
        "Net Income Common Stockholders": -9193520.0,
        "Net Income": -9193520.0,
        "Net Income Including Noncontrolling Interests": -9193520.0,
        "Net Income Continuous Operations": -9193520.0,
        "Tax Provision": 0.0,
        "Pretax Income": -9193520.0,
        "Other Income Expense": -1809652.0,
        "Other Non Operating Income Expenses": NaN,
        "Gain On Sale Of Security": -1809652.0,
        "Net Non Operating Interest Income Expense": -33670.0,
        "Total Other Finance Cost": 33670.0,
        "Interest Expense Non Operating": 33670.0,
        "Operating Income": -7350198.0,
        "Operating Expense": 11900233.0,
        "Other Operating Expenses": -1056831.0,
        "Research And Development": 3749197.0,
        "Selling General And Administration": 9207867.0,
        "General And Administrative Expense": 9207867.0,
        "Other Gand A": 9207867.0,
        "Gross Profit": 4550035.0,
        "Cost Of Revenue": 3203981.0,
        "Total Revenue": 7754016.0,
        "Operating Revenue": 7754016.0
    },
    "2023-12-31": {
        "Tax Effect Of Unusual Items": 328407.983626,
        "Tax Rate For Calcs": 0.122392,
        "Normalized EBITDA": -11232005.0,
        "Total Unusual Items": 2683254.0,
        "Total Unusual Items Excluding Goodwill": 2683254.0,
        "Net Income From Continuing Operation Net Minority Interest": -5834907.0,
        "Reconciled Depreciation": 792674.0,
        "Reconciled Cost Of Revenue": 3356935.0,
        "EBITDA": -8548751.0,
        "EBIT": -9341425.0,
        "Net Interest Income": -52229.0,
        "Interest Expense": NaN,
        "Normalized Income": -8189753.016374,
        "Net Income From Continuing And Discontinued Operation": -5834907.0,
        "Total Expenses": 16689910.0,
        "Total Operating Income As Reported": -9341425.0,
        "Diluted Average Shares": NaN,
        "Basic Average Shares": NaN,
        "Diluted EPS": NaN,
        "Basic EPS": NaN,
        "Diluted NI Availto Com Stockholders": -5834907.0,
        "Net Income Common Stockholders": -5834907.0,
        "Net Income": -5834907.0,
        "Net Income Including Noncontrolling Interests": -5834907.0,
        "Net Income Continuous Operations": -5834907.0,
        "Tax Provision": -813739.0,
        "Pretax Income": -6648646.0,
        "Other Income Expense": 2745008.0,
        "Other Non Operating Income Expenses": 61754.0,
        "Gain On Sale Of Security": 2683254.0,
        "Net Non Operating Interest Income Expense": -52229.0,
        "Total Other Finance Cost": 52229.0,
        "Interest Expense Non Operating": NaN,
        "Operating Income": -9341425.0,
        "Operating Expense": 13332975.0,
        "Other Operating Expenses": -1319730.0,
        "Research And Development": 4096499.0,
        "Selling General And Administration": 10556206.0,
        "General And Administrative Expense": 10556206.0,
        "Other Gand A": 10556206.0,
        "Gross Profit": 3991550.0,
        "Cost Of Revenue": 3356935.0,
        "Total Revenue": 7348485.0,
        "Operating Revenue": 7348485.0
    },
    "2024-03-31": {
        "Tax Effect Of Unusual Items": 0.0,
        "Tax Rate For Calcs": 0.0,
        "Normalized EBITDA": -3056615.0,
        "Total Unusual Items": -1425690.0,
        "Total Unusual Items Excluding Goodwill": -1425690.0,
        "Net Income From Continuing Operation Net Minority Interest": -6357861.0,
        "Reconciled Depreciation": 443213.0,
        "Reconciled Cost Of Revenue": 3215713.0,
        "EBITDA": -4482305.0,
        "EBIT": -4925518.0,
        "Net Interest Income": -6653.0,
        "Interest Expense": NaN,
        "Normalized Income": -4932171.0,
        "Net Income From Continuing And Discontinued Operation": -6357861.0,
        "Total Expenses": 13915038.0,
        "Total Operating Income As Reported": -4925518.0,
        "Diluted Average Shares": 54262790.0,
        "Basic Average Shares": 54262790.0,
        "Diluted EPS": -0.12,
        "Basic EPS": -0.12,
        "Diluted NI Availto Com Stockholders": -6357861.0,
        "Net Income Common Stockholders": -6357861.0,
        "Net Income": -6357861.0,
        "Net Income Including Noncontrolling Interests": -6357861.0,
        "Net Income Continuous Operations": -6357861.0,
        "Tax Provision": 0.0,
        "Pretax Income": -6357861.0,
        "Other Income Expense": -1425690.0,
        "Other Non Operating Income Expenses": NaN,
        "Gain On Sale Of Security": -1425690.0,
        "Net Non Operating Interest Income Expense": -6653.0,
        "Total Other Finance Cost": 6653.0,
        "Interest Expense Non Operating": NaN,
        "Operating Income": -4925518.0,
        "Operating Expense": 10699325.0,
        "Other Operating Expenses": -796772.0,
        "Research And Development": 2248191.0,
        "Selling General And Administration": 9247906.0,
        "General And Administrative Expense": 9247906.0,
        "Other Gand A": 9247906.0,
        "Gross Profit": 5773807.0,
        "Cost Of Revenue": 3215713.0,
        "Total Revenue": 8989520.0,
        "Operating Revenue": 8989520.0
    },
    "2024-06-30": {
        "Tax Effect Of Unusual Items": 0.0,
        "Tax Rate For Calcs": 0.0,
        "Normalized EBITDA": -2428082.0,
        "Total Unusual Items": -544226.0,
        "Total Unusual Items Excluding Goodwill": -544226.0,
        "Net Income From Continuing Operation Net Minority Interest": -4143146.0,
        "Reconciled Depreciation": 446514.0,
        "Reconciled Cost Of Revenue": 3391907.0,
        "EBITDA": -2972308.0,
        "EBIT": -3418822.0,
        "Net Interest Income": -180098.0,
        "Interest Expense": NaN,
        "Normalized Income": -3598920.0,
        "Net Income From Continuing And Discontinued Operation": -4143146.0,
        "Total Expenses": 12260611.0,
        "Total Operating Income As Reported": -3418822.0,
        "Diluted Average Shares": 54306041.0,
        "Basic Average Shares": 54306041.0,
        "Diluted EPS": -0.08,
        "Basic EPS": -0.08,
        "Diluted NI Availto Com Stockholders": -4143146.0,
        "Net Income Common Stockholders": -4143146.0,
        "Net Income": -4143146.0,
        "Net Income Including Noncontrolling Interests": -4143146.0,
        "Net Income Continuous Operations": -4143146.0,
        "Tax Provision": 0.0,
        "Pretax Income": -4143146.0,
        "Other Income Expense": -544226.0,
        "Other Non Operating Income Expenses": NaN,
        "Gain On Sale Of Security": -544226.0,
        "Net Non Operating Interest Income Expense": -180098.0,
        "Total Other Finance Cost": 180098.0,
        "Interest Expense Non Operating": NaN,
        "Operating Income": -3418822.0,
        "Operating Expense": 8868704.0,
        "Other Operating Expenses": -1052847.0,
        "Research And Development": 1519618.0,
        "Selling General And Administration": 8401933.0,
        "General And Administrative Expense": 8401933.0,
        "Other Gand A": 8401933.0,
        "Gross Profit": 5449882.0,
        "Cost Of Revenue": 3391907.0,
        "Total Revenue": 8841789.0,
        "Operating Revenue": 8841789.0
    },
    "2024-09-30": {
        "Tax Effect Of Unusual Items": 0.0,
        "Tax Rate For Calcs": 0.0,
        "Normalized EBITDA": -3967477.0,
        "Total Unusual Items": 2650309.0,
        "Total Unusual Items Excluding Goodwill": 2650309.0,
        "Net Income From Continuing Operation Net Minority Interest": -2334091.0,
        "Reconciled Depreciation": 428770.0,
        "Reconciled Cost Of Revenue": 4108773.0,
        "EBITDA": -1317168.0,
        "EBIT": -1745938.0,
        "Net Interest Income": -588153.0,
        "Interest Expense": 588153.0,
        "Normalized Income": -4984400.0,
        "Net Income From Continuing And Discontinued Operation": -2334091.0,
        "Total Expenses": 13009042.0,
        "Total Operating Income As Reported": -4396247.0,
        "Diluted Average Shares": 54453006.0,
        "Basic Average Shares": 54453006.0,
        "Diluted EPS": -0.04,
        "Basic EPS": -0.04,
        "Diluted NI Availto Com Stockholders": -2334091.0,
        "Net Income Common Stockholders": -2334091.0,
        "Net Income": -2334091.0,
        "Net Income Including Noncontrolling Interests": -2334091.0,
        "Net Income Continuous Operations": -2334091.0,
        "Tax Provision": 0.0,
        "Pretax Income": -2334091.0,
        "Other Income Expense": 2650309.0,
        "Other Non Operating Income Expenses": NaN,
        "Gain On Sale Of Security": 2650309.0,
        "Net Non Operating Interest Income Expense": -588153.0,
        "Total Other Finance Cost": NaN,
        "Interest Expense Non Operating": 588153.0,
        "Operating Income": -4396247.0,
        "Operating Expense": 8900269.0,
        "Other Operating Expenses": -777593.0,
        "Research And Development": 1851230.0,
        "Selling General And Administration": 7826632.0,
        "General And Administrative Expense": 7826632.0,
        "Other Gand A": 7826632.0,
        "Gross Profit": 4504022.0,
        "Cost Of Revenue": 4108773.0,
        "Total Revenue": 8612795.0,
        "Operating Revenue": 8612795.0
    }
}