{
    "2023-03-31": {
        "Tax Effect Of Unusual Items": -15260000.0,
        "Tax Rate For Calcs": 0.218,
        "Normalized EBITDA": 1164000000.0,
        "Total Unusual Items": -70000000.0,
        "Total Unusual Items Excluding Goodwill": -70000000.0,
        "Net Income From Continuing Operation Net Minority Interest": 603000000.0,
        "Reconciled Depreciation": 287000000.0,
        "Reconciled Cost Of Revenue": 2644000000.0,
        "EBITDA": 1094000000.0,
        "EBIT": 807000000.0,
        "Net Interest Income": 9000000.0,
        "Interest Expense": 31000000.0,
        "Interest Income": 40000000.0,
        "Normalized Income": 657740000.0,
        "Net Income From Continuing And Discontinued Operation": 595000000.0,
        "Total Expenses": 4004000000.0,
        "Diluted Average Shares": 716200000.0,
        "Basic Average Shares": 712900000.0,
        "Diluted EPS": 0.83,
        "Basic EPS": 0.84,
        "Diluted NI Availto Com Stockholders": 595000000.0,
        "Net Income Common Stockholders": 595000000.0,
        "Net Income": 595000000.0,
        "Minority Interests": -4000000.0,
        "Net Income Including Noncontrolling Interests": 599000000.0,
        "Net Income Discontinuous Operations": -8000000.0,
        "Net Income Continuous Operations": 607000000.0,
        "Tax Provision": 169000000.0,
        "Pretax Income": 776000000.0,
        "Other Income Expense": -113000000.0,
        "Other Non Operating Income Expenses": -46000000.0,
        "Special Income Charges": -34000000.0,
        "Gain On Sale Of Business": -1000000.0,
        "Restructuring And Mergern Acquisition": 33000000.0,
        "Earnings From Equity Interest": 3000000.0,
        "Gain On Sale Of Security": -36000000.0,
        "Net Non Operating Interest Income Expense": 9000000.0,
        "Interest Expense Non Operating": 31000000.0,
        "Interest Income Non Operating": 40000000.0,
        "Operating Income": 880000000.0,
        "Operating Expense": 1233000000.0,
        "Depreciation Amortization Depletion Income Statement": 160000000.0,
        "Depreciation And Amortization In Income Statement": 160000000.0,
        "Amortization": 160000000.0,
        "Amortization Of Intangibles Income Statement": 160000000.0,
        "Research And Development": 316000000.0,
        "Selling General And Administration": 757000000.0,
        "General And Administrative Expense": 757000000.0,
        "Other Gand A": 726000000.0,
        "Salaries And Wages": 31000000.0,
        "Gross Profit": 2113000000.0,
        "Cost Of Revenue": 2771000000.0,
        "Total Revenue": 4884000000.0,
        "Operating Revenue": 4884000000.0
    },
    "2022-12-31": {
        "Tax Effect Of Unusual Items": -40950000.0,
        "Tax Rate For Calcs": 0.21,
        "Normalized EBITDA": 332000000.0,
        "Total Unusual Items": -195000000.0,
        "Total Unusual Items Excluding Goodwill": -195000000.0,
        "Net Income From Continuing Operation Net Minority Interest": -43000000.0,
        "Reconciled Depreciation": 304000000.0,
        "Reconciled Cost Of Revenue": 2372000000.0,
        "EBITDA": 137000000.0,
        "EBIT": -167000000.0,
        "Net Interest Income": 13000000.0,
        "Interest Expense": 36000000.0,
        "Interest Income": 49000000.0,
        "Normalized Income": 111050000.0,
        "Net Income From Continuing And Discontinued Operation": -55000000.0,
        "Total Expenses": 3780000000.0,
        "Diluted Average Shares": 714700000.0,
        "Basic Average Shares": 714700000.0,
        "Diluted EPS": -0.08,
        "Basic EPS": -0.08,
        "Diluted NI Availto Com Stockholders": -55000000.0,
        "Net Income Common Stockholders": -55000000.0,
        "Net Income": -55000000.0,
        "Minority Interests": -2000000.0,
        "Net Income Including Noncontrolling Interests": -53000000.0,
        "Net Income Discontinuous Operations": -12000000.0,
        "Net Income Continuous Operations": -41000000.0,
        "Tax Provision": -162000000.0,
        "Pretax Income": -203000000.0,
        "Other Income Expense": -261000000.0,
        "Other Non Operating Income Expenses": -73000000.0,
        "Special Income Charges": -62000000.0,
        "Gain On Sale Of Business": 1000000.0,
        "Restructuring And Mergern Acquisition": 63000000.0,
        "Earnings From Equity Interest": 7000000.0,
        "Gain On Sale Of Security": -133000000.0,
        "Net Non Operating Interest Income Expense": 13000000.0,
        "Interest Expense Non Operating": 36000000.0,
        "Interest Income Non Operating": 49000000.0,
        "Operating Income": 45000000.0,
        "Operating Expense": 1270000000.0,
        "Depreciation Amortization Depletion Income Statement": 166000000.0,
        "Depreciation And Amortization In Income Statement": 166000000.0,
        "Amortization": 166000000.0,
        "Amortization Of Intangibles Income Statement": 166000000.0,
        "Research And Development": 340000000.0,
        "Selling General And Administration": 764000000.0,
        "General And Administrative Expense": NaN,
        "Other Gand A": NaN,
        "Salaries And Wages": NaN,
        "Gross Profit": 1315000000.0,
        "Cost Of Revenue": 2510000000.0,
        "Total Revenue": 3825000000.0,
        "Operating Revenue": 3825000000.0
    },
    "2022-09-30": {
        "Tax Effect Of Unusual Items": -28424000.0,
        "Tax Rate For Calcs": 0.187,
        "Normalized EBITDA": 84000000.0,
        "Total Unusual Items": -152000000.0,
        "Total Unusual Items Excluding Goodwill": -152000000.0,
        "Net Income From Continuing Operation Net Minority Interest": -325000000.0,
        "Reconciled Depreciation": 310000000.0,
        "Reconciled Cost Of Revenue": 1747000000.0,
        "EBITDA": -68000000.0,
        "EBIT": -378000000.0,
        "Net Interest Income": -18000000.0,
        "Interest Expense": 18000000.0,
        "Interest Income": 36000000.0,
        "Normalized Income": -201424000.0,
        "Net Income From Continuing And Discontinued Operation": -331000000.0,
        "Total Expenses": 3026000000.0,
        "Diluted Average Shares": 718700000.0,
        "Basic Average Shares": 718700000.0,
        "Diluted EPS": -0.46,
        "Basic EPS": -0.46,
        "Diluted NI Availto Com Stockholders": -331000000.0,
        "Net Income Common Stockholders": -331000000.0,
        "Net Income": -331000000.0,
        "Minority Interests": -3000000.0,
        "Net Income Including Noncontrolling Interests": -328000000.0,
        "Net Income Discontinuous Operations": -6000000.0,
        "Net Income Continuous Operations": -322000000.0,
        "Tax Provision": -74000000.0,
        "Pretax Income": -396000000.0,
        "Other Income Expense": -129000000.0,
        "Other Non Operating Income Expenses": 23000000.0,
        "Special Income Charges": -152000000.0,
        "Gain On Sale Of Business": 16000000.0,
        "Restructuring And Mergern Acquisition": 152000000.0,
        "Earnings From Equity Interest": -1000000.0,
        "Gain On Sale Of Security": -13000000.0,
        "Net Non Operating Interest Income Expense": -18000000.0,
        "Interest Expense Non Operating": 18000000.0,
        "Interest Income Non Operating": 36000000.0,
        "Operating Income": -249000000.0,
        "Operating Expense": 1147000000.0,
        "Depreciation Amortization Depletion Income Statement": 178000000.0,
        "Depreciation And Amortization In Income Statement": 178000000.0,
        "Amortization": 178000000.0,
        "Amortization Of Intangibles Income Statement": 178000000.0,
        "Research And Development": 312000000.0,
        "Selling General And Administration": 657000000.0,
        "General And Administrative Expense": 657000000.0,
        "Other Gand A": 657000000.0,
        "Gross Profit": 898000000.0,
        "Cost Of Revenue": 1879000000.0,
        "Total Revenue": 2777000000.0,
        "Operating Revenue": 2777000000.0
    },
    "2022-06-30": {
        "Tax Effect Of Unusual Items": -35035000.0,
        "Tax Rate For Calcs": 0.245,
        "Normalized EBITDA": 1788000000.0,
        "Total Unusual Items": -143000000.0,
        "Total Unusual Items Excluding Goodwill": -143000000.0,
        "Net Income From Continuing Operation Net Minority Interest": 999000000.0,
        "Reconciled Depreciation": 302000000.0,
        "Reconciled Cost Of Revenue": 3200000000.0,
        "EBITDA": 1645000000.0,
        "EBIT": 1343000000.0,
        "Net Interest Income": -16000000.0,
        "Interest Expense": 16000000.0,
        "Interest Income": 24000000.0,
        "Normalized Income": 1106965000.0,
        "Net Income From Continuing And Discontinued Operation": 969000000.0,
        "Total Expenses": 4815000000.0,
        "Diluted Average Shares": 726700000.0,
        "Basic Average Shares": 723000000.0,
        "Diluted EPS": 1.33,
        "Basic EPS": 1.34,
        "Diluted NI Availto Com Stockholders": 969000000.0,
        "Net Income Common Stockholders": 969000000.0,
        "Net Income": 969000000.0,
        "Minority Interests": -3000000.0,
        "Net Income Including Noncontrolling Interests": 972000000.0,
        "Net Income Discontinuous Operations": -30000000.0,
        "Net Income Continuous Operations": 1002000000.0,
        "Tax Provision": 325000000.0,
        "Pretax Income": 1327000000.0,
        "Other Income Expense": -94000000.0,
        "Other Non Operating Income Expenses": 49000000.0,
        "Special Income Charges": -143000000.0,
        "Gain On Sale Of Business": 4000000.0,
        "Restructuring And Mergern Acquisition": 143000000.0,
        "Earnings From Equity Interest": 4000000.0,
        "Gain On Sale Of Security": -36000000.0,
        "Net Non Operating Interest Income Expense": -16000000.0,
        "Interest Expense Non Operating": 16000000.0,
        "Interest Income Non Operating": 24000000.0,
        "Operating Income": 1437000000.0,
        "Operating Expense": 1492000000.0,
        "Depreciation Amortization Depletion Income Statement": 179000000.0,
        "Depreciation And Amortization In Income Statement": 179000000.0,
        "Amortization": 179000000.0,
        "Amortization Of Intangibles Income Statement": 179000000.0,
        "Research And Development": 296000000.0,
        "Selling General And Administration": 1017000000.0,
        "General And Administrative Expense": NaN,
        "Other Gand A": NaN,
        "Gross Profit": 2929000000.0,
        "Cost Of Revenue": 3323000000.0,
        "Total Revenue": 6252000000.0,
        "Operating Revenue": 6252000000.0
    },
    "2023-06-30": {
        "Tax Effect Of Unusual Items": -30456000.0,
        "Tax Rate For Calcs": 0.188,
        "Normalized EBITDA": 1634000000.0,
        "Total Unusual Items": -162000000.0,
        "Total Unusual Items Excluding Goodwill": -162000000.0,
        "Net Income From Continuing Operation Net Minority Interest": 877000000.0,
        "Reconciled Depreciation": 306000000.0,
        "Reconciled Cost Of Revenue": 3005000000.0,
        "EBITDA": 1472000000.0,
        "EBIT": 1166000000.0,
        "Net Interest Income": -28000000.0,
        "Interest Expense": 82000000.0,
        "Interest Income": 54000000.0,
        "Normalized Income": 1008544000.0,
        "Net Income From Continuing And Discontinued Operation": 714000000.0,
        "Total Expenses": 4685000000.0,
        "Diluted Average Shares": 713700000.0,
        "Basic Average Shares": 710800000.0,
        "Diluted EPS": 1.0,
        "Basic EPS": 1.0,
        "Diluted NI Availto Com Stockholders": 714000000.0,
        "Net Income Common Stockholders": 714000000.0,
        "Net Income": 714000000.0,
        "Minority Interests": -3000000.0,
        "Net Income Including Noncontrolling Interests": 717000000.0,
        "Net Income Discontinuous Operations": -163000000.0,
        "Net Income Continuous Operations": 880000000.0,
        "Tax Provision": 204000000.0,
        "Pretax Income": 1084000000.0,
        "Other Income Expense": -248000000.0,
        "Other Non Operating Income Expenses": -89000000.0,
        "Special Income Charges": -58000000.0,
        "Gain On Sale Of Business": 2000000.0,
        "Restructuring And Mergern Acquisition": 60000000.0,
        "Earnings From Equity Interest": 3000000.0,
        "Gain On Sale Of Security": -104000000.0,
        "Net Non Operating Interest Income Expense": -28000000.0,
        "Interest Expense Non Operating": 82000000.0,
        "Interest Income Non Operating": 54000000.0,
        "Operating Income": 1360000000.0,
        "Operating Expense": 1548000000.0,
        "Depreciation Amortization Depletion Income Statement": 174000000.0,
        "Depreciation And Amortization In Income Statement": 174000000.0,
        "Amortization": 174000000.0,
        "Amortization Of Intangibles Income Statement": 174000000.0,
        "Research And Development": 329000000.0,
        "Selling General And Administration": 1045000000.0,
        "General And Administrative Expense": NaN,
        "Other Gand A": NaN,
        "Salaries And Wages": NaN,
        "Gross Profit": 2908000000.0,
        "Cost Of Revenue": 3137000000.0,
        "Total Revenue": 6045000000.0,
        "Operating Revenue": 6045000000.0
    },
    "2022-03-31": {
        "Diluted EPS": 0.78,
        "Total Revenue": NaN,
        "Gross Profit": NaN,
        "Operating Income": 707,
        "EBIT": NaN,
        "Net Income": 564
    },
    "2021-12-31": {
        "Diluted EPS": 0.22,
        "Total Revenue": NaN,
        "Gross Profit": NaN,
        "Operating Income": 253,
        "EBIT": 570,
        "Net Income": 159
    },
    "2021-09-30": {
        "Diluted EPS": 0.04,
        "Total Revenue": NaN,
        "Gross Profit": 813,
        "Operating Income": 16,
        "EBIT": 325,
        "Net Income": 30
    },
    "2021-06-30": {
        "Diluted EPS": 1.31,
        "Total Revenue": NaN,
        "Gross Profit": NaN,
        "Operating Income": NaN,
        "EBIT": NaN,
        "Net Income": 970
    },
    "2021-03-31": {
        "Diluted EPS": 0.8,
        "Total Revenue": NaN,
        "Gross Profit": NaN,
        "Operating Income": 798,
        "EBIT": NaN,
        "Net Income": 600
    },
    "2020-12-31": {
        "Diluted EPS": 0.06,
        "Total Revenue": NaN,
        "Gross Profit": NaN,
        "Operating Income": -60,
        "EBIT": 249,
        "Net Income": 41
    },
    "2020-09-30": {
        "Diluted EPS": -0.52,
        "Total Revenue": NaN,
        "Gross Profit": 566,
        "Operating Income": -496,
        "EBIT": -211,
        "Net Income": -392
    },
    "2020-06-30": {
        "Diluted EPS": 1.01,
        "Total Revenue": NaN,
        "Gross Profit": NaN,
        "Operating Income": 858,
        "EBIT": NaN,
        "Net Income": 760
    },
    "2020-03-31": {
        "Diluted EPS": 0.36,
        "Total Revenue": NaN,
        "Gross Profit": NaN,
        "Operating Income": 418,
        "EBIT": 701,
        "Net Income": 272
    },
    "2019-12-31": {
        "Diluted EPS": -0.03,
        "Total Revenue": NaN,
        "Gross Profit": NaN,
        "Operating Income": -163,
        "EBIT": 126,
        "Net Income": -21
    },
    "2019-09-30": {
        "Diluted EPS": -0.66,
        "Total Revenue": NaN,
        "Gross Profit": 562,
        "Operating Income": -612,
        "EBIT": -371,
        "Net Income": -494
    },
    "2019-06-30": {
        "Diluted EPS": -0.81,
        "Total Revenue": NaN,
        "Gross Profit": NaN,
        "Operating Income": 787,
        "EBIT": NaN,
        "Net Income": -608
    },
    "2019-03-31": {
        "Diluted EPS": 0.22,
        "Total Revenue": NaN,
        "Gross Profit": NaN,
        "Operating Income": -192,
        "EBIT": 739,
        "Net Income": 164
    },
    "2018-12-31": {
        "Diluted EPS": 0.0,
        "Total Revenue": NaN,
        "Gross Profit": NaN,
        "Operating Income": NaN,
        "EBIT": NaN,
        "Net Income": NaN
    },
    "2018-09-30": {
        "Diluted EPS": 0.0,
        "Total Revenue": NaN,
        "Gross Profit": 462,
        "Operating Income": NaN,
        "EBIT": -274,
        "Net Income": NaN
    },
    "2018-06-30": {
        "Diluted EPS": 0.0,
        "Total Revenue": NaN,
        "Gross Profit": NaN,
        "Operating Income": 396,
        "EBIT": 396,
        "Net Income": 694
    },
    "2017-12-31": {
        "Diluted EPS": 0.0,
        "Total Revenue": NaN,
        "Gross Profit": NaN,
        "Operating Income": NaN,
        "EBIT": NaN,
        "Net Income": NaN
    },
    "2023-09-30": {
        "Tax Effect Of Unusual Items": -27354000.0,
        "Tax Rate For Calcs": 0.291,
        "Normalized EBITDA": 14000000.0,
        "Total Unusual Items": -94000000.0,
        "Total Unusual Items Excluding Goodwill": -94000000.0,
        "Net Income From Continuing Operation Net Minority Interest": -318000000.0,
        "Reconciled Depreciation": 306000000.0,
        "Reconciled Cost Of Revenue": 1514000000.0,
        "EBITDA": -80000000.0,
        "EBIT": -386000000.0,
        "Net Interest Income": 1000000.0,
        "Interest Expense": 58000000.0,
        "Interest Income": 59000000.0,
        "Normalized Income": -251354000.0,
        "Net Income From Continuing And Discontinued Operation": -321000000.0,
        "Total Expenses": 2855000000.0,
        "Diluted Average Shares": 708400000.0,
        "Basic Average Shares": 708400000.0,
        "Diluted EPS": -0.45,
        "Basic EPS": -0.45,
        "Diluted NI Availto Com Stockholders": -321000000.0,
        "Net Income Common Stockholders": -321000000.0,
        "Net Income": -321000000.0,
        "Minority Interests": -3000000.0,
        "Net Income Including Noncontrolling Interests": -318000000.0,
        "Net Income Discontinuous Operations": -3000000.0,
        "Net Income Continuous Operations": -315000000.0,
        "Tax Provision": -129000000.0,
        "Pretax Income": -444000000.0,
        "Other Income Expense": -180000000.0,
        "Other Non Operating Income Expenses": -84000000.0,
        "Special Income Charges": 8000000.0,
        "Gain On Sale Of Business": 10000000.0,
        "Restructuring And Mergern Acquisition": 2000000.0,
        "Earnings From Equity Interest": -2000000.0,
        "Gain On Sale Of Security": -102000000.0,
        "Net Non Operating Interest Income Expense": 1000000.0,
        "Interest Expense Non Operating": 58000000.0,
        "Interest Income Non Operating": 59000000.0,
        "Operating Income": -265000000.0,
        "Operating Expense": 1209000000.0,
        "Depreciation Amortization Depletion Income Statement": 174000000.0,
        "Depreciation And Amortization In Income Statement": 174000000.0,
        "Amortization": 174000000.0,
        "Amortization Of Intangibles Income Statement": 174000000.0,
        "Research And Development": 335000000.0,
        "Selling General And Administration": 700000000.0,
        "General And Administrative Expense": 700000000.0,
        "Other Gand A": 670000000.0,
        "Salaries And Wages": 30000000.0,
        "Gross Profit": 944000000.0,
        "Cost Of Revenue": 1646000000.0,
        "Total Revenue": 2590000000.0,
        "Operating Revenue": 2590000000.0
    },
    "2023-12-31": {
        "Tax Effect Of Unusual Items": -109659442.724458,
        "Tax Rate For Calcs": 0.28483,
        "Normalized EBITDA": 436000000.0,
        "Total Unusual Items": -385000000.0,
        "Total Unusual Items Excluding Goodwill": -385000000.0,
        "Net Income From Continuing Operation Net Minority Interest": -233000000.0,
        "Reconciled Depreciation": 312000000.0,
        "Reconciled Cost Of Revenue": 2229000000.0,
        "EBITDA": 51000000.0,
        "EBIT": -261000000.0,
        "Net Interest Income": 68000000.0,
        "Interest Expense": 62000000.0,
        "Interest Income": 130000000.0,
        "Normalized Income": 42340557.275542,
        "Net Income From Continuing And Discontinued Operation": -253000000.0,
        "Total Expenses": 3542000000.0,
        "Diluted Average Shares": 704000000.0,
        "Basic Average Shares": 704000000.0,
        "Diluted EPS": -0.36,
        "Basic EPS": -0.36,
        "Diluted NI Availto Com Stockholders": -253000000.0,
        "Net Income Common Stockholders": -253000000.0,
        "Net Income": -253000000.0,
        "Minority Interests": -2000000.0,
        "Net Income Including Noncontrolling Interests": -251000000.0,
        "Net Income Discontinuous Operations": -20000000.0,
        "Net Income Continuous Operations": -231000000.0,
        "Tax Provision": -92000000.0,
        "Pretax Income": -323000000.0,
        "Other Income Expense": -556000000.0,
        "Other Non Operating Income Expenses": -177000000.0,
        "Special Income Charges": -230000000.0,
        "Gain On Sale Of Business": 11000000.0,
        "Restructuring And Mergern Acquisition": 241000000.0,
        "Earnings From Equity Interest": 6000000.0,
        "Gain On Sale Of Security": -155000000.0,
        "Net Non Operating Interest Income Expense": 68000000.0,
        "Interest Expense Non Operating": 62000000.0,
        "Interest Income Non Operating": 130000000.0,
        "Operating Income": 165000000.0,
        "Operating Expense": 1176000000.0,
        "Depreciation Amortization Depletion Income Statement": 175000000.0,
        "Depreciation And Amortization In Income Statement": 175000000.0,
        "Amortization": 175000000.0,
        "Amortization Of Intangibles Income Statement": 175000000.0,
        "Research And Development": 357000000.0,
        "Selling General And Administration": 644000000.0,
        "General And Administrative Expense": NaN,
        "Other Gand A": NaN,
        "Salaries And Wages": NaN,
        "Gross Profit": 1341000000.0,
        "Cost Of Revenue": 2366000000.0,
        "Total Revenue": 3707000000.0,
        "Operating Revenue": 3707000000.0
    },
    "2024-03-31": {
        "Tax Effect Of Unusual Items": -28600000.0,
        "Tax Rate For Calcs": 0.22,
        "Normalized EBITDA": 960000000.0,
        "Total Unusual Items": -130000000.0,
        "Total Unusual Items Excluding Goodwill": -130000000.0,
        "Net Income From Continuing Operation Net Minority Interest": 372000000.0,
        "Reconciled Depreciation": 307000000.0,
        "Reconciled Cost Of Revenue": 2420000000.0,
        "EBITDA": 830000000.0,
        "EBIT": 523000000.0,
        "Net Interest Income": -6000000.0,
        "Interest Expense": 41000000.0,
        "Interest Income": 35000000.0,
        "Normalized Income": 473400000.0,
        "Net Income From Continuing And Discontinued Operation": 419000000.0,
        "Total Expenses": 3831000000.0,
        "Diluted Average Shares": 702800000.0,
        "Basic Average Shares": 700400000.0,
        "Diluted EPS": 0.6,
        "Basic EPS": 0.6,
        "Diluted NI Availto Com Stockholders": 419000000.0,
        "Net Income Common Stockholders": 419000000.0,
        "Net Income": 419000000.0,
        "Minority Interests": -4000000.0,
        "Net Income Including Noncontrolling Interests": 423000000.0,
        "Net Income Discontinuous Operations": 47000000.0,
        "Net Income Continuous Operations": 376000000.0,
        "Tax Provision": 106000000.0,
        "Pretax Income": 482000000.0,
        "Other Income Expense": -173000000.0,
        "Other Non Operating Income Expenses": -51000000.0,
        "Special Income Charges": -71000000.0,
        "Gain On Sale Of Business": 4000000.0,
        "Restructuring And Mergern Acquisition": 75000000.0,
        "Earnings From Equity Interest": 8000000.0,
        "Gain On Sale Of Security": -59000000.0,
        "Net Non Operating Interest Income Expense": -6000000.0,
        "Interest Expense Non Operating": 41000000.0,
        "Interest Income Non Operating": 35000000.0,
        "Operating Income": 661000000.0,
        "Operating Expense": 1281000000.0,
        "Depreciation Amortization Depletion Income Statement": 177000000.0,
        "Depreciation And Amortization In Income Statement": 177000000.0,
        "Amortization": 177000000.0,
        "Amortization Of Intangibles Income Statement": 177000000.0,
        "Research And Development": 332000000.0,
        "Selling General And Administration": 772000000.0,
        "General And Administrative Expense": 772000000.0,
        "Other Gand A": 736000000.0,
        "Salaries And Wages": 36000000.0,
        "Gross Profit": 1942000000.0,
        "Cost Of Revenue": 2550000000.0,
        "Total Revenue": 4492000000.0,
        "Operating Revenue": 4492000000.0
    }
}