{
    "2023-03-31": {
        "Tax Effect Of Unusual Items": NaN,
        "Tax Rate For Calcs": NaN,
        "Normalized EBITDA": NaN,
        "Net Income From Continuing Operation Net Minority Interest": NaN,
        "Reconciled Depreciation": NaN,
        "EBITDA": NaN,
        "EBIT": NaN,
        "Net Interest Income": NaN,
        "Interest Income": NaN,
        "Normalized Income": NaN,
        "Net Income From Continuing And Discontinued Operation": NaN,
        "Total Expenses": NaN,
        "Total Operating Income As Reported": NaN,
        "Diluted Average Shares": 146251945.0,
        "Basic Average Shares": 146251945.0,
        "Diluted EPS": -0.07,
        "Basic EPS": -0.07,
        "Diluted NI Availto Com Stockholders": NaN,
        "Net Income Common Stockholders": NaN,
        "Otherunder Preferred Stock Dividend": NaN,
        "Net Income": NaN,
        "Net Income Including Noncontrolling Interests": NaN,
        "Net Income Continuous Operations": NaN,
        "Tax Provision": NaN,
        "Pretax Income": NaN,
        "Other Income Expense": NaN,
        "Other Non Operating Income Expenses": NaN,
        "Net Non Operating Interest Income Expense": NaN,
        "Interest Income Non Operating": NaN,
        "Operating Income": NaN,
        "Operating Expense": NaN,
        "Research And Development": NaN,
        "Selling General And Administration": NaN,
        "General And Administrative Expense": NaN,
        "Other Gand A": NaN,
        "Salaries And Wages": NaN,
        "Total Revenue": NaN,
        "Operating Revenue": NaN
    },
    "2022-12-31": {
        "Tax Effect Of Unusual Items": NaN,
        "Tax Rate For Calcs": NaN,
        "Normalized EBITDA": NaN,
        "Net Income From Continuing Operation Net Minority Interest": NaN,
        "Reconciled Depreciation": NaN,
        "EBITDA": NaN,
        "EBIT": NaN,
        "Net Interest Income": NaN,
        "Interest Income": NaN,
        "Normalized Income": NaN,
        "Net Income From Continuing And Discontinued Operation": NaN,
        "Total Expenses": NaN,
        "Total Operating Income As Reported": NaN,
        "Diluted Average Shares": NaN,
        "Basic Average Shares": NaN,
        "Diluted EPS": NaN,
        "Basic EPS": NaN,
        "Diluted NI Availto Com Stockholders": NaN,
        "Net Income Common Stockholders": NaN,
        "Otherunder Preferred Stock Dividend": NaN,
        "Net Income": NaN,
        "Net Income Including Noncontrolling Interests": NaN,
        "Net Income Continuous Operations": NaN,
        "Tax Provision": NaN,
        "Pretax Income": NaN,
        "Other Income Expense": 3585689.0,
        "Other Non Operating Income Expenses": 3585689.0,
        "Net Non Operating Interest Income Expense": NaN,
        "Interest Income Non Operating": NaN,
        "Operating Income": NaN,
        "Operating Expense": NaN,
        "Research And Development": NaN,
        "Selling General And Administration": NaN,
        "General And Administrative Expense": NaN,
        "Other Gand A": NaN,
        "Salaries And Wages": NaN,
        "Total Revenue": NaN,
        "Operating Revenue": NaN
    },
    "2022-09-30": {
        "Tax Effect Of Unusual Items": NaN,
        "Tax Rate For Calcs": NaN,
        "Normalized EBITDA": NaN,
        "Net Income From Continuing Operation Net Minority Interest": NaN,
        "Reconciled Depreciation": NaN,
        "EBITDA": NaN,
        "EBIT": NaN,
        "Net Interest Income": NaN,
        "Interest Expense": 0.0,
        "Interest Income": NaN,
        "Normalized Income": NaN,
        "Net Income From Continuing And Discontinued Operation": NaN,
        "Total Expenses": NaN,
        "Total Operating Income As Reported": NaN,
        "Diluted Average Shares": NaN,
        "Basic Average Shares": NaN,
        "Diluted EPS": NaN,
        "Basic EPS": NaN,
        "Diluted NI Availto Com Stockholders": NaN,
        "Net Income Common Stockholders": NaN,
        "Otherunder Preferred Stock Dividend": 0.0,
        "Net Income": NaN,
        "Net Income Including Noncontrolling Interests": NaN,
        "Net Income Continuous Operations": NaN,
        "Tax Provision": NaN,
        "Pretax Income": NaN,
        "Other Income Expense": NaN,
        "Other Non Operating Income Expenses": NaN,
        "Net Non Operating Interest Income Expense": NaN,
        "Interest Expense Non Operating": 0.0,
        "Interest Income Non Operating": NaN,
        "Operating Income": NaN,
        "Operating Expense": NaN,
        "Research And Development": NaN,
        "Selling General And Administration": NaN,
        "General And Administrative Expense": NaN,
        "Other Gand A": NaN,
        "Salaries And Wages": NaN,
        "Total Revenue": NaN,
        "Operating Revenue": NaN
    },
    "2022-06-30": {
        "Tax Effect Of Unusual Items": 0.0,
        "Tax Rate For Calcs": 0.0,
        "Normalized EBITDA": -8818285.0,
        "Net Income From Continuing Operation Net Minority Interest": -8863632.0,
        "Reconciled Depreciation": 45347.0,
        "EBITDA": -8818285.0,
        "EBIT": -8863632.0,
        "Net Interest Income": 53020.0,
        "Interest Expense": 0.0,
        "Interest Income": 53020.0,
        "Normalized Income": -8863632.0,
        "Net Income From Continuing And Discontinued Operation": -8863632.0,
        "Total Expenses": 8916652.0,
        "Total Operating Income As Reported": -8916652.0,
        "Diluted Average Shares": 146129630.0,
        "Basic Average Shares": 146129630.0,
        "Diluted EPS": -0.06,
        "Basic EPS": -0.06,
        "Diluted NI Availto Com Stockholders": -8863632.0,
        "Net Income Common Stockholders": -8863632.0,
        "Otherunder Preferred Stock Dividend": 0.0,
        "Net Income": -8863632.0,
        "Net Income Including Noncontrolling Interests": -8863632.0,
        "Net Income Continuous Operations": -8863632.0,
        "Tax Provision": NaN,
        "Pretax Income": -8863632.0,
        "Other Income Expense": NaN,
        "Other Non Operating Income Expenses": NaN,
        "Net Non Operating Interest Income Expense": 53020.0,
        "Interest Expense Non Operating": 0.0,
        "Interest Income Non Operating": 53020.0,
        "Operating Income": -8916652.0,
        "Operating Expense": 8916652.0,
        "Research And Development": 4888192.0,
        "Selling General And Administration": 4028460.0,
        "General And Administrative Expense": 4028460.0,
        "Other Gand A": 3024783.0,
        "Salaries And Wages": 1003677.0,
        "Total Revenue": 0.0,
        "Operating Revenue": 0.0
    },
    "2022-03-31": {
        "Diluted EPS": -0.05,
        "Total Revenue": NaN,
        "Gross Profit": NaN,
        "Operating Income": -8,
        "EBIT": -8,
        "Net Income": -8
    },
    "2021-12-31": {
        "Diluted EPS": -0.06,
        "Total Revenue": NaN,
        "Gross Profit": NaN,
        "Operating Income": -9,
        "EBIT": -9,
        "Net Income": -9
    },
    "2021-09-30": {
        "Diluted EPS": 0.01,
        "Total Revenue": NaN,
        "Gross Profit": NaN,
        "Operating Income": -5,
        "EBIT": -5,
        "Net Income": -5
    },
    "2021-06-30": {
        "Diluted EPS": -0.05,
        "Total Revenue": NaN,
        "Gross Profit": NaN,
        "Operating Income": -6,
        "EBIT": -6,
        "Net Income": -7
    },
    "2021-03-31": {
        "Diluted EPS": -0.04,
        "Total Revenue": NaN,
        "Gross Profit": NaN,
        "Operating Income": -4,
        "EBIT": -4,
        "Net Income": -4
    },
    "2020-12-31": {
        "Diluted EPS": -0.15,
        "Total Revenue": NaN,
        "Gross Profit": NaN,
        "Operating Income": -8,
        "EBIT": -8,
        "Net Income": -8
    },
    "2020-09-30": {
        "Diluted EPS": -0.06,
        "Total Revenue": NaN,
        "Gross Profit": NaN,
        "Operating Income": -4,
        "EBIT": -4,
        "Net Income": -4
    },
    "2020-06-30": {
        "Diluted EPS": -0.11,
        "Total Revenue": NaN,
        "Gross Profit": NaN,
        "Operating Income": -5,
        "EBIT": -5,
        "Net Income": -5
    },
    "2020-03-31": {
        "Diluted EPS": -0.13,
        "Total Revenue": NaN,
        "Gross Profit": NaN,
        "Operating Income": -4,
        "EBIT": -4,
        "Net Income": -4
    },
    "2019-12-31": {
        "Diluted EPS": -0.15,
        "Total Revenue": NaN,
        "Gross Profit": NaN,
        "Operating Income": -4,
        "EBIT": -4,
        "Net Income": -4
    },
    "2019-09-30": {
        "Diluted EPS": -0.15,
        "Total Revenue": NaN,
        "Gross Profit": NaN,
        "Operating Income": -4,
        "EBIT": -4,
        "Net Income": -4
    },
    "2019-06-30": {
        "Diluted EPS": -0.2,
        "Total Revenue": NaN,
        "Gross Profit": NaN,
        "Operating Income": -4,
        "EBIT": -4,
        "Net Income": -4
    },
    "2019-03-31": {
        "Diluted EPS": -0.2,
        "Total Revenue": NaN,
        "Gross Profit": NaN,
        "Operating Income": -4,
        "EBIT": -4,
        "Net Income": -4
    },
    "2018-12-31": {
        "Diluted EPS": -0.22,
        "Total Revenue": NaN,
        "Gross Profit": NaN,
        "Operating Income": -4,
        "EBIT": -4,
        "Net Income": -4
    },
    "2018-09-30": {
        "Diluted EPS": -0.16,
        "Total Revenue": NaN,
        "Gross Profit": NaN,
        "Operating Income": -4,
        "EBIT": -4,
        "Net Income": -3
    },
    "2018-06-30": {
        "Diluted EPS": -0.19,
        "Total Revenue": NaN,
        "Gross Profit": NaN,
        "Operating Income": -2,
        "EBIT": -2,
        "Net Income": -2
    },
    "2018-03-31": {
        "Diluted EPS": -0.44,
        "Total Revenue": NaN,
        "Gross Profit": NaN,
        "Operating Income": -5,
        "EBIT": -5,
        "Net Income": -4
    },
    "2017-12-31": {
        "Diluted EPS": -0.38,
        "Total Revenue": NaN,
        "Gross Profit": NaN,
        "Operating Income": -3,
        "EBIT": -3,
        "Net Income": -3
    },
    "2017-09-30": {
        "Diluted EPS": -0.42,
        "Total Revenue": NaN,
        "Gross Profit": NaN,
        "Operating Income": -2,
        "EBIT": -2,
        "Net Income": -3
    },
    "2017-06-30": {
        "Diluted EPS": -0.48,
        "Total Revenue": NaN,
        "Gross Profit": NaN,
        "Operating Income": -2,
        "EBIT": -2,
        "Net Income": -2
    },
    "2017-03-31": {
        "Diluted EPS": -0.55,
        "Total Revenue": NaN,
        "Gross Profit": NaN,
        "Operating Income": -3,
        "EBIT": -3,
        "Net Income": -3
    },
    "2016-12-31": {
        "Diluted EPS": -0.44,
        "Total Revenue": NaN,
        "Gross Profit": NaN,
        "Operating Income": -3,
        "EBIT": -3,
        "Net Income": -2
    },
    "2016-09-30": {
        "Diluted EPS": -0.64,
        "Total Revenue": NaN,
        "Gross Profit": NaN,
        "Operating Income": -3,
        "EBIT": -3,
        "Net Income": -3
    },
    "2016-06-30": {
        "Diluted EPS": -0.75,
        "Total Revenue": NaN,
        "Gross Profit": NaN,
        "Operating Income": -2,
        "EBIT": -2,
        "Net Income": -4
    },
    "2016-03-31": {
        "Diluted EPS": -0.3,
        "Total Revenue": NaN,
        "Gross Profit": NaN,
        "Operating Income": -1,
        "EBIT": -1,
        "Net Income": -1
    },
    "2015-12-31": {
        "Diluted EPS": -0.6,
        "Total Revenue": NaN,
        "Gross Profit": NaN,
        "Operating Income": -1,
        "EBIT": -1,
        "Net Income": -1
    },
    "2015-09-30": {
        "Diluted EPS": -0.32,
        "Total Revenue": NaN,
        "Gross Profit": NaN,
        "Operating Income": -1,
        "EBIT": -1,
        "Net Income": -1
    },
    "2015-06-30": {
        "Diluted EPS": -0.45,
        "Total Revenue": NaN,
        "Gross Profit": NaN,
        "Operating Income": -1,
        "EBIT": -1,
        "Net Income": -1
    },
    "2015-03-31": {
        "Diluted EPS": -0.15,
        "Total Revenue": NaN,
        "Gross Profit": NaN,
        "Operating Income": -1,
        "EBIT": -1,
        "Net Income": 0
    },
    "2014-12-31": {
        "Diluted EPS": -0.45,
        "Total Revenue": NaN,
        "Gross Profit": NaN,
        "Operating Income": -1,
        "EBIT": -1,
        "Net Income": -1
    },
    "2014-09-30": {
        "Diluted EPS": 0.0,
        "Total Revenue": NaN,
        "Gross Profit": NaN,
        "Operating Income": 0,
        "EBIT": 0,
        "Net Income": 0
    },
    "2014-06-30": {
        "Diluted EPS": 0.0,
        "Total Revenue": NaN,
        "Gross Profit": NaN,
        "Operating Income": 0,
        "EBIT": 0,
        "Net Income": 0
    },
    "2014-03-31": {
        "Diluted EPS": -0.15,
        "Total Revenue": NaN,
        "Gross Profit": NaN,
        "Operating Income": 0,
        "EBIT": 0,
        "Net Income": 0
    },
    "2013-12-31": {
        "Diluted EPS": -1.04,
        "Total Revenue": NaN,
        "Gross Profit": NaN,
        "Operating Income": -1,
        "EBIT": 0,
        "Net Income": -1
    },
    "2013-09-30": {
        "Diluted EPS": 0.0,
        "Total Revenue": NaN,
        "Gross Profit": NaN,
        "Operating Income": NaN,
        "EBIT": NaN,
        "Net Income": NaN
    },
    "2013-06-30": {
        "Diluted EPS": -0.0,
        "Total Revenue": NaN,
        "Gross Profit": NaN,
        "Operating Income": 0,
        "EBIT": 0,
        "Net Income": 0
    },
    "2013-03-31": {
        "Diluted EPS": -0.01,
        "Total Revenue": NaN,
        "Gross Profit": NaN,
        "Operating Income": 0,
        "EBIT": 0,
        "Net Income": 0
    },
    "2012-12-31": {
        "Diluted EPS": -0.0,
        "Total Revenue": NaN,
        "Gross Profit": NaN,
        "Operating Income": 0,
        "EBIT": 0,
        "Net Income": 0
    },
    "2023-06-30": {
        "Tax Effect Of Unusual Items": 0.0,
        "Tax Rate For Calcs": 0.21,
        "Normalized EBITDA": -8623095.0,
        "Net Income From Continuing Operation Net Minority Interest": -8479332.0,
        "Reconciled Depreciation": 49017.0,
        "EBITDA": -8623095.0,
        "EBIT": -8672112.0,
        "Net Interest Income": 336780.0,
        "Interest Income": 336780.0,
        "Normalized Income": -8479332.0,
        "Net Income From Continuing And Discontinued Operation": -8479332.0,
        "Total Expenses": 8672112.0,
        "Total Operating Income As Reported": -8672112.0,
        "Diluted Average Shares": 153775380.0,
        "Basic Average Shares": 153775380.0,
        "Diluted EPS": -0.06,
        "Basic EPS": -0.06,
        "Diluted NI Availto Com Stockholders": -8479332.0,
        "Net Income Common Stockholders": -8479332.0,
        "Otherunder Preferred Stock Dividend": 0.0,
        "Net Income": -8479332.0,
        "Net Income Including Noncontrolling Interests": -8479332.0,
        "Net Income Continuous Operations": -8479332.0,
        "Tax Provision": 144000.0,
        "Pretax Income": -8335332.0,
        "Other Income Expense": NaN,
        "Other Non Operating Income Expenses": NaN,
        "Net Non Operating Interest Income Expense": 336780.0,
        "Interest Income Non Operating": 336780.0,
        "Operating Income": -8672112.0,
        "Operating Expense": 8672112.0,
        "Research And Development": 3764675.0,
        "Selling General And Administration": 4907437.0,
        "General And Administrative Expense": 4907437.0,
        "Other Gand A": 3733326.0,
        "Salaries And Wages": 1174111.0,
        "Total Revenue": 0.0,
        "Operating Revenue": 0.0
    },
    "2023-09-30": {
        "Tax Effect Of Unusual Items": 0.0,
        "Tax Rate For Calcs": 0.21,
        "Normalized EBITDA": -10074754.0,
        "Net Income From Continuing Operation Net Minority Interest": -9943910.0,
        "Reconciled Depreciation": 49969.0,
        "EBITDA": -10074754.0,
        "EBIT": -10124723.0,
        "Net Interest Income": 324813.0,
        "Interest Income": 324813.0,
        "Normalized Income": -9943910.0,
        "Net Income From Continuing And Discontinued Operation": -9943910.0,
        "Total Expenses": 10124723.0,
        "Total Operating Income As Reported": -10124723.0,
        "Diluted Average Shares": NaN,
        "Basic Average Shares": NaN,
        "Diluted EPS": NaN,
        "Basic EPS": NaN,
        "Diluted NI Availto Com Stockholders": -11095118.0,
        "Net Income Common Stockholders": -11095118.0,
        "Otherunder Preferred Stock Dividend": NaN,
        "Net Income": -9943910.0,
        "Net Income Including Noncontrolling Interests": -9943910.0,
        "Net Income Continuous Operations": -9943910.0,
        "Tax Provision": 144000.0,
        "Pretax Income": -9799910.0,
        "Other Income Expense": 0.0,
        "Other Non Operating Income Expenses": 0.0,
        "Net Non Operating Interest Income Expense": 324813.0,
        "Interest Income Non Operating": 324813.0,
        "Operating Income": -10124723.0,
        "Operating Expense": 10124723.0,
        "Research And Development": 2882684.0,
        "Selling General And Administration": 7242039.0,
        "General And Administrative Expense": 7242039.0,
        "Other Gand A": 4166121.0,
        "Salaries And Wages": 3075918.0,
        "Total Revenue": 0.0,
        "Operating Revenue": 0.0
    },
    "2023-12-31": {
        "Tax Effect Of Unusual Items": 0.0,
        "Tax Rate For Calcs": 0.21,
        "Normalized EBITDA": -9289815.0,
        "Net Income From Continuing Operation Net Minority Interest": -9231185.0,
        "Reconciled Depreciation": 51008.0,
        "EBITDA": -9289815.0,
        "EBIT": -9340823.0,
        "Net Interest Income": 253638.0,
        "Interest Income": 253638.0,
        "Normalized Income": -9231185.0,
        "Net Income From Continuing And Discontinued Operation": -9231185.0,
        "Total Expenses": 9340823.0,
        "Total Operating Income As Reported": -9340823.0,
        "Diluted Average Shares": 158955935.0,
        "Basic Average Shares": 158955935.0,
        "Diluted EPS": -0.06,
        "Basic EPS": -0.06,
        "Diluted NI Availto Com Stockholders": -9231185.0,
        "Net Income Common Stockholders": -9231185.0,
        "Otherunder Preferred Stock Dividend": NaN,
        "Net Income": -9231185.0,
        "Net Income Including Noncontrolling Interests": -9231185.0,
        "Net Income Continuous Operations": -9231185.0,
        "Tax Provision": 144000.0,
        "Pretax Income": -9087185.0,
        "Other Income Expense": NaN,
        "Other Non Operating Income Expenses": NaN,
        "Net Non Operating Interest Income Expense": 253638.0,
        "Interest Income Non Operating": 253638.0,
        "Operating Income": -9340823.0,
        "Operating Expense": 9340823.0,
        "Research And Development": 2621910.0,
        "Selling General And Administration": 6718913.0,
        "General And Administrative Expense": 6718913.0,
        "Other Gand A": 3660728.0,
        "Salaries And Wages": 3058185.0,
        "Total Revenue": 0.0,
        "Operating Revenue": 0.0
    },
    "2024-03-31": {
        "Tax Effect Of Unusual Items": 0.0,
        "Tax Rate For Calcs": 0.21,
        "Normalized EBITDA": -10918131.0,
        "Net Income From Continuing Operation Net Minority Interest": -8544154.0,
        "Reconciled Depreciation": 52070.0,
        "EBITDA": -10918131.0,
        "EBIT": -10970201.0,
        "Net Interest Income": 182205.0,
        "Interest Income": 182205.0,
        "Normalized Income": -8544154.0,
        "Net Income From Continuing And Discontinued Operation": -8544154.0,
        "Total Expenses": 10970201.0,
        "Total Operating Income As Reported": -10970201.0,
        "Diluted Average Shares": 159072239.0,
        "Basic Average Shares": 159072239.0,
        "Diluted EPS": -0.05,
        "Basic EPS": -0.05,
        "Diluted NI Availto Com Stockholders": -8544154.0,
        "Net Income Common Stockholders": -8544154.0,
        "Otherunder Preferred Stock Dividend": NaN,
        "Net Income": -8544154.0,
        "Net Income Including Noncontrolling Interests": -8544154.0,
        "Net Income Continuous Operations": -8544154.0,
        "Tax Provision": 144000.0,
        "Pretax Income": -8400154.0,
        "Other Income Expense": 2387842.0,
        "Other Non Operating Income Expenses": 2387842.0,
        "Net Non Operating Interest Income Expense": 182205.0,
        "Interest Income Non Operating": 182205.0,
        "Operating Income": -10970201.0,
        "Operating Expense": 10970201.0,
        "Research And Development": 3605898.0,
        "Selling General And Administration": 7364303.0,
        "General And Administrative Expense": 7364303.0,
        "Other Gand A": 4285911.0,
        "Salaries And Wages": 3078392.0,
        "Total Revenue": 0.0,
        "Operating Revenue": 0.0
    },
    "2024-06-30": {
        "Tax Effect Of Unusual Items": 0.0,
        "Tax Rate For Calcs": 0.21,
        "Normalized EBITDA": -10581331.0,
        "Net Income From Continuing Operation Net Minority Interest": -10573336.0,
        "Reconciled Depreciation": 52848.0,
        "EBITDA": -10581331.0,
        "EBIT": -10634179.0,
        "Net Interest Income": 204843.0,
        "Interest Income": 204843.0,
        "Normalized Income": -10573336.0,
        "Net Income From Continuing And Discontinued Operation": -10573336.0,
        "Total Expenses": 10634179.0,
        "Total Operating Income As Reported": -10634179.0,
        "Diluted Average Shares": 173856960.0,
        "Basic Average Shares": 173856960.0,
        "Diluted EPS": -0.06,
        "Basic EPS": -0.06,
        "Diluted NI Availto Com Stockholders": -10894895.0,
        "Net Income Common Stockholders": -10894895.0,
        "Otherunder Preferred Stock Dividend": 321559.0,
        "Net Income": -10573336.0,
        "Net Income Including Noncontrolling Interests": -10573336.0,
        "Net Income Continuous Operations": -10573336.0,
        "Tax Provision": 144000.0,
        "Pretax Income": -10429336.0,
        "Other Income Expense": NaN,
        "Other Non Operating Income Expenses": NaN,
        "Net Non Operating Interest Income Expense": 204843.0,
        "Interest Income Non Operating": 204843.0,
        "Operating Income": -10634179.0,
        "Operating Expense": 10634179.0,
        "Research And Development": 2763865.0,
        "Selling General And Administration": 7870314.0,
        "General And Administrative Expense": 7870314.0,
        "Other Gand A": 4808551.0,
        "Salaries And Wages": 3061763.0,
        "Total Revenue": 0.0,
        "Operating Revenue": 0.0
    }
}