{
    "2023-03-31": {
        "Tax Effect Of Unusual Items": 0.0,
        "Tax Rate For Calcs": 0.0,
        "Normalized EBITDA": -11859000.0,
        "Total Unusual Items": NaN,
        "Total Unusual Items Excluding Goodwill": NaN,
        "Net Income From Continuing Operation Net Minority Interest": -13109000.0,
        "Reconciled Depreciation": 880000.0,
        "EBITDA": -11859000.0,
        "EBIT": -12739000.0,
        "Net Interest Income": 271000.0,
        "Interest Expense": 370000.0,
        "Interest Income": 641000.0,
        "Normalized Income": -13109000.0,
        "Net Income From Continuing And Discontinued Operation": -13109000.0,
        "Total Expenses": 13567000.0,
        "Rent Expense Supplemental": NaN,
        "Total Operating Income As Reported": -13380000.0,
        "Diluted Average Shares": 44652353.0,
        "Basic Average Shares": 44652353.0,
        "Diluted EPS": -0.29,
        "Basic EPS": -0.29,
        "Diluted NI Availto Com Stockholders": -13109000.0,
        "Net Income Common Stockholders": -13109000.0,
        "Net Income": -13109000.0,
        "Net Income Including Noncontrolling Interests": -13109000.0,
        "Net Income Continuous Operations": -13109000.0,
        "Pretax Income": -13109000.0,
        "Other Income Expense": NaN,
        "Special Income Charges": NaN,
        "Impairment Of Capital Assets": NaN,
        "Net Non Operating Interest Income Expense": 271000.0,
        "Interest Expense Non Operating": 370000.0,
        "Interest Income Non Operating": 641000.0,
        "Operating Income": -13380000.0,
        "Operating Expense": 13567000.0,
        "Research And Development": 9391000.0,
        "Selling General And Administration": 4176000.0,
        "General And Administrative Expense": 4176000.0,
        "Other Gand A": 4176000.0,
        "Insurance And Claims": NaN,
        "Rent And Landing Fees": NaN,
        "Salaries And Wages": NaN,
        "Total Revenue": 187000.0,
        "Operating Revenue": 187000.0
    },
    "2022-12-31": {
        "Tax Effect Of Unusual Items": 0.0,
        "Tax Rate For Calcs": 0.0,
        "Normalized EBITDA": -13672145.0,
        "Total Unusual Items": 18633.0,
        "Total Unusual Items Excluding Goodwill": 18633.0,
        "Net Income From Continuing Operation Net Minority Interest": -14592382.0,
        "Reconciled Depreciation": 580055.0,
        "EBITDA": -13653512.0,
        "EBIT": -14233567.0,
        "Net Interest Income": 273427.0,
        "Interest Expense": 358815.0,
        "Interest Income": 632242.0,
        "Normalized Income": -14611015.0,
        "Net Income From Continuing And Discontinued Operation": -14592382.0,
        "Total Expenses": 15035669.0,
        "Rent Expense Supplemental": NaN,
        "Total Operating Income As Reported": -14865809.0,
        "Diluted Average Shares": NaN,
        "Basic Average Shares": NaN,
        "Diluted EPS": NaN,
        "Basic EPS": NaN,
        "Diluted NI Availto Com Stockholders": -14592382.0,
        "Net Income Common Stockholders": -14592382.0,
        "Net Income": -14592382.0,
        "Net Income Including Noncontrolling Interests": -14592382.0,
        "Net Income Continuous Operations": -14592382.0,
        "Pretax Income": -14592382.0,
        "Other Income Expense": 18633.0,
        "Special Income Charges": 18633.0,
        "Impairment Of Capital Assets": -18633.0,
        "Net Non Operating Interest Income Expense": 273427.0,
        "Interest Expense Non Operating": 358815.0,
        "Interest Income Non Operating": 632242.0,
        "Operating Income": -14884442.0,
        "Operating Expense": 15035669.0,
        "Research And Development": 11332083.0,
        "Selling General And Administration": 3703586.0,
        "General And Administrative Expense": 3703586.0,
        "Other Gand A": 12018586.0,
        "Insurance And Claims": NaN,
        "Rent And Landing Fees": NaN,
        "Salaries And Wages": NaN,
        "Total Revenue": 151227.0,
        "Operating Revenue": 151227.0
    },
    "2022-09-30": {
        "Tax Effect Of Unusual Items": 0.0,
        "Tax Rate For Calcs": 0.0,
        "Normalized EBITDA": -10292000.0,
        "Total Unusual Items": 0.0,
        "Total Unusual Items Excluding Goodwill": 0.0,
        "Net Income From Continuing Operation Net Minority Interest": -10955000.0,
        "Reconciled Depreciation": 539000.0,
        "EBITDA": -10292000.0,
        "EBIT": -10831000.0,
        "Net Interest Income": 76000.0,
        "Interest Expense": 124000.0,
        "Interest Income": 200000.0,
        "Normalized Income": -10955000.0,
        "Net Income From Continuing And Discontinued Operation": -10955000.0,
        "Total Expenses": 11099000.0,
        "Rent Expense Supplemental": 182000.0,
        "Total Operating Income As Reported": -11031000.0,
        "Diluted Average Shares": 35383430.0,
        "Basic Average Shares": 35383430.0,
        "Diluted EPS": -0.31,
        "Basic EPS": -0.31,
        "Diluted NI Availto Com Stockholders": -10955000.0,
        "Net Income Common Stockholders": -10955000.0,
        "Net Income": -10955000.0,
        "Net Income Including Noncontrolling Interests": -10955000.0,
        "Net Income Continuous Operations": -10955000.0,
        "Pretax Income": -10955000.0,
        "Other Income Expense": NaN,
        "Special Income Charges": 0.0,
        "Impairment Of Capital Assets": 0.0,
        "Net Non Operating Interest Income Expense": 76000.0,
        "Interest Expense Non Operating": 124000.0,
        "Interest Income Non Operating": 200000.0,
        "Operating Income": -11031000.0,
        "Operating Expense": 11099000.0,
        "Research And Development": 7571000.0,
        "Selling General And Administration": 3528000.0,
        "General And Administrative Expense": 3528000.0,
        "Other Gand A": 1108000.0,
        "Insurance And Claims": 95000.0,
        "Rent And Landing Fees": 182000.0,
        "Salaries And Wages": 2143000.0,
        "Total Revenue": 68000.0,
        "Operating Revenue": 68000.0
    },
    "2022-06-30": {
        "Tax Effect Of Unusual Items": 0.0,
        "Tax Rate For Calcs": 0.0,
        "Normalized EBITDA": -12876000.0,
        "Total Unusual Items": 258000.0,
        "Total Unusual Items Excluding Goodwill": 258000.0,
        "Net Income From Continuing Operation Net Minority Interest": -13208000.0,
        "Reconciled Depreciation": 384000.0,
        "EBITDA": -12618000.0,
        "EBIT": -13002000.0,
        "Net Interest Income": -118000.0,
        "Interest Expense": 206000.0,
        "Interest Income": 88000.0,
        "Normalized Income": -13466000.0,
        "Net Income From Continuing And Discontinued Operation": -13208000.0,
        "Total Expenses": 13374000.0,
        "Rent Expense Supplemental": NaN,
        "Total Operating Income As Reported": -13090000.0,
        "Diluted Average Shares": 35357343.0,
        "Basic Average Shares": 35357343.0,
        "Diluted EPS": -0.37,
        "Basic EPS": -0.37,
        "Diluted NI Availto Com Stockholders": -13208000.0,
        "Net Income Common Stockholders": -13208000.0,
        "Net Income": -13208000.0,
        "Net Income Including Noncontrolling Interests": -13208000.0,
        "Net Income Continuous Operations": -13208000.0,
        "Pretax Income": -13208000.0,
        "Other Income Expense": 258000.0,
        "Special Income Charges": 258000.0,
        "Impairment Of Capital Assets": -258000.0,
        "Net Non Operating Interest Income Expense": -118000.0,
        "Interest Expense Non Operating": 206000.0,
        "Interest Income Non Operating": 88000.0,
        "Operating Income": -13348000.0,
        "Operating Expense": 13374000.0,
        "Research And Development": 9592000.0,
        "Selling General And Administration": 3782000.0,
        "General And Administrative Expense": 3782000.0,
        "Other Gand A": 3782000.0,
        "Insurance And Claims": NaN,
        "Rent And Landing Fees": NaN,
        "Salaries And Wages": NaN,
        "Total Revenue": 26000.0,
        "Operating Revenue": 26000.0
    },
    "2022-03-31": {
        "Diluted EPS": -0.44,
        "Total Revenue": 1,
        "Gross Profit": 1,
        "Operating Income": -14,
        "EBIT": -14,
        "Net Income": -14
    },
    "2021-12-31": {
        "Diluted EPS": -0.26,
        "Total Revenue": 8,
        "Gross Profit": 8,
        "Operating Income": -8,
        "EBIT": -8,
        "Net Income": -8
    },
    "2021-09-30": {
        "Diluted EPS": -0.41,
        "Total Revenue": 2,
        "Gross Profit": 2,
        "Operating Income": -13,
        "EBIT": -13,
        "Net Income": -13
    },
    "2021-06-30": {
        "Diluted EPS": -0.33,
        "Total Revenue": 3,
        "Gross Profit": 3,
        "Operating Income": -10,
        "EBIT": -10,
        "Net Income": -10
    },
    "2021-03-31": {
        "Diluted EPS": -0.41,
        "Total Revenue": 2,
        "Gross Profit": 2,
        "Operating Income": -13,
        "EBIT": -12,
        "Net Income": -13
    },
    "2020-12-31": {
        "Diluted EPS": -0.36,
        "Total Revenue": 0,
        "Gross Profit": 0,
        "Operating Income": -11,
        "EBIT": -11,
        "Net Income": -11
    },
    "2020-09-30": {
        "Diluted EPS": -0.34,
        "Total Revenue": 1,
        "Gross Profit": 1,
        "Operating Income": -10,
        "EBIT": -10,
        "Net Income": -10
    },
    "2020-06-30": {
        "Diluted EPS": -0.38,
        "Total Revenue": 1,
        "Gross Profit": 1,
        "Operating Income": -11,
        "EBIT": -11,
        "Net Income": -11
    },
    "2020-03-31": {
        "Diluted EPS": -0.48,
        "Total Revenue": 1,
        "Gross Profit": 1,
        "Operating Income": -13,
        "EBIT": -13,
        "Net Income": -13
    },
    "2019-12-31": {
        "Diluted EPS": -0.35,
        "Total Revenue": 1,
        "Gross Profit": 1,
        "Operating Income": -9,
        "EBIT": -9,
        "Net Income": -9
    },
    "2019-09-30": {
        "Diluted EPS": -0.31,
        "Total Revenue": 1,
        "Gross Profit": 1,
        "Operating Income": -7,
        "EBIT": -7,
        "Net Income": -7
    },
    "2019-06-30": {
        "Diluted EPS": -0.46,
        "Total Revenue": 1,
        "Gross Profit": 1,
        "Operating Income": -9,
        "EBIT": -9,
        "Net Income": -10
    },
    "2019-03-31": {
        "Diluted EPS": -0.54,
        "Total Revenue": 0,
        "Gross Profit": 0,
        "Operating Income": -11,
        "EBIT": -11,
        "Net Income": -11
    },
    "2018-12-31": {
        "Diluted EPS": -0.59,
        "Total Revenue": 1,
        "Gross Profit": 1,
        "Operating Income": -11,
        "EBIT": -11,
        "Net Income": -12
    },
    "2018-09-30": {
        "Diluted EPS": -0.62,
        "Total Revenue": 0,
        "Gross Profit": 0,
        "Operating Income": -13,
        "EBIT": -13,
        "Net Income": -13
    },
    "2018-06-30": {
        "Diluted EPS": -0.36,
        "Total Revenue": 0,
        "Gross Profit": 0,
        "Operating Income": -7,
        "EBIT": -7,
        "Net Income": -7
    },
    "2018-03-31": {
        "Diluted EPS": -0.37,
        "Total Revenue": NaN,
        "Gross Profit": NaN,
        "Operating Income": -8,
        "EBIT": -7,
        "Net Income": -8
    },
    "2017-12-31": {
        "Diluted EPS": -0.97,
        "Total Revenue": NaN,
        "Gross Profit": NaN,
        "Operating Income": -10,
        "EBIT": -10,
        "Net Income": -10
    },
    "2017-09-30": {
        "Diluted EPS": -0.47,
        "Total Revenue": NaN,
        "Gross Profit": NaN,
        "Operating Income": -5,
        "EBIT": -5,
        "Net Income": -5
    },
    "2017-06-30": {
        "Diluted EPS": -0.41,
        "Total Revenue": NaN,
        "Gross Profit": NaN,
        "Operating Income": -4,
        "EBIT": -4,
        "Net Income": -4
    },
    "2017-03-31": {
        "Diluted EPS": -0.31,
        "Total Revenue": NaN,
        "Gross Profit": NaN,
        "Operating Income": -3,
        "EBIT": -3,
        "Net Income": -3
    },
    "2016-12-31": {
        "Diluted EPS": 0.0,
        "Total Revenue": NaN,
        "Gross Profit": NaN,
        "Operating Income": NaN,
        "EBIT": NaN,
        "Net Income": NaN
    },
    "2015-12-31": {
        "Diluted EPS": 0.0,
        "Total Revenue": NaN,
        "Gross Profit": NaN,
        "Operating Income": NaN,
        "EBIT": NaN,
        "Net Income": NaN
    },
    "2023-06-30": {
        "Tax Effect Of Unusual Items": 0.0,
        "Tax Rate For Calcs": 0.0,
        "Normalized EBITDA": -12104000.0,
        "Total Unusual Items": 0.0,
        "Total Unusual Items Excluding Goodwill": 0.0,
        "Net Income From Continuing Operation Net Minority Interest": -13185000.0,
        "Reconciled Depreciation": 849000.0,
        "EBITDA": -12104000.0,
        "EBIT": -12953000.0,
        "Net Interest Income": 332000.0,
        "Interest Expense": 232000.0,
        "Interest Income": 564000.0,
        "Normalized Income": -13185000.0,
        "Net Income From Continuing And Discontinued Operation": -13185000.0,
        "Total Expenses": 14899000.0,
        "Rent Expense Supplemental": 184000.0,
        "Total Operating Income As Reported": -13517000.0,
        "Diluted Average Shares": 44798760.0,
        "Basic Average Shares": 44798760.0,
        "Diluted EPS": -0.29,
        "Basic EPS": -0.29,
        "Diluted NI Availto Com Stockholders": -13185000.0,
        "Net Income Common Stockholders": -13185000.0,
        "Net Income": -13185000.0,
        "Net Income Including Noncontrolling Interests": -13185000.0,
        "Net Income Continuous Operations": -13185000.0,
        "Pretax Income": -13185000.0,
        "Other Income Expense": NaN,
        "Special Income Charges": 0.0,
        "Impairment Of Capital Assets": 0.0,
        "Net Non Operating Interest Income Expense": 332000.0,
        "Interest Expense Non Operating": 232000.0,
        "Interest Income Non Operating": 564000.0,
        "Operating Income": -13517000.0,
        "Operating Expense": 14899000.0,
        "Research And Development": 10650000.0,
        "Selling General And Administration": 4249000.0,
        "General And Administrative Expense": 4249000.0,
        "Other Gand A": 1617000.0,
        "Insurance And Claims": 78000.0,
        "Rent And Landing Fees": 184000.0,
        "Salaries And Wages": 2370000.0,
        "Total Revenue": 1382000.0,
        "Operating Revenue": 1382000.0
    },
    "2023-09-30": {
        "Tax Effect Of Unusual Items": 0.0,
        "Tax Rate For Calcs": 0.0,
        "Normalized EBITDA": -9863000.0,
        "Total Unusual Items": 0.0,
        "Total Unusual Items Excluding Goodwill": 0.0,
        "Net Income From Continuing Operation Net Minority Interest": -11005000.0,
        "Reconciled Depreciation": 856000.0,
        "EBITDA": -9863000.0,
        "EBIT": -10719000.0,
        "Net Interest Income": 414000.0,
        "Interest Expense": 286000.0,
        "Interest Income": 700000.0,
        "Normalized Income": -11005000.0,
        "Net Income From Continuing And Discontinued Operation": -11005000.0,
        "Total Expenses": 13519000.0,
        "Rent Expense Supplemental": 173000.0,
        "Total Operating Income As Reported": -11419000.0,
        "Diluted Average Shares": 46358555.0,
        "Basic Average Shares": 46358555.0,
        "Diluted EPS": -0.24,
        "Basic EPS": -0.24,
        "Diluted NI Availto Com Stockholders": -11005000.0,
        "Net Income Common Stockholders": -11005000.0,
        "Net Income": -11005000.0,
        "Net Income Including Noncontrolling Interests": -11005000.0,
        "Net Income Continuous Operations": -11005000.0,
        "Pretax Income": -11005000.0,
        "Other Income Expense": NaN,
        "Special Income Charges": 0.0,
        "Impairment Of Capital Assets": 0.0,
        "Net Non Operating Interest Income Expense": 414000.0,
        "Interest Expense Non Operating": 286000.0,
        "Interest Income Non Operating": 700000.0,
        "Operating Income": -11419000.0,
        "Operating Expense": 13519000.0,
        "Research And Development": 9874000.0,
        "Selling General And Administration": 3645000.0,
        "General And Administrative Expense": 3645000.0,
        "Other Gand A": 1334000.0,
        "Insurance And Claims": 71000.0,
        "Rent And Landing Fees": 173000.0,
        "Salaries And Wages": 2067000.0,
        "Total Revenue": 2100000.0,
        "Operating Revenue": 2100000.0
    }
}