{
    "2023-03-31": {
        "Tax Effect Of Unusual Items": 0.0,
        "Tax Rate For Calcs": 0.0,
        "Normalized EBITDA": -1684000.0,
        "Net Income From Continuing Operation Net Minority Interest": -1695000.0,
        "Reconciled Depreciation": 2000.0,
        "Reconciled Cost Of Revenue": 123000.0,
        "EBIT": -1686000.0,
        "Net Interest Income": 0.0,
        "Interest Expense": 0.0,
        "Interest Income": NaN,
        "Normalized Income": -1695000.0,
        "Net Income From Continuing And Discontinued Operation": -1695000.0,
        "Total Expenses": 1750000.0,
        "Total Operating Income As Reported": -1686000.0,
        "Diluted Average Shares": 1696022.0,
        "Basic Average Shares": 1696022.0,
        "Diluted EPS": -1.0,
        "Basic EPS": -1.0,
        "Diluted NI Availto Com Stockholders": -1695000.0,
        "Net Income Common Stockholders": -1695000.0,
        "Net Income": -1695000.0,
        "Net Income Including Noncontrolling Interests": -1695000.0,
        "Net Income Continuous Operations": -1695000.0,
        "Earnings From Equity Interest Net Of Tax": -9000.0,
        "Pretax Income": -1686000.0,
        "Other Income Expense": NaN,
        "Other Non Operating Income Expenses": NaN,
        "Net Non Operating Interest Income Expense": 0.0,
        "Interest Expense Non Operating": 0.0,
        "Interest Income Non Operating": NaN,
        "Operating Income": -1686000.0,
        "Operating Expense": 1627000.0,
        "Depreciation Amortization Depletion Income Statement": 2000.0,
        "Depreciation And Amortization In Income Statement": 2000.0,
        "Amortization": 2000.0,
        "Amortization Of Intangibles Income Statement": 2000.0,
        "Selling General And Administration": 1625000.0,
        "General And Administrative Expense": NaN,
        "Other Gand A": NaN,
        "Gross Profit": -59000.0,
        "Cost Of Revenue": 123000.0,
        "Total Revenue": 64000.0,
        "Operating Revenue": 64000.0
    },
    "2022-12-31": {
        "Tax Effect Of Unusual Items": 0.0,
        "Tax Rate For Calcs": 0.0,
        "Normalized EBITDA": -1254000.0,
        "Net Income From Continuing Operation Net Minority Interest": -5446000.0,
        "Reconciled Depreciation": 455000.0,
        "Reconciled Cost Of Revenue": 603000.0,
        "EBIT": -1709000.0,
        "Net Interest Income": 9000.0,
        "Interest Expense": NaN,
        "Interest Income": NaN,
        "Normalized Income": -5446000.0,
        "Net Income From Continuing And Discontinued Operation": -5446000.0,
        "Total Expenses": 2527000.0,
        "Total Operating Income As Reported": -5340000.0,
        "Diluted Average Shares": 1473644.0,
        "Basic Average Shares": 1473644.0,
        "Diluted EPS": -7.683,
        "Basic EPS": -7.683,
        "Diluted NI Availto Com Stockholders": -5446000.0,
        "Net Income Common Stockholders": -5446000.0,
        "Net Income": -5446000.0,
        "Net Income Including Noncontrolling Interests": -5446000.0,
        "Net Income Continuous Operations": -5446000.0,
        "Earnings From Equity Interest Net Of Tax": -16000.0,
        "Pretax Income": -5430000.0,
        "Other Income Expense": -3699000.0,
        "Other Non Operating Income Expenses": -99000.0,
        "Net Non Operating Interest Income Expense": 9000.0,
        "Interest Expense Non Operating": NaN,
        "Interest Income Non Operating": NaN,
        "Operating Income": -1740000.0,
        "Operating Expense": 1921000.0,
        "Depreciation Amortization Depletion Income Statement": 452000.0,
        "Depreciation And Amortization In Income Statement": 452000.0,
        "Amortization": 452000.0,
        "Amortization Of Intangibles Income Statement": 452000.0,
        "Selling General And Administration": 1469000.0,
        "General And Administrative Expense": 1469000.0,
        "Other Gand A": 1469000.0,
        "Gross Profit": 181000.0,
        "Cost Of Revenue": 606000.0,
        "Total Revenue": 787000.0,
        "Operating Revenue": 787000.0
    },
    "2022-09-30": {
        "Tax Effect Of Unusual Items": 0.0,
        "Tax Rate For Calcs": 0.0,
        "Normalized EBITDA": -1813000.0,
        "Net Income From Continuing Operation Net Minority Interest": -2275000.0,
        "Reconciled Depreciation": 453000.0,
        "Reconciled Cost Of Revenue": 1027000.0,
        "EBIT": -2266000.0,
        "Net Interest Income": 1000.0,
        "Interest Expense": NaN,
        "Interest Income": 1000.0,
        "Normalized Income": -2275000.0,
        "Net Income From Continuing And Discontinued Operation": -2275000.0,
        "Total Expenses": 3409000.0,
        "Total Operating Income As Reported": -2266000.0,
        "Diluted Average Shares": 1233623.0,
        "Basic Average Shares": 1233623.0,
        "Diluted EPS": -1.82,
        "Basic EPS": -1.82,
        "Diluted NI Availto Com Stockholders": -2275000.0,
        "Net Income Common Stockholders": -2275000.0,
        "Net Income": -2275000.0,
        "Net Income Including Noncontrolling Interests": -2275000.0,
        "Net Income Continuous Operations": -2275000.0,
        "Earnings From Equity Interest Net Of Tax": -10000.0,
        "Pretax Income": -2265000.0,
        "Other Income Expense": NaN,
        "Other Non Operating Income Expenses": NaN,
        "Net Non Operating Interest Income Expense": 1000.0,
        "Interest Expense Non Operating": NaN,
        "Interest Income Non Operating": 1000.0,
        "Operating Income": -2266000.0,
        "Operating Expense": 2382000.0,
        "Depreciation Amortization Depletion Income Statement": 453000.0,
        "Depreciation And Amortization In Income Statement": 453000.0,
        "Amortization": 453000.0,
        "Amortization Of Intangibles Income Statement": 453000.0,
        "Selling General And Administration": 1929000.0,
        "General And Administrative Expense": 1929000.0,
        "Other Gand A": 1929000.0,
        "Gross Profit": 116000.0,
        "Cost Of Revenue": 1027000.0,
        "Total Revenue": 1143000.0,
        "Operating Revenue": 1143000.0
    },
    "2022-06-30": {
        "Tax Effect Of Unusual Items": 0.0,
        "Tax Rate For Calcs": 0.0,
        "Normalized EBITDA": -2720000.0,
        "Net Income From Continuing Operation Net Minority Interest": -3186000.0,
        "Reconciled Depreciation": 452000.0,
        "Reconciled Cost Of Revenue": 615000.0,
        "EBIT": -3172000.0,
        "Net Interest Income": -3000.0,
        "Interest Expense": 3000.0,
        "Interest Income": NaN,
        "Normalized Income": -3186000.0,
        "Net Income From Continuing And Discontinued Operation": -3186000.0,
        "Total Expenses": 3811000.0,
        "Total Operating Income As Reported": -3141000.0,
        "Diluted Average Shares": 1157478.0,
        "Basic Average Shares": 1157478.0,
        "Diluted EPS": -2.76,
        "Basic EPS": -2.76,
        "Diluted NI Availto Com Stockholders": -3186000.0,
        "Net Income Common Stockholders": -3186000.0,
        "Net Income": -3186000.0,
        "Net Income Including Noncontrolling Interests": -3186000.0,
        "Net Income Continuous Operations": -3186000.0,
        "Earnings From Equity Interest Net Of Tax": -11000.0,
        "Pretax Income": -3175000.0,
        "Other Income Expense": -31000.0,
        "Other Non Operating Income Expenses": -31000.0,
        "Net Non Operating Interest Income Expense": -3000.0,
        "Interest Expense Non Operating": 3000.0,
        "Interest Income Non Operating": NaN,
        "Operating Income": -3141000.0,
        "Operating Expense": 3196000.0,
        "Depreciation Amortization Depletion Income Statement": 452000.0,
        "Depreciation And Amortization In Income Statement": 452000.0,
        "Amortization": 452000.0,
        "Amortization Of Intangibles Income Statement": 452000.0,
        "Selling General And Administration": 2744000.0,
        "General And Administrative Expense": 2744000.0,
        "Other Gand A": 2744000.0,
        "Gross Profit": 55000.0,
        "Cost Of Revenue": 615000.0,
        "Total Revenue": 670000.0,
        "Operating Revenue": 670000.0
    },
    "2022-03-31": {
        "Diluted EPS": -3.15,
        "Total Revenue": 0,
        "Gross Profit": 0,
        "Operating Income": -4,
        "EBIT": -3,
        "Net Income": -4
    },
    "2021-12-31": {
        "Diluted EPS": -3.6,
        "Total Revenue": 0,
        "Gross Profit": 0,
        "Operating Income": -5,
        "EBIT": -4,
        "Net Income": -5
    },
    "2021-09-30": {
        "Diluted EPS": -2.08,
        "Total Revenue": 0,
        "Gross Profit": 0,
        "Operating Income": -2,
        "EBIT": -2,
        "Net Income": -2
    },
    "2021-06-30": {
        "Diluted EPS": -1.95,
        "Total Revenue": 0,
        "Gross Profit": 0,
        "Operating Income": -2,
        "EBIT": -2,
        "Net Income": -2
    },
    "2021-03-31": {
        "Diluted EPS": -1.69,
        "Total Revenue": 0,
        "Gross Profit": 0,
        "Operating Income": -2,
        "EBIT": -1,
        "Net Income": -2
    },
    "2020-12-31": {
        "Diluted EPS": 2.47,
        "Total Revenue": 0,
        "Gross Profit": 0,
        "Operating Income": -3,
        "EBIT": -2,
        "Net Income": -3
    },
    "2020-09-30": {
        "Diluted EPS": -1.56,
        "Total Revenue": 0,
        "Gross Profit": 0,
        "Operating Income": -1,
        "EBIT": -1,
        "Net Income": -2
    },
    "2020-06-30": {
        "Diluted EPS": -2.6,
        "Total Revenue": 0,
        "Gross Profit": 0,
        "Operating Income": -1,
        "EBIT": -1,
        "Net Income": -1
    },
    "2020-03-31": {
        "Diluted EPS": -13.39,
        "Total Revenue": 0,
        "Gross Profit": 0,
        "Operating Income": -3,
        "EBIT": -2,
        "Net Income": -2
    },
    "2019-12-31": {
        "Diluted EPS": -26.98,
        "Total Revenue": 0,
        "Gross Profit": 0,
        "Operating Income": -1,
        "EBIT": 0,
        "Net Income": -2
    },
    "2019-09-30": {
        "Diluted EPS": -10.08,
        "Total Revenue": 0,
        "Gross Profit": 0,
        "Operating Income": -1,
        "EBIT": -1,
        "Net Income": -1
    },
    "2019-06-30": {
        "Diluted EPS": 24.06,
        "Total Revenue": 0,
        "Gross Profit": 0,
        "Operating Income": 0,
        "EBIT": 0,
        "Net Income": 2
    },
    "2019-03-31": {
        "Diluted EPS": -5.85,
        "Total Revenue": 0,
        "Gross Profit": 0,
        "Operating Income": 0,
        "EBIT": 0,
        "Net Income": 0
    },
    "2018-12-31": {
        "Diluted EPS": -93.95,
        "Total Revenue": 13,
        "Gross Profit": -1,
        "Operating Income": -3,
        "EBIT": -3,
        "Net Income": -4
    },
    "2018-09-30": {
        "Diluted EPS": -12.68,
        "Total Revenue": 21,
        "Gross Profit": 0,
        "Operating Income": -1,
        "EBIT": -1,
        "Net Income": 0
    },
    "2018-06-30": {
        "Diluted EPS": -26.33,
        "Total Revenue": 21,
        "Gross Profit": 0,
        "Operating Income": -1,
        "EBIT": 0,
        "Net Income": -1
    },
    "2018-03-31": {
        "Diluted EPS": 38.69,
        "Total Revenue": 20,
        "Gross Profit": 1,
        "Operating Income": 0,
        "EBIT": 0,
        "Net Income": 2
    },
    "2017-12-31": {
        "Diluted EPS": 112.17,
        "Total Revenue": 52,
        "Gross Profit": 2,
        "Operating Income": 0,
        "EBIT": 0,
        "Net Income": 2
    },
    "2017-09-30": {
        "Diluted EPS": 46.16,
        "Total Revenue": 1,
        "Gross Profit": 0,
        "Operating Income": 0,
        "EBIT": 0,
        "Net Income": 2
    },
    "2017-06-30": {
        "Diluted EPS": -85.18,
        "Total Revenue": 1,
        "Gross Profit": 0,
        "Operating Income": -1,
        "EBIT": -1,
        "Net Income": -2
    },
    "2017-03-31": {
        "Diluted EPS": -98.51,
        "Total Revenue": 1,
        "Gross Profit": 0,
        "Operating Income": -1,
        "EBIT": 0,
        "Net Income": -2
    },
    "2016-12-31": {
        "Diluted EPS": -295.54,
        "Total Revenue": 0,
        "Gross Profit": 0,
        "Operating Income": -3,
        "EBIT": -2,
        "Net Income": -5
    },
    "2016-09-30": {
        "Diluted EPS": 0.0,
        "Total Revenue": 1,
        "Gross Profit": 0,
        "Operating Income": -2,
        "EBIT": -1,
        "Net Income": -1
    },
    "2016-06-30": {
        "Diluted EPS": -98.51,
        "Total Revenue": 0,
        "Gross Profit": 0,
        "Operating Income": -3,
        "EBIT": -2,
        "Net Income": -3
    },
    "2016-03-31": {
        "Diluted EPS": 0.0,
        "Total Revenue": 0,
        "Gross Profit": 0,
        "Operating Income": 0,
        "EBIT": 0,
        "Net Income": -1
    },
    "2015-12-31": {
        "Diluted EPS": -0.26,
        "Total Revenue": NaN,
        "Gross Profit": 0,
        "Operating Income": -1,
        "EBIT": -1,
        "Net Income": -1
    },
    "2015-09-30": {
        "Diluted EPS": 0.0,
        "Total Revenue": 0,
        "Gross Profit": 0,
        "Operating Income": 0,
        "EBIT": 0,
        "Net Income": 0
    },
    "2015-06-30": {
        "Diluted EPS": 0.0,
        "Total Revenue": 0,
        "Gross Profit": 0,
        "Operating Income": 0,
        "EBIT": 0,
        "Net Income": 0
    },
    "2015-03-31": {
        "Diluted EPS": 0.0,
        "Total Revenue": 0,
        "Gross Profit": 0,
        "Operating Income": 0,
        "EBIT": 0,
        "Net Income": 0
    },
    "2023-06-30": {
        "Tax Effect Of Unusual Items": 0.0,
        "Tax Rate For Calcs": 0.0,
        "Normalized EBITDA": -888000.0,
        "Net Income From Continuing Operation Net Minority Interest": -1412000.0,
        "Reconciled Depreciation": 5000.0,
        "Reconciled Cost Of Revenue": 152000.0,
        "EBIT": -893000.0,
        "Net Interest Income": 7000.0,
        "Interest Expense": NaN,
        "Interest Income": 7000.0,
        "Normalized Income": -1412000.0,
        "Net Income From Continuing And Discontinued Operation": -1412000.0,
        "Total Expenses": 933000.0,
        "Total Operating Income As Reported": -893000.0,
        "Diluted Average Shares": 2103365.0,
        "Basic Average Shares": 2103365.0,
        "Diluted EPS": -0.67,
        "Basic EPS": -0.67,
        "Diluted NI Availto Com Stockholders": -1412000.0,
        "Net Income Common Stockholders": -1412000.0,
        "Net Income": -1412000.0,
        "Net Income Including Noncontrolling Interests": -1412000.0,
        "Net Income Continuous Operations": -1412000.0,
        "Earnings From Equity Interest Net Of Tax": -9000.0,
        "Pretax Income": -1403000.0,
        "Other Income Expense": -517000.0,
        "Other Non Operating Income Expenses": -517000.0,
        "Net Non Operating Interest Income Expense": 7000.0,
        "Interest Expense Non Operating": NaN,
        "Interest Income Non Operating": 7000.0,
        "Operating Income": -893000.0,
        "Operating Expense": 780000.0,
        "Depreciation Amortization Depletion Income Statement": 4000.0,
        "Depreciation And Amortization In Income Statement": 4000.0,
        "Amortization": 4000.0,
        "Amortization Of Intangibles Income Statement": 4000.0,
        "Selling General And Administration": 776000.0,
        "General And Administrative Expense": 776000.0,
        "Other Gand A": 776000.0,
        "Gross Profit": -113000.0,
        "Cost Of Revenue": 153000.0,
        "Total Revenue": 40000.0,
        "Operating Revenue": 40000.0
    }
}