{
    "2023-03-31": {
        "Tax Effect Of Unusual Items": NaN,
        "Tax Rate For Calcs": NaN,
        "Normalized EBITDA": NaN,
        "Total Unusual Items": NaN,
        "Total Unusual Items Excluding Goodwill": NaN,
        "Net Income From Continuing Operation Net Minority Interest": NaN,
        "Reconciled Depreciation": NaN,
        "Reconciled Cost Of Revenue": NaN,
        "EBITDA": NaN,
        "EBIT": NaN,
        "Net Interest Income": NaN,
        "Interest Expense": NaN,
        "Interest Income": NaN,
        "Normalized Income": NaN,
        "Net Income From Continuing And Discontinued Operation": NaN,
        "Total Expenses": NaN,
        "Total Operating Income As Reported": NaN,
        "Diluted Average Shares": 211444899.0,
        "Basic Average Shares": 211444899.0,
        "Diluted EPS": -0.27,
        "Basic EPS": -0.27,
        "Diluted NI Availto Com Stockholders": NaN,
        "Net Income Common Stockholders": NaN,
        "Net Income": NaN,
        "Net Income Including Noncontrolling Interests": NaN,
        "Net Income Continuous Operations": NaN,
        "Tax Provision": NaN,
        "Pretax Income": NaN,
        "Other Income Expense": NaN,
        "Special Income Charges": NaN,
        "Gain On Sale Of Ppe": NaN,
        "Other Special Charges": NaN,
        "Net Non Operating Interest Income Expense": NaN,
        "Interest Expense Non Operating": NaN,
        "Interest Income Non Operating": NaN,
        "Operating Income": NaN,
        "Operating Expense": NaN,
        "Other Operating Expenses": NaN,
        "Depreciation Amortization Depletion Income Statement": NaN,
        "Depreciation And Amortization In Income Statement": NaN,
        "Research And Development": NaN,
        "Selling General And Administration": NaN,
        "Selling And Marketing Expense": NaN,
        "General And Administrative Expense": NaN,
        "Other Gand A": NaN,
        "Salaries And Wages": NaN,
        "Gross Profit": NaN,
        "Cost Of Revenue": NaN,
        "Total Revenue": NaN,
        "Operating Revenue": NaN
    },
    "2022-12-31": {
        "Tax Effect Of Unusual Items": NaN,
        "Tax Rate For Calcs": NaN,
        "Normalized EBITDA": NaN,
        "Total Unusual Items": NaN,
        "Total Unusual Items Excluding Goodwill": NaN,
        "Net Income From Continuing Operation Net Minority Interest": NaN,
        "Reconciled Depreciation": NaN,
        "Reconciled Cost Of Revenue": NaN,
        "EBITDA": NaN,
        "EBIT": NaN,
        "Net Interest Income": NaN,
        "Interest Expense": NaN,
        "Interest Income": NaN,
        "Normalized Income": NaN,
        "Net Income From Continuing And Discontinued Operation": NaN,
        "Total Expenses": NaN,
        "Total Operating Income As Reported": NaN,
        "Diluted Average Shares": NaN,
        "Basic Average Shares": NaN,
        "Diluted EPS": NaN,
        "Basic EPS": NaN,
        "Diluted NI Availto Com Stockholders": NaN,
        "Net Income Common Stockholders": NaN,
        "Net Income": NaN,
        "Net Income Including Noncontrolling Interests": NaN,
        "Net Income Continuous Operations": NaN,
        "Tax Provision": NaN,
        "Pretax Income": NaN,
        "Other Income Expense": NaN,
        "Special Income Charges": NaN,
        "Gain On Sale Of Ppe": NaN,
        "Other Special Charges": 0.0,
        "Net Non Operating Interest Income Expense": NaN,
        "Interest Expense Non Operating": NaN,
        "Interest Income Non Operating": NaN,
        "Operating Income": NaN,
        "Operating Expense": NaN,
        "Other Operating Expenses": NaN,
        "Depreciation Amortization Depletion Income Statement": NaN,
        "Depreciation And Amortization In Income Statement": NaN,
        "Research And Development": NaN,
        "Selling General And Administration": NaN,
        "Selling And Marketing Expense": NaN,
        "General And Administrative Expense": NaN,
        "Other Gand A": NaN,
        "Salaries And Wages": NaN,
        "Gross Profit": NaN,
        "Cost Of Revenue": NaN,
        "Total Revenue": NaN,
        "Operating Revenue": NaN
    },
    "2022-09-30": {
        "Tax Effect Of Unusual Items": NaN,
        "Tax Rate For Calcs": NaN,
        "Normalized EBITDA": NaN,
        "Total Unusual Items": NaN,
        "Total Unusual Items Excluding Goodwill": NaN,
        "Net Income From Continuing Operation Net Minority Interest": NaN,
        "Reconciled Depreciation": NaN,
        "Reconciled Cost Of Revenue": NaN,
        "EBITDA": NaN,
        "EBIT": NaN,
        "Net Interest Income": NaN,
        "Interest Expense": NaN,
        "Interest Income": NaN,
        "Normalized Income": NaN,
        "Net Income From Continuing And Discontinued Operation": NaN,
        "Total Expenses": NaN,
        "Total Operating Income As Reported": NaN,
        "Diluted Average Shares": 189946101.0,
        "Basic Average Shares": 189946101.0,
        "Diluted EPS": -0.25,
        "Basic EPS": -0.25,
        "Diluted NI Availto Com Stockholders": NaN,
        "Net Income Common Stockholders": NaN,
        "Net Income": NaN,
        "Net Income Including Noncontrolling Interests": NaN,
        "Net Income Continuous Operations": NaN,
        "Tax Provision": NaN,
        "Pretax Income": NaN,
        "Other Income Expense": NaN,
        "Special Income Charges": NaN,
        "Gain On Sale Of Ppe": NaN,
        "Other Special Charges": 0.0,
        "Net Non Operating Interest Income Expense": NaN,
        "Interest Expense Non Operating": NaN,
        "Interest Income Non Operating": NaN,
        "Operating Income": NaN,
        "Operating Expense": NaN,
        "Other Operating Expenses": NaN,
        "Depreciation Amortization Depletion Income Statement": NaN,
        "Depreciation And Amortization In Income Statement": NaN,
        "Research And Development": NaN,
        "Selling General And Administration": NaN,
        "Selling And Marketing Expense": NaN,
        "General And Administrative Expense": NaN,
        "Other Gand A": NaN,
        "Salaries And Wages": NaN,
        "Gross Profit": NaN,
        "Cost Of Revenue": NaN,
        "Total Revenue": NaN,
        "Operating Revenue": NaN
    },
    "2022-06-30": {
        "Tax Effect Of Unusual Items": 0.0,
        "Tax Rate For Calcs": 0.4,
        "Normalized EBITDA": -49403000.0,
        "Total Unusual Items": 610000.0,
        "Total Unusual Items Excluding Goodwill": 610000.0,
        "Net Income From Continuing Operation Net Minority Interest": -57584000.0,
        "Reconciled Depreciation": 7574000.0,
        "Reconciled Cost Of Revenue": 38292000.0,
        "EBITDA": -49403000.0,
        "EBIT": -56977000.0,
        "Net Interest Income": 2729000.0,
        "Interest Expense": 593000.0,
        "Interest Income": 3322000.0,
        "Normalized Income": -57584000.0,
        "Net Income From Continuing And Discontinued Operation": -57584000.0,
        "Total Expenses": 81365000.0,
        "Total Operating Income As Reported": -60299000.0,
        "Diluted Average Shares": 187089253.0,
        "Basic Average Shares": 187089253.0,
        "Diluted EPS": -0.31,
        "Basic EPS": -0.31,
        "Diluted NI Availto Com Stockholders": -57584000.0,
        "Net Income Common Stockholders": -57584000.0,
        "Net Income": -57584000.0,
        "Net Income Including Noncontrolling Interests": -57584000.0,
        "Net Income Continuous Operations": -57584000.0,
        "Tax Provision": 14000.0,
        "Pretax Income": -57570000.0,
        "Other Income Expense": 610000.0,
        "Special Income Charges": 610000.0,
        "Gain On Sale Of Ppe": 0.0,
        "Other Special Charges": -610000.0,
        "Net Non Operating Interest Income Expense": 2729000.0,
        "Interest Expense Non Operating": 593000.0,
        "Interest Income Non Operating": 3322000.0,
        "Operating Income": -61219000.0,
        "Operating Expense": 38684000.0,
        "Other Operating Expenses": 792000.0,
        "Depreciation Amortization Depletion Income Statement": 3185000.0,
        "Depreciation And Amortization In Income Statement": 3185000.0,
        "Research And Development": 11636000.0,
        "Selling General And Administration": 23071000.0,
        "Selling And Marketing Expense": -44000.0,
        "General And Administrative Expense": 23115000.0,
        "Other Gand A": 13365000.0,
        "Salaries And Wages": 9750000.0,
        "Gross Profit": -22535000.0,
        "Cost Of Revenue": 42681000.0,
        "Total Revenue": 20146000.0,
        "Operating Revenue": 20146000.0
    },
    "2022-03-31": {
        "Diluted EPS": -0.09,
        "Total Revenue": 27,
        "Gross Profit": -14,
        "Operating Income": -17,
        "EBIT": -7,
        "Net Income": -17
    },
    "2021-12-31": {
        "Diluted EPS": 0.0,
        "Total Revenue": NaN,
        "Gross Profit": NaN,
        "Operating Income": NaN,
        "EBIT": NaN,
        "Net Income": NaN
    },
    "2021-09-30": {
        "Diluted EPS": 0.0,
        "Total Revenue": NaN,
        "Gross Profit": NaN,
        "Operating Income": NaN,
        "EBIT": NaN,
        "Net Income": NaN
    },
    "2020-12-31": {
        "Diluted EPS": 0.0,
        "Total Revenue": NaN,
        "Gross Profit": NaN,
        "Operating Income": NaN,
        "EBIT": NaN,
        "Net Income": NaN
    },
    "2023-06-30": {
        "Tax Effect Of Unusual Items": NaN,
        "Tax Rate For Calcs": NaN,
        "Normalized EBITDA": NaN,
        "Total Unusual Items": NaN,
        "Total Unusual Items Excluding Goodwill": NaN,
        "Net Income From Continuing Operation Net Minority Interest": NaN,
        "Reconciled Depreciation": NaN,
        "Reconciled Cost Of Revenue": NaN,
        "EBITDA": NaN,
        "EBIT": NaN,
        "Net Interest Income": NaN,
        "Interest Expense": NaN,
        "Interest Income": NaN,
        "Normalized Income": NaN,
        "Net Income From Continuing And Discontinued Operation": NaN,
        "Total Expenses": NaN,
        "Total Operating Income As Reported": NaN,
        "Diluted Average Shares": 223883084.0,
        "Basic Average Shares": 223883084.0,
        "Diluted EPS": -0.3,
        "Basic EPS": -0.3,
        "Diluted NI Availto Com Stockholders": NaN,
        "Net Income Common Stockholders": NaN,
        "Net Income": NaN,
        "Net Income Including Noncontrolling Interests": NaN,
        "Net Income Continuous Operations": NaN,
        "Tax Provision": NaN,
        "Pretax Income": NaN,
        "Other Income Expense": NaN,
        "Special Income Charges": NaN,
        "Gain On Sale Of Ppe": NaN,
        "Other Special Charges": NaN,
        "Net Non Operating Interest Income Expense": NaN,
        "Interest Expense Non Operating": NaN,
        "Interest Income Non Operating": NaN,
        "Operating Income": NaN,
        "Operating Expense": NaN,
        "Other Operating Expenses": NaN,
        "Depreciation Amortization Depletion Income Statement": NaN,
        "Depreciation And Amortization In Income Statement": NaN,
        "Research And Development": NaN,
        "Selling General And Administration": NaN,
        "Selling And Marketing Expense": NaN,
        "General And Administrative Expense": NaN,
        "Other Gand A": NaN,
        "Salaries And Wages": NaN,
        "Gross Profit": NaN,
        "Cost Of Revenue": NaN,
        "Total Revenue": NaN,
        "Operating Revenue": NaN
    },
    "2023-09-30": {
        "Tax Effect Of Unusual Items": 71550.0,
        "Tax Rate For Calcs": 0.15,
        "Normalized EBITDA": -42644000.0,
        "Total Unusual Items": 477000.0,
        "Total Unusual Items Excluding Goodwill": 477000.0,
        "Net Income From Continuing Operation Net Minority Interest": -48681000.0,
        "Reconciled Depreciation": 5910000.0,
        "Reconciled Cost Of Revenue": 21606000.0,
        "EBITDA": -42167000.0,
        "EBIT": -48077000.0,
        "Net Interest Income": 5361000.0,
        "Interest Expense": 598000.0,
        "Interest Income": 5959000.0,
        "Normalized Income": -49086450.0,
        "Net Income From Continuing And Discontinued Operation": -48681000.0,
        "Total Expenses": 70994000.0,
        "Total Operating Income As Reported": -54036000.0,
        "Diluted Average Shares": 223914164.0,
        "Basic Average Shares": 223914164.0,
        "Diluted EPS": -0.22,
        "Basic EPS": -0.22,
        "Diluted NI Availto Com Stockholders": -48681000.0,
        "Net Income Common Stockholders": -48681000.0,
        "Net Income": -48681000.0,
        "Net Income Including Noncontrolling Interests": -48681000.0,
        "Net Income Continuous Operations": -48681000.0,
        "Tax Provision": 6000.0,
        "Pretax Income": -48675000.0,
        "Other Income Expense": 477000.0,
        "Special Income Charges": 477000.0,
        "Gain On Sale Of Ppe": 477000.0,
        "Other Special Charges": NaN,
        "Net Non Operating Interest Income Expense": 5361000.0,
        "Interest Expense Non Operating": 598000.0,
        "Interest Income Non Operating": 5959000.0,
        "Operating Income": -54511000.0,
        "Operating Expense": 46713000.0,
        "Other Operating Expenses": 252000.0,
        "Depreciation Amortization Depletion Income Statement": 3235000.0,
        "Depreciation And Amortization In Income Statement": 3235000.0,
        "Research And Development": 27245000.0,
        "Selling General And Administration": 15981000.0,
        "Selling And Marketing Expense": 145000.0,
        "General And Administrative Expense": 15836000.0,
        "Other Gand A": 8326000.0,
        "Salaries And Wages": 7510000.0,
        "Gross Profit": -7798000.0,
        "Cost Of Revenue": 24281000.0,
        "Total Revenue": 16483000.0,
        "Operating Revenue": 16483000.0
    },
    "2023-12-31": {
        "Tax Effect Of Unusual Items": 164100.0,
        "Tax Rate For Calcs": 0.15,
        "Normalized EBITDA": -85921000.0,
        "Total Unusual Items": 1094000.0,
        "Total Unusual Items Excluding Goodwill": 1094000.0,
        "Net Income From Continuing Operation Net Minority Interest": -86653000.0,
        "Reconciled Depreciation": 5987000.0,
        "Reconciled Cost Of Revenue": 52137000.0,
        "EBITDA": -84827000.0,
        "EBIT": -90814000.0,
        "Net Interest Income": 1526000.0,
        "Interest Expense": -4326000.0,
        "Interest Income": -2800000.0,
        "Normalized Income": -87582900.0,
        "Net Income From Continuing And Discontinued Operation": -86653000.0,
        "Total Expenses": 111676000.0,
        "Total Operating Income As Reported": -88014000.0,
        "Diluted Average Shares": NaN,
        "Basic Average Shares": NaN,
        "Diluted EPS": NaN,
        "Basic EPS": NaN,
        "Diluted NI Availto Com Stockholders": -86653000.0,
        "Net Income Common Stockholders": -86653000.0,
        "Net Income": -86653000.0,
        "Net Income Including Noncontrolling Interests": -86653000.0,
        "Net Income Continuous Operations": -86653000.0,
        "Tax Provision": 165000.0,
        "Pretax Income": -86488000.0,
        "Other Income Expense": 1094000.0,
        "Special Income Charges": 1094000.0,
        "Gain On Sale Of Ppe": 234000.0,
        "Other Special Charges": NaN,
        "Net Non Operating Interest Income Expense": 1526000.0,
        "Interest Expense Non Operating": -4326000.0,
        "Interest Income Non Operating": -2800000.0,
        "Operating Income": -89109000.0,
        "Operating Expense": 58079000.0,
        "Other Operating Expenses": -1487000.0,
        "Depreciation Amortization Depletion Income Statement": 4527000.0,
        "Depreciation And Amortization In Income Statement": 4527000.0,
        "Research And Development": 33361000.0,
        "Selling General And Administration": 21678000.0,
        "Selling And Marketing Expense": 82000.0,
        "General And Administrative Expense": 21596000.0,
        "Other Gand A": 14457000.0,
        "Salaries And Wages": 7139000.0,
        "Gross Profit": -31030000.0,
        "Cost Of Revenue": 53597000.0,
        "Total Revenue": 22567000.0,
        "Operating Revenue": 22567000.0
    },
    "2024-03-31": {
        "Tax Effect Of Unusual Items": 138300.0,
        "Tax Rate For Calcs": 0.15,
        "Normalized EBITDA": -65602000.0,
        "Total Unusual Items": 922000.0,
        "Total Unusual Items Excluding Goodwill": 922000.0,
        "Net Income From Continuing Operation Net Minority Interest": -70553000.0,
        "Reconciled Depreciation": 4867000.0,
        "Reconciled Cost Of Revenue": 39053000.0,
        "EBITDA": -64680000.0,
        "EBIT": -69547000.0,
        "Net Interest Income": 3431000.0,
        "Interest Expense": 340000.0,
        "Interest Income": 3771000.0,
        "Normalized Income": -71336700.0,
        "Net Income From Continuing And Discontinued Operation": -70553000.0,
        "Total Expenses": 86612000.0,
        "Total Operating Income As Reported": -73317000.0,
        "Diluted Average Shares": 224291745.0,
        "Basic Average Shares": 224291745.0,
        "Diluted EPS": -0.31,
        "Basic EPS": -0.31,
        "Diluted NI Availto Com Stockholders": -70553000.0,
        "Net Income Common Stockholders": -70553000.0,
        "Net Income": -70553000.0,
        "Net Income Including Noncontrolling Interests": -70553000.0,
        "Net Income Continuous Operations": -70553000.0,
        "Tax Provision": 666000.0,
        "Pretax Income": -69887000.0,
        "Other Income Expense": 922000.0,
        "Special Income Charges": 922000.0,
        "Gain On Sale Of Ppe": 222000.0,
        "Other Special Charges": -700000.0,
        "Net Non Operating Interest Income Expense": 3431000.0,
        "Interest Expense Non Operating": 340000.0,
        "Interest Income Non Operating": 3771000.0,
        "Operating Income": -74239000.0,
        "Operating Expense": 44923000.0,
        "Other Operating Expenses": -1932000.0,
        "Depreciation Amortization Depletion Income Statement": 2231000.0,
        "Depreciation And Amortization In Income Statement": 2231000.0,
        "Research And Development": 27825000.0,
        "Selling General And Administration": 16799000.0,
        "Selling And Marketing Expense": 105000.0,
        "General And Administrative Expense": 16694000.0,
        "Other Gand A": 9673000.0,
        "Salaries And Wages": 7021000.0,
        "Gross Profit": -29316000.0,
        "Cost Of Revenue": 41689000.0,
        "Total Revenue": 12373000.0,
        "Operating Revenue": 12373000.0
    },
    "2024-06-30": {
        "Tax Effect Of Unusual Items": 132300.0,
        "Tax Rate For Calcs": 0.15,
        "Normalized EBITDA": -66844000.0,
        "Total Unusual Items": 882000.0,
        "Total Unusual Items Excluding Goodwill": 882000.0,
        "Net Income From Continuing Operation Net Minority Interest": -72543000.0,
        "Reconciled Depreciation": 5126000.0,
        "Reconciled Cost Of Revenue": 37823000.0,
        "EBITDA": -65962000.0,
        "EBIT": -71088000.0,
        "Net Interest Income": 2378000.0,
        "Interest Expense": 155000.0,
        "Interest Income": 2533000.0,
        "Normalized Income": -73292700.0,
        "Net Income From Continuing And Discontinued Operation": -72543000.0,
        "Total Expenses": 88938000.0,
        "Total Operating Income As Reported": -73620000.0,
        "Diluted Average Shares": 224313005.0,
        "Basic Average Shares": 224313005.0,
        "Diluted EPS": -0.32,
        "Basic EPS": -0.32,
        "Diluted NI Availto Com Stockholders": -72543000.0,
        "Net Income Common Stockholders": -72543000.0,
        "Net Income": -72543000.0,
        "Net Income Including Noncontrolling Interests": -72544000.0,
        "Net Income Continuous Operations": -72544000.0,
        "Tax Provision": 1301000.0,
        "Pretax Income": -71243000.0,
        "Other Income Expense": 882000.0,
        "Special Income Charges": 882000.0,
        "Gain On Sale Of Ppe": 225000.0,
        "Other Special Charges": -657000.0,
        "Net Non Operating Interest Income Expense": 2378000.0,
        "Interest Expense Non Operating": 155000.0,
        "Interest Income Non Operating": 2533000.0,
        "Operating Income": -74502000.0,
        "Operating Expense": 48215000.0,
        "Other Operating Expenses": 1449000.0,
        "Depreciation Amortization Depletion Income Statement": 2226000.0,
        "Depreciation And Amortization In Income Statement": 2226000.0,
        "Research And Development": 31093000.0,
        "Selling General And Administration": 13447000.0,
        "Selling And Marketing Expense": 75000.0,
        "General And Administrative Expense": 13372000.0,
        "Other Gand A": 7460000.0,
        "Salaries And Wages": 5912000.0,
        "Gross Profit": -26287000.0,
        "Cost Of Revenue": 40723000.0,
        "Total Revenue": 14436000.0,
        "Operating Revenue": 14436000.0
    },
    "2024-09-30": {
        "Tax Effect Of Unusual Items": 85059.316408,
        "Tax Rate For Calcs": 0.087781,
        "Normalized EBITDA": 374256000.0,
        "Total Unusual Items": 969000.0,
        "Total Unusual Items Excluding Goodwill": 969000.0,
        "Net Income From Continuing Operation Net Minority Interest": 338043000.0,
        "Reconciled Depreciation": 4512000.0,
        "Reconciled Cost Of Revenue": 19555000.0,
        "EBITDA": 375225000.0,
        "EBIT": 370713000.0,
        "Net Interest Income": 2193000.0,
        "Interest Expense": 141000.0,
        "Interest Income": 2334000.0,
        "Normalized Income": 337159059.316408,
        "Net Income From Continuing And Discontinued Operation": 338043000.0,
        "Total Expenses": 126491000.0,
        "Total Operating Income As Reported": 368379000.0,
        "Diluted Average Shares": 225219981.0,
        "Basic Average Shares": 224326353.0,
        "Diluted EPS": 1.5,
        "Basic EPS": 1.51,
        "Diluted NI Availto Com Stockholders": 338043000.0,
        "Net Income Common Stockholders": 338043000.0,
        "Net Income": 338043000.0,
        "Net Income Including Noncontrolling Interests": 338043000.0,
        "Net Income Continuous Operations": 338043000.0,
        "Tax Provision": 32529000.0,
        "Pretax Income": 370572000.0,
        "Other Income Expense": 969000.0,
        "Special Income Charges": 969000.0,
        "Gain On Sale Of Ppe": 968000.0,
        "Other Special Charges": -1000.0,
        "Net Non Operating Interest Income Expense": 2193000.0,
        "Interest Expense Non Operating": 141000.0,
        "Interest Income Non Operating": 2334000.0,
        "Operating Income": 367411000.0,
        "Operating Expense": 104560000.0,
        "Other Operating Expenses": 38208000.0,
        "Depreciation Amortization Depletion Income Statement": 2136000.0,
        "Depreciation And Amortization In Income Statement": 2136000.0,
        "Research And Development": 49979000.0,
        "Selling General And Administration": 14237000.0,
        "Selling And Marketing Expense": 174000.0,
        "General And Administrative Expense": 14063000.0,
        "Other Gand A": 7332000.0,
        "Salaries And Wages": 6731000.0,
        "Gross Profit": 471971000.0,
        "Cost Of Revenue": 21931000.0,
        "Total Revenue": 493902000.0,
        "Operating Revenue": 493902000.0
    }
}