{
    "2023-06-30": {
        "Tax Effect Of Unusual Items": 15629770.992366,
        "Tax Rate For Calcs": 0.173664,
        "Normalized EBITDA": 2216000000.0,
        "Total Unusual Items": 90000000.0,
        "Total Unusual Items Excluding Goodwill": 90000000.0,
        "Net Income From Continuing Operation Net Minority Interest": 866000000.0,
        "Reconciled Depreciation": 1072000000.0,
        "Reconciled Cost Of Revenue": 10059000000.0,
        "EBITDA": 2306000000.0,
        "EBIT": 1234000000.0,
        "Net Interest Income": -159000000.0,
        "Interest Expense": 186000000.0,
        "Interest Income": 34000000.0,
        "Normalized Income": 791629770.992366,
        "Net Income From Continuing And Discontinued Operation": 866000000.0,
        "Total Expenses": 11771000000.0,
        "Diluted Average Shares": 1943254000.0,
        "Basic Average Shares": 1902820000.0,
        "Diluted EPS": 0.44,
        "Basic EPS": 0.45,
        "Diluted NI Availto Com Stockholders": 857000000.0,
        "Net Income Common Stockholders": 857000000.0,
        "Preferred Stock Dividends": 9000000.0,
        "Net Income": 866000000.0,
        "Net Income Including Noncontrolling Interests": 866000000.0,
        "Net Income Continuous Operations": 866000000.0,
        "Tax Provision": 182000000.0,
        "Pretax Income": 1048000000.0,
        "Other Income Expense": 110000000.0,
        "Other Non Operating Income Expenses": 14000000.0,
        "Special Income Charges": -6000000.0,
        "Gain On Sale Of Ppe": 10000000.0,
        "Restructuring And Mergern Acquisition": 16000000.0,
        "Earnings From Equity Interest": 6000000.0,
        "Gain On Sale Of Security": 96000000.0,
        "Net Non Operating Interest Income Expense": -159000000.0,
        "Total Other Finance Cost": 7000000.0,
        "Interest Expense Non Operating": 186000000.0,
        "Interest Income Non Operating": 34000000.0,
        "Operating Income": 1097000000.0,
        "Operating Expense": 1712000000.0,
        "Other Operating Expenses": 1545000000.0,
        "Selling General And Administration": 167000000.0,
        "General And Administrative Expense": 167000000.0,
        "Other Gand A": 167000000.0,
        "Gross Profit": 2809000000.0,
        "Cost Of Revenue": 10059000000.0,
        "Total Revenue": 12868000000.0,
        "Operating Revenue": 12868000000.0
    },
    "2023-03-31": {
        "Tax Effect Of Unusual Items": -22400000.0,
        "Tax Rate For Calcs": 0.4,
        "Normalized EBITDA": 1942000000.0,
        "Total Unusual Items": -56000000.0,
        "Total Unusual Items Excluding Goodwill": -56000000.0,
        "Net Income From Continuing Operation Net Minority Interest": 636000000.0,
        "Reconciled Depreciation": 1105000000.0,
        "Reconciled Cost Of Revenue": 10266000000.0,
        "EBITDA": 1886000000.0,
        "EBIT": 781000000.0,
        "Net Interest Income": -161000000.0,
        "Interest Expense": 188000000.0,
        "Interest Income": 33000000.0,
        "Normalized Income": 669600000.0,
        "Net Income From Continuing And Discontinued Operation": 636000000.0,
        "Total Expenses": 12060000000.0,
        "Diluted Average Shares": 1957846000.0,
        "Basic Average Shares": 1908280000.0,
        "Diluted EPS": 0.32,
        "Basic EPS": 0.33,
        "Diluted NI Availto Com Stockholders": 627000000.0,
        "Net Income Common Stockholders": 627000000.0,
        "Preferred Stock Dividends": 9000000.0,
        "Net Income": 636000000.0,
        "Net Income Including Noncontrolling Interests": 636000000.0,
        "Net Income Continuous Operations": 636000000.0,
        "Tax Provision": -43000000.0,
        "Pretax Income": 593000000.0,
        "Other Income Expense": -44000000.0,
        "Other Non Operating Income Expenses": 6000000.0,
        "Special Income Charges": -69000000.0,
        "Gain On Sale Of Ppe": -32000000.0,
        "Restructuring And Mergern Acquisition": 37000000.0,
        "Earnings From Equity Interest": 6000000.0,
        "Gain On Sale Of Security": 13000000.0,
        "Net Non Operating Interest Income Expense": -161000000.0,
        "Total Other Finance Cost": 6000000.0,
        "Interest Expense Non Operating": 188000000.0,
        "Interest Income Non Operating": 33000000.0,
        "Operating Income": 798000000.0,
        "Operating Expense": 1794000000.0,
        "Other Operating Expenses": 1636000000.0,
        "Selling General And Administration": 158000000.0,
        "General And Administrative Expense": 158000000.0,
        "Other Gand A": 158000000.0,
        "Salaries And Wages": NaN,
        "Gross Profit": 2592000000.0,
        "Cost Of Revenue": 10266000000.0,
        "Total Revenue": 12858000000.0,
        "Operating Revenue": 12858000000.0
    },
    "2022-12-31": {
        "Tax Effect Of Unusual Items": NaN,
        "Tax Rate For Calcs": NaN,
        "Normalized EBITDA": NaN,
        "Total Unusual Items": NaN,
        "Total Unusual Items Excluding Goodwill": NaN,
        "Net Income From Continuing Operation Net Minority Interest": NaN,
        "Reconciled Depreciation": NaN,
        "Reconciled Cost Of Revenue": NaN,
        "EBITDA": NaN,
        "EBIT": NaN,
        "Net Interest Income": NaN,
        "Interest Expense": NaN,
        "Interest Income": NaN,
        "Normalized Income": NaN,
        "Net Income From Continuing And Discontinued Operation": NaN,
        "Total Expenses": NaN,
        "Diluted Average Shares": NaN,
        "Basic Average Shares": NaN,
        "Diluted EPS": NaN,
        "Basic EPS": NaN,
        "Diluted NI Availto Com Stockholders": NaN,
        "Net Income Common Stockholders": NaN,
        "Preferred Stock Dividends": NaN,
        "Net Income": NaN,
        "Net Income Including Noncontrolling Interests": NaN,
        "Net Income Continuous Operations": NaN,
        "Tax Provision": NaN,
        "Pretax Income": NaN,
        "Other Income Expense": NaN,
        "Other Non Operating Income Expenses": NaN,
        "Special Income Charges": NaN,
        "Gain On Sale Of Ppe": NaN,
        "Restructuring And Mergern Acquisition": NaN,
        "Earnings From Equity Interest": NaN,
        "Gain On Sale Of Security": NaN,
        "Net Non Operating Interest Income Expense": NaN,
        "Total Other Finance Cost": NaN,
        "Interest Expense Non Operating": NaN,
        "Interest Income Non Operating": NaN,
        "Operating Income": NaN,
        "Operating Expense": NaN,
        "Other Operating Expenses": NaN,
        "Selling General And Administration": NaN,
        "General And Administrative Expense": NaN,
        "Other Gand A": NaN,
        "Salaries And Wages": 23000000.0,
        "Gross Profit": NaN,
        "Cost Of Revenue": NaN,
        "Total Revenue": NaN,
        "Operating Revenue": NaN
    },
    "2022-09-30": {
        "Tax Effect Of Unusual Items": NaN,
        "Tax Rate For Calcs": NaN,
        "Normalized EBITDA": NaN,
        "Total Unusual Items": NaN,
        "Total Unusual Items Excluding Goodwill": NaN,
        "Net Income From Continuing Operation Net Minority Interest": NaN,
        "Reconciled Depreciation": NaN,
        "Reconciled Cost Of Revenue": NaN,
        "EBITDA": NaN,
        "EBIT": NaN,
        "Net Interest Income": NaN,
        "Interest Expense": NaN,
        "Interest Income": NaN,
        "Normalized Income": NaN,
        "Net Income From Continuing And Discontinued Operation": NaN,
        "Total Expenses": NaN,
        "Diluted Average Shares": NaN,
        "Basic Average Shares": NaN,
        "Diluted EPS": NaN,
        "Basic EPS": NaN,
        "Diluted NI Availto Com Stockholders": NaN,
        "Net Income Common Stockholders": NaN,
        "Preferred Stock Dividends": NaN,
        "Net Income": NaN,
        "Net Income Including Noncontrolling Interests": NaN,
        "Net Income Continuous Operations": NaN,
        "Tax Provision": NaN,
        "Pretax Income": NaN,
        "Other Income Expense": NaN,
        "Other Non Operating Income Expenses": NaN,
        "Special Income Charges": NaN,
        "Gain On Sale Of Ppe": NaN,
        "Restructuring And Mergern Acquisition": NaN,
        "Earnings From Equity Interest": NaN,
        "Gain On Sale Of Security": NaN,
        "Net Non Operating Interest Income Expense": NaN,
        "Total Other Finance Cost": NaN,
        "Interest Expense Non Operating": NaN,
        "Interest Income Non Operating": NaN,
        "Operating Income": NaN,
        "Operating Expense": NaN,
        "Other Operating Expenses": NaN,
        "Selling General And Administration": NaN,
        "General And Administrative Expense": NaN,
        "Other Gand A": NaN,
        "Salaries And Wages": 128000000.0,
        "Gross Profit": NaN,
        "Cost Of Revenue": NaN,
        "Total Revenue": NaN,
        "Operating Revenue": NaN
    },
    "2022-06-30": {
        "Tax Effect Of Unusual Items": -117169569.202566,
        "Tax Rate For Calcs": 0.256951,
        "Normalized EBITDA": 5076000000.0,
        "Total Unusual Items": -456000000.0,
        "Total Unusual Items Excluding Goodwill": -456000000.0,
        "Net Income From Continuing Operation Net Minority Interest": 2432000000.0,
        "Reconciled Depreciation": 1132000000.0,
        "Reconciled Cost Of Revenue": 15158000000.0,
        "EBITDA": 4620000000.0,
        "EBIT": 3488000000.0,
        "Net Interest Income": -187000000.0,
        "Interest Expense": 215000000.0,
        "Interest Income": 40000000.0,
        "Normalized Income": 2770830430.797434,
        "Net Income From Continuing And Discontinued Operation": 2432000000.0,
        "Total Expenses": 16867000000.0,
        "Diluted Average Shares": 2029000000.0,
        "Basic Average Shares": 1971000000.0,
        "Diluted EPS": 1.19,
        "Basic EPS": 1.23,
        "Diluted NI Availto Com Stockholders": 2424000000.0,
        "Net Income Common Stockholders": 2424000000.0,
        "Preferred Stock Dividends": 8000000.0,
        "Net Income": 2432000000.0,
        "Net Income Including Noncontrolling Interests": 2432000000.0,
        "Net Income Continuous Operations": 2432000000.0,
        "Tax Provision": 841000000.0,
        "Pretax Income": 3273000000.0,
        "Other Income Expense": -420000000.0,
        "Other Non Operating Income Expenses": 38000000.0,
        "Special Income Charges": 19000000.0,
        "Gain On Sale Of Ppe": 62000000.0,
        "Restructuring And Mergern Acquisition": 43000000.0,
        "Earnings From Equity Interest": -2000000.0,
        "Gain On Sale Of Security": -475000000.0,
        "Net Non Operating Interest Income Expense": -187000000.0,
        "Total Other Finance Cost": 12000000.0,
        "Interest Expense Non Operating": 215000000.0,
        "Interest Income Non Operating": 40000000.0,
        "Operating Income": 3880000000.0,
        "Operating Expense": 1709000000.0,
        "Other Operating Expenses": 1491000000.0,
        "Selling General And Administration": 218000000.0,
        "General And Administrative Expense": 218000000.0,
        "Other Gand A": 61000000.0,
        "Salaries And Wages": 157000000.0,
        "Gross Profit": 5589000000.0,
        "Cost Of Revenue": 15158000000.0,
        "Total Revenue": 20747000000.0,
        "Operating Revenue": 20747000000.0
    },
    "2022-03-31": {
        "Diluted EPS": 0.63,
        "Total Revenue": NaN,
        "Gross Profit": NaN,
        "Operating Income": NaN,
        "EBIT": NaN,
        "Net Income": NaN
    },
    "2021-12-31": {
        "Diluted EPS": -0.17,
        "Total Revenue": NaN,
        "Gross Profit": NaN,
        "Operating Income": 94,
        "EBIT": NaN,
        "Net Income": -353
    },
    "2021-09-30": {
        "Diluted EPS": 0.21,
        "Total Revenue": NaN,
        "Gross Profit": NaN,
        "Operating Income": NaN,
        "EBIT": NaN,
        "Net Income": 438
    },
    "2021-06-30": {
        "Diluted EPS": 0.09,
        "Total Revenue": NaN,
        "Gross Profit": NaN,
        "Operating Income": 680,
        "EBIT": NaN,
        "Net Income": 182
    },
    "2021-03-31": {
        "Diluted EPS": 0.08,
        "Total Revenue": NaN,
        "Gross Profit": NaN,
        "Operating Income": 735,
        "EBIT": NaN,
        "Net Income": 174
    },
    "2020-12-31": {
        "Diluted EPS": -0.1,
        "Total Revenue": NaN,
        "Gross Profit": NaN,
        "Operating Income": -563,
        "EBIT": 60,
        "Net Income": -121
    },
    "2020-09-30": {
        "Diluted EPS": -0.12,
        "Total Revenue": NaN,
        "Gross Profit": NaN,
        "Operating Income": -194,
        "EBIT": 670,
        "Net Income": -146
    },
    "2020-06-30": {
        "Diluted EPS": -0.14,
        "Total Revenue": NaN,
        "Gross Profit": NaN,
        "Operating Income": -118,
        "EBIT": 277,
        "Net Income": -170
    },
    "2020-03-31": {
        "Diluted EPS": -1.09,
        "Total Revenue": NaN,
        "Gross Profit": NaN,
        "Operating Income": NaN,
        "EBIT": -477,
        "Net Income": NaN
    },
    "2019-12-31": {
        "Diluted EPS": 0.08,
        "Total Revenue": NaN,
        "Gross Profit": NaN,
        "Operating Income": 189,
        "EBIT": 620,
        "Net Income": 95
    },
    "2019-09-30": {
        "Diluted EPS": 0.11,
        "Total Revenue": NaN,
        "Gross Profit": NaN,
        "Operating Income": 270,
        "EBIT": 703,
        "Net Income": 142
    },
    "2019-06-30": {
        "Diluted EPS": 1.08,
        "Total Revenue": NaN,
        "Gross Profit": NaN,
        "Operating Income": 683,
        "EBIT": NaN,
        "Net Income": NaN
    },
    "2019-03-31": {
        "Diluted EPS": 0.07,
        "Total Revenue": NaN,
        "Gross Profit": NaN,
        "Operating Income": 407,
        "EBIT": 833,
        "Net Income": 83
    },
    "2018-12-31": {
        "Diluted EPS": -0.84,
        "Total Revenue": NaN,
        "Gross Profit": NaN,
        "Operating Income": NaN,
        "EBIT": NaN,
        "Net Income": NaN
    },
    "2018-09-30": {
        "Diluted EPS": -0.15,
        "Total Revenue": NaN,
        "Gross Profit": NaN,
        "Operating Income": 167,
        "EBIT": 568,
        "Net Income": -184
    },
    "2018-06-30": {
        "Diluted EPS": -0.26,
        "Total Revenue": NaN,
        "Gross Profit": NaN,
        "Operating Income": 109,
        "EBIT": 531,
        "Net Income": -324
    },
    "2018-03-31": {
        "Diluted EPS": -0.42,
        "Total Revenue": NaN,
        "Gross Profit": NaN,
        "Operating Income": -639,
        "EBIT": -137,
        "Net Income": -517
    },
    "2017-12-31": {
        "Diluted EPS": 0.45,
        "Total Revenue": NaN,
        "Gross Profit": NaN,
        "Operating Income": NaN,
        "EBIT": -572,
        "Net Income": 529
    },
    "2017-09-30": {
        "Diluted EPS": -0.05,
        "Total Revenue": NaN,
        "Gross Profit": NaN,
        "Operating Income": 235,
        "EBIT": 720,
        "Net Income": -55
    },
    "2017-06-30": {
        "Diluted EPS": 1.76,
        "Total Revenue": NaN,
        "Gross Profit": NaN,
        "Operating Income": 637,
        "EBIT": 972,
        "Net Income": NaN
    },
    "2017-03-31": {
        "Diluted EPS": 0.19,
        "Total Revenue": NaN,
        "Gross Profit": NaN,
        "Operating Income": 296,
        "EBIT": 570,
        "Net Income": 159
    },
    "2016-12-31": {
        "Diluted EPS": 0.09,
        "Total Revenue": NaN,
        "Gross Profit": NaN,
        "Operating Income": 213,
        "EBIT": 141,
        "Net Income": 74
    },
    "2016-09-30": {
        "Diluted EPS": -0.23,
        "Total Revenue": NaN,
        "Gross Profit": NaN,
        "Operating Income": -239,
        "EBIT": 259,
        "Net Income": -193
    },
    "2016-06-30": {
        "Diluted EPS": -0.25,
        "Total Revenue": NaN,
        "Gross Profit": NaN,
        "Operating Income": -181,
        "EBIT": 130,
        "Net Income": -207
    },
    "2016-03-31": {
        "Diluted EPS": -0.1,
        "Total Revenue": NaN,
        "Gross Profit": 642,
        "Operating Income": -162,
        "EBIT": 233,
        "Net Income": -86
    },
    "2015-12-31": {
        "Diluted EPS": -0.58,
        "Total Revenue": NaN,
        "Gross Profit": NaN,
        "Operating Income": 859,
        "EBIT": NaN,
        "Net Income": -480
    },
    "2015-09-30": {
        "Diluted EPS": 1.65,
        "Total Revenue": NaN,
        "Gross Profit": 291,
        "Operating Income": -136,
        "EBIT": 179,
        "Net Income": NaN
    },
    "2015-06-30": {
        "Diluted EPS": 0.12,
        "Total Revenue": NaN,
        "Gross Profit": 723,
        "Operating Income": 230,
        "EBIT": 626,
        "Net Income": 102
    },
    "2015-03-31": {
        "Diluted EPS": -0.71,
        "Total Revenue": NaN,
        "Gross Profit": 390,
        "Operating Income": -81,
        "EBIT": 323,
        "Net Income": -553
    },
    "2014-12-31": {
        "Diluted EPS": -0.49,
        "Total Revenue": NaN,
        "Gross Profit": -16,
        "Operating Income": -660,
        "EBIT": -197,
        "Net Income": -374
    },
    "2014-09-30": {
        "Diluted EPS": 0.42,
        "Total Revenue": NaN,
        "Gross Profit": 930,
        "Operating Income": 417,
        "EBIT": 856,
        "Net Income": 315
    },
    "2014-06-30": {
        "Diluted EPS": 0.75,
        "Total Revenue": NaN,
        "Gross Profit": NaN,
        "Operating Income": 751,
        "EBIT": NaN,
        "Net Income": 568
    },
    "2014-03-31": {
        "Diluted EPS": 0.3,
        "Total Revenue": NaN,
        "Gross Profit": NaN,
        "Operating Income": 588,
        "EBIT": NaN,
        "Net Income": 225
    },
    "2013-12-31": {
        "Diluted EPS": -0.07,
        "Total Revenue": NaN,
        "Gross Profit": 646,
        "Operating Income": 119,
        "EBIT": 586,
        "Net Income": -53
    },
    "2013-09-30": {
        "Diluted EPS": 0.47,
        "Total Revenue": NaN,
        "Gross Profit": NaN,
        "Operating Income": 622,
        "EBIT": NaN,
        "Net Income": 356
    },
    "2013-06-30": {
        "Diluted EPS": 0.23,
        "Total Revenue": NaN,
        "Gross Profit": NaN,
        "Operating Income": 394,
        "EBIT": 856,
        "Net Income": 174
    },
    "2013-03-31": {
        "Diluted EPS": 0.22,
        "Total Revenue": NaN,
        "Gross Profit": NaN,
        "Operating Income": 531,
        "EBIT": 983,
        "Net Income": 167
    },
    "2012-12-31": {
        "Diluted EPS": -0.16,
        "Total Revenue": NaN,
        "Gross Profit": 833,
        "Operating Income": 389,
        "EBIT": 794,
        "Net Income": -118
    },
    "2012-09-30": {
        "Diluted EPS": 0.38,
        "Total Revenue": NaN,
        "Gross Profit": NaN,
        "Operating Income": 736,
        "EBIT": NaN,
        "Net Income": 292
    },
    "2012-06-30": {
        "Diluted EPS": 0.51,
        "Total Revenue": NaN,
        "Gross Profit": 918,
        "Operating Income": 419,
        "EBIT": 791,
        "Net Income": 389
    },
    "2012-03-31": {
        "Diluted EPS": 0.57,
        "Total Revenue": NaN,
        "Gross Profit": NaN,
        "Operating Income": 621,
        "EBIT": NaN,
        "Net Income": 409
    },
    "2011-12-31": {
        "Diluted EPS": 0.35,
        "Total Revenue": NaN,
        "Gross Profit": NaN,
        "Operating Income": 605,
        "EBIT": 983,
        "Net Income": 266
    },
    "2011-09-30": {
        "Diluted EPS": 0.66,
        "Total Revenue": NaN,
        "Gross Profit": 747,
        "Operating Income": 383,
        "EBIT": 702,
        "Net Income": 503
    },
    "2011-06-30": {
        "Diluted EPS": 0.92,
        "Total Revenue": NaN,
        "Gross Profit": NaN,
        "Operating Income": 878,
        "EBIT": NaN,
        "Net Income": 693
    },
    "2011-03-31": {
        "Diluted EPS": 0.07,
        "Total Revenue": NaN,
        "Gross Profit": 954,
        "Operating Income": 529,
        "EBIT": 839,
        "Net Income": 49
    },
    "2010-12-31": {
        "Diluted EPS": 0.1,
        "Total Revenue": NaN,
        "Gross Profit": 624,
        "Operating Income": 121,
        "EBIT": 466,
        "Net Income": 74
    },
    "2010-09-30": {
        "Diluted EPS": 0.28,
        "Total Revenue": NaN,
        "Gross Profit": 695,
        "Operating Income": 345,
        "EBIT": 641,
        "Net Income": 215
    },
    "2010-06-30": {
        "Diluted EPS": 0.22,
        "Total Revenue": NaN,
        "Gross Profit": 767,
        "Operating Income": 393,
        "EBIT": 713,
        "Net Income": 166
    },
    "2010-03-31": {
        "Diluted EPS": 0.69,
        "Total Revenue": NaN,
        "Gross Profit": NaN,
        "Operating Income": 761,
        "EBIT": NaN,
        "Net Income": 518
    },
    "2009-12-31": {
        "Diluted EPS": 0.03,
        "Total Revenue": NaN,
        "Gross Profit": NaN,
        "Operating Income": NaN,
        "EBIT": NaN,
        "Net Income": 24
    },
    "2009-09-30": {
        "Diluted EPS": 0.08,
        "Total Revenue": NaN,
        "Gross Profit": NaN,
        "Operating Income": NaN,
        "EBIT": NaN,
        "Net Income": 63
    },
    "2009-06-30": {
        "Diluted EPS": 0.2,
        "Total Revenue": NaN,
        "Gross Profit": NaN,
        "Operating Income": NaN,
        "EBIT": NaN,
        "Net Income": 149
    },
    "2009-03-31": {
        "Diluted EPS": 0.55,
        "Total Revenue": NaN,
        "Gross Profit": NaN,
        "Operating Income": NaN,
        "EBIT": NaN,
        "Net Income": 412
    },
    "2023-09-30": {
        "Tax Effect Of Unusual Items": -65700618.556701,
        "Tax Rate For Calcs": 0.23134,
        "Normalized EBITDA": 4091000000.0,
        "Total Unusual Items": -284000000.0,
        "Total Unusual Items Excluding Goodwill": -284000000.0,
        "Net Income From Continuing Operation Net Minority Interest": 1864000000.0,
        "Reconciled Depreciation": 1197000000.0,
        "Reconciled Cost Of Revenue": 9983000000.0,
        "EBITDA": 3807000000.0,
        "EBIT": 2610000000.0,
        "Net Interest Income": -73000000.0,
        "Interest Expense": 185000000.0,
        "Interest Income": 117000000.0,
        "Normalized Income": 2082299381.443299,
        "Net Income From Continuing And Discontinued Operation": 1864000000.0,
        "Total Expenses": 11828000000.0,
        "Diluted Average Shares": 1905097000.0,
        "Basic Average Shares": 1891937000.0,
        "Diluted EPS": 0.97,
        "Basic EPS": 0.98,
        "Diluted NI Availto Com Stockholders": 1855000000.0,
        "Average Dilution Earnings": 0.0,
        "Net Income Common Stockholders": 1855000000.0,
        "Preferred Stock Dividends": 9000000.0,
        "Net Income": 1864000000.0,
        "Net Income Including Noncontrolling Interests": 1864000000.0,
        "Net Income Continuous Operations": 1864000000.0,
        "Tax Provision": 561000000.0,
        "Pretax Income": 2425000000.0,
        "Other Income Expense": -251000000.0,
        "Other Non Operating Income Expenses": 22000000.0,
        "Special Income Charges": -79000000.0,
        "Gain On Sale Of Ppe": 0.0,
        "Restructuring And Mergern Acquisition": 79000000.0,
        "Earnings From Equity Interest": 11000000.0,
        "Gain On Sale Of Security": -205000000.0,
        "Net Non Operating Interest Income Expense": -73000000.0,
        "Total Other Finance Cost": 5000000.0,
        "Interest Expense Non Operating": 185000000.0,
        "Interest Income Non Operating": 117000000.0,
        "Operating Income": 2749000000.0,
        "Operating Expense": 1845000000.0,
        "Other Operating Expenses": 1553000000.0,
        "Selling General And Administration": 292000000.0,
        "General And Administrative Expense": 292000000.0,
        "Other Gand A": 292000000.0,
        "Gross Profit": 4594000000.0,
        "Cost Of Revenue": 9983000000.0,
        "Total Revenue": 14577000000.0,
        "Operating Revenue": 14577000000.0
    },
    "2023-12-31": {
        "Tax Effect Of Unusual Items": 21819301.848049,
        "Tax Rate For Calcs": 0.237166,
        "Normalized EBITDA": 2296000000.0,
        "Total Unusual Items": 92000000.0,
        "Total Unusual Items Excluding Goodwill": 92000000.0,
        "Net Income From Continuing Operation Net Minority Interest": 743000000.0,
        "Reconciled Depreciation": 1250000000.0,
        "Reconciled Cost Of Revenue": 11392000000.0,
        "EBITDA": 2388000000.0,
        "EBIT": 1138000000.0,
        "Net Interest Income": -145000000.0,
        "Interest Expense": 164000000.0,
        "Interest Income": 33000000.0,
        "Normalized Income": 672819301.848049,
        "Net Income From Continuing And Discontinued Operation": 743000000.0,
        "Total Expenses": 13058000000.0,
        "Diluted Average Shares": 1891030000.0,
        "Basic Average Shares": 1879270000.0,
        "Diluted EPS": 0.39,
        "Basic EPS": 0.39,
        "Diluted NI Availto Com Stockholders": 734000000.0,
        "Average Dilution Earnings": NaN,
        "Net Income Common Stockholders": 734000000.0,
        "Preferred Stock Dividends": 9000000.0,
        "Net Income": 743000000.0,
        "Net Income Including Noncontrolling Interests": 743000000.0,
        "Net Income Continuous Operations": 743000000.0,
        "Tax Provision": 231000000.0,
        "Pretax Income": 974000000.0,
        "Other Income Expense": 141000000.0,
        "Other Non Operating Income Expenses": 21000000.0,
        "Special Income Charges": -10000000.0,
        "Gain On Sale Of Ppe": 3000000.0,
        "Restructuring And Mergern Acquisition": 13000000.0,
        "Earnings From Equity Interest": 28000000.0,
        "Gain On Sale Of Security": 102000000.0,
        "Net Non Operating Interest Income Expense": -145000000.0,
        "Total Other Finance Cost": 14000000.0,
        "Interest Expense Non Operating": 164000000.0,
        "Interest Income Non Operating": 33000000.0,
        "Operating Income": 978000000.0,
        "Operating Expense": 1666000000.0,
        "Other Operating Expenses": 1595000000.0,
        "Selling General And Administration": 71000000.0,
        "General And Administrative Expense": 71000000.0,
        "Other Gand A": -275000000.0,
        "Gross Profit": 2644000000.0,
        "Cost Of Revenue": 11392000000.0,
        "Total Revenue": 14036000000.0,
        "Operating Revenue": 14036000000.0
    },
    "2024-03-31": {
        "Tax Effect Of Unusual Items": -23328000.0,
        "Tax Rate For Calcs": 0.243,
        "Normalized EBITDA": 3009000000.0,
        "Total Unusual Items": -96000000.0,
        "Total Unusual Items Excluding Goodwill": -96000000.0,
        "Net Income From Continuing Operation Net Minority Interest": 1176000000.0,
        "Reconciled Depreciation": 1195000000.0,
        "Reconciled Cost Of Revenue": 10657000000.0,
        "EBITDA": 2913000000.0,
        "EBIT": 1718000000.0,
        "Net Interest Income": -135000000.0,
        "Interest Expense": 164000000.0,
        "Interest Income": 35000000.0,
        "Normalized Income": 1248672000.0,
        "Net Income From Continuing And Discontinued Operation": 1176000000.0,
        "Total Expenses": 12458000000.0,
        "Diluted Average Shares": 1878300000.0,
        "Basic Average Shares": 1867793000.0,
        "Diluted EPS": 0.62,
        "Basic EPS": 0.62,
        "Diluted NI Availto Com Stockholders": 1167000000.0,
        "Average Dilution Earnings": NaN,
        "Net Income Common Stockholders": 1167000000.0,
        "Preferred Stock Dividends": 9000000.0,
        "Net Income": 1176000000.0,
        "Net Income Including Noncontrolling Interests": 1176000000.0,
        "Net Income Continuous Operations": 1176000000.0,
        "Tax Provision": 378000000.0,
        "Pretax Income": 1554000000.0,
        "Other Income Expense": 3000000.0,
        "Other Non Operating Income Expenses": 90000000.0,
        "Special Income Charges": 44000000.0,
        "Gain On Sale Of Ppe": 105000000.0,
        "Restructuring And Mergern Acquisition": 61000000.0,
        "Earnings From Equity Interest": 9000000.0,
        "Gain On Sale Of Security": -140000000.0,
        "Net Non Operating Interest Income Expense": -135000000.0,
        "Total Other Finance Cost": 6000000.0,
        "Interest Expense Non Operating": 164000000.0,
        "Interest Income Non Operating": 35000000.0,
        "Operating Income": 1686000000.0,
        "Operating Expense": 1801000000.0,
        "Other Operating Expenses": 1555000000.0,
        "Selling General And Administration": 246000000.0,
        "General And Administrative Expense": 246000000.0,
        "Other Gand A": 246000000.0,
        "Gross Profit": 3487000000.0,
        "Cost Of Revenue": 10657000000.0,
        "Total Revenue": 14144000000.0,
        "Operating Revenue": 14144000000.0
    },
    "2024-06-30": {
        "Tax Effect Of Unusual Items": -27854851.031322,
        "Tax Rate For Calcs": 0.236058,
        "Normalized EBITDA": 2823000000.0,
        "Total Unusual Items": -118000000.0,
        "Total Unusual Items Excluding Goodwill": -118000000.0,
        "Net Income From Continuing Operation Net Minority Interest": 1000000000.0,
        "Reconciled Depreciation": 1233000000.0,
        "Reconciled Cost Of Revenue": 12141000000.0,
        "EBITDA": 2705000000.0,
        "EBIT": 1472000000.0,
        "Net Interest Income": -141000000.0,
        "Interest Expense": 163000000.0,
        "Interest Income": 37000000.0,
        "Normalized Income": 1090145148.968678,
        "Net Income From Continuing And Discontinued Operation": 1000000000.0,
        "Total Expenses": 14244000000.0,
        "Diluted Average Shares": 1870035000.0,
        "Basic Average Shares": 1859377000.0,
        "Diluted EPS": 0.53,
        "Basic EPS": 0.53,
        "Diluted NI Availto Com Stockholders": 991000000.0,
        "Average Dilution Earnings": NaN,
        "Net Income Common Stockholders": 991000000.0,
        "Preferred Stock Dividends": 9000000.0,
        "Net Income": 1000000000.0,
        "Net Income Including Noncontrolling Interests": 1000000000.0,
        "Net Income Continuous Operations": 1000000000.0,
        "Tax Provision": 309000000.0,
        "Pretax Income": 1309000000.0,
        "Other Income Expense": -50000000.0,
        "Other Non Operating Income Expenses": 40000000.0,
        "Special Income Charges": -42000000.0,
        "Gain On Sale Of Ppe": -1000000.0,
        "Restructuring And Mergern Acquisition": 41000000.0,
        "Earnings From Equity Interest": 28000000.0,
        "Gain On Sale Of Security": -76000000.0,
        "Net Non Operating Interest Income Expense": -141000000.0,
        "Total Other Finance Cost": 15000000.0,
        "Interest Expense Non Operating": 163000000.0,
        "Interest Income Non Operating": 37000000.0,
        "Operating Income": 1500000000.0,
        "Operating Expense": 2103000000.0,
        "Other Operating Expenses": 1928000000.0,
        "Selling General And Administration": 175000000.0,
        "General And Administrative Expense": 175000000.0,
        "Other Gand A": 175000000.0,
        "Gross Profit": 3603000000.0,
        "Cost Of Revenue": 12141000000.0,
        "Total Revenue": 15744000000.0,
        "Operating Revenue": 15744000000.0
    },
    "2024-09-30": {
        "Tax Effect Of Unusual Items": 13746093.75,
        "Tax Rate For Calcs": 0.199219,
        "Normalized EBITDA": 2333000000.0,
        "Total Unusual Items": 69000000.0,
        "Total Unusual Items Excluding Goodwill": 69000000.0,
        "Net Income From Continuing Operation Net Minority Interest": 820000000.0,
        "Reconciled Depreciation": 1218000000.0,
        "Reconciled Cost Of Revenue": 11307000000.0,
        "EBITDA": 2402000000.0,
        "EBIT": 1184000000.0,
        "Net Interest Income": -118000000.0,
        "Interest Expense": 160000000.0,
        "Interest Income": 51000000.0,
        "Normalized Income": 764746093.75,
        "Net Income From Continuing And Discontinued Operation": 820000000.0,
        "Total Expenses": 13215000000.0,
        "Diluted Average Shares": 1863312000.0,
        "Basic Average Shares": 1848035000.0,
        "Diluted EPS": 0.42,
        "Basic EPS": 0.44,
        "Diluted NI Availto Com Stockholders": 780000000.0,
        "Average Dilution Earnings": -31000000.0,
        "Net Income Common Stockholders": 811000000.0,
        "Preferred Stock Dividends": 9000000.0,
        "Net Income": 820000000.0,
        "Net Income Including Noncontrolling Interests": 820000000.0,
        "Net Income Continuous Operations": 820000000.0,
        "Tax Provision": 204000000.0,
        "Pretax Income": 1024000000.0,
        "Other Income Expense": 108000000.0,
        "Other Non Operating Income Expenses": 28000000.0,
        "Special Income Charges": -24000000.0,
        "Gain On Sale Of Ppe": 17000000.0,
        "Restructuring And Mergern Acquisition": 41000000.0,
        "Earnings From Equity Interest": 11000000.0,
        "Gain On Sale Of Security": 93000000.0,
        "Net Non Operating Interest Income Expense": -118000000.0,
        "Total Other Finance Cost": 9000000.0,
        "Interest Expense Non Operating": 160000000.0,
        "Interest Income Non Operating": 51000000.0,
        "Operating Income": 1034000000.0,
        "Operating Expense": 1908000000.0,
        "Other Operating Expenses": 1736000000.0,
        "Selling General And Administration": 172000000.0,
        "General And Administrative Expense": 172000000.0,
        "Other Gand A": 172000000.0,
        "Gross Profit": 2942000000.0,
        "Cost Of Revenue": 11307000000.0,
        "Total Revenue": 14249000000.0,
        "Operating Revenue": 14249000000.0
    }
}