{
    "2023-06-30": {
        "Tax Effect Of Unusual Items": 0.0,
        "Tax Rate For Calcs": 0.209,
        "Normalized EBITDA": 301000000.0,
        "Total Unusual Items": NaN,
        "Total Unusual Items Excluding Goodwill": NaN,
        "Net Income From Continuing Operation Net Minority Interest": 130000000.0,
        "Reconciled Depreciation": 73000000.0,
        "Reconciled Cost Of Revenue": 1980000000.0,
        "EBITDA": 301000000.0,
        "EBIT": 228000000.0,
        "Net Interest Income": -16000000.0,
        "Interest Expense": 16000000.0,
        "Normalized Income": 130000000.0,
        "Net Income From Continuing And Discontinued Operation": 130000000.0,
        "Total Expenses": 2012000000.0,
        "Total Operating Income As Reported": 224000000.0,
        "Diluted Average Shares": 100500000.0,
        "Basic Average Shares": 100500000.0,
        "Diluted EPS": 1.29,
        "Basic EPS": 1.29,
        "Diluted NI Availto Com Stockholders": 130000000.0,
        "Net Income Common Stockholders": 130000000.0,
        "Net Income": 130000000.0,
        "Minority Interests": -38000000.0,
        "Net Income Including Noncontrolling Interests": 168000000.0,
        "Net Income Continuous Operations": 168000000.0,
        "Tax Provision": 44000000.0,
        "Pretax Income": 212000000.0,
        "Other Income Expense": 4000000.0,
        "Other Non Operating Income Expenses": 4000000.0,
        "Special Income Charges": NaN,
        "Gain On Sale Of Ppe": NaN,
        "Net Non Operating Interest Income Expense": -16000000.0,
        "Interest Expense Non Operating": 16000000.0,
        "Operating Income": 224000000.0,
        "Operating Expense": 32000000.0,
        "Depreciation Amortization Depletion Income Statement": 1000000.0,
        "Depreciation And Amortization In Income Statement": 1000000.0,
        "Selling General And Administration": 32000000.0,
        "Gross Profit": 256000000.0,
        "Cost Of Revenue": 1980000000.0,
        "Total Revenue": 2236000000.0,
        "Operating Revenue": 2236000000.0
    },
    "2023-03-31": {
        "Tax Effect Of Unusual Items": 0.0,
        "Tax Rate For Calcs": 0.178,
        "Normalized EBITDA": 401000000.0,
        "Total Unusual Items": 0.0,
        "Total Unusual Items Excluding Goodwill": 0.0,
        "Net Income From Continuing Operation Net Minority Interest": 195000000.0,
        "Reconciled Depreciation": 68000000.0,
        "Reconciled Cost Of Revenue": 1917000000.0,
        "EBITDA": 401000000.0,
        "EBIT": 333000000.0,
        "Net Interest Income": -18000000.0,
        "Interest Expense": 18000000.0,
        "Normalized Income": 195000000.0,
        "Net Income From Continuing And Discontinued Operation": 195000000.0,
        "Total Expenses": 1956000000.0,
        "Total Operating Income As Reported": 330000000.0,
        "Diluted Average Shares": 100500000.0,
        "Basic Average Shares": 100500000.0,
        "Diluted EPS": 1.94,
        "Basic EPS": 1.94,
        "Diluted NI Availto Com Stockholders": 195000000.0,
        "Net Income Common Stockholders": 195000000.0,
        "Net Income": 195000000.0,
        "Minority Interests": -64000000.0,
        "Net Income Including Noncontrolling Interests": 259000000.0,
        "Net Income Continuous Operations": 259000000.0,
        "Tax Provision": 56000000.0,
        "Pretax Income": 315000000.0,
        "Other Income Expense": 3000000.0,
        "Other Non Operating Income Expenses": 3000000.0,
        "Special Income Charges": 0.0,
        "Gain On Sale Of Ppe": 0.0,
        "Net Non Operating Interest Income Expense": -18000000.0,
        "Interest Expense Non Operating": 18000000.0,
        "Operating Income": 330000000.0,
        "Operating Expense": 39000000.0,
        "Depreciation Amortization Depletion Income Statement": 2000000.0,
        "Depreciation And Amortization In Income Statement": 2000000.0,
        "Selling General And Administration": 39000000.0,
        "Gross Profit": 369000000.0,
        "Cost Of Revenue": 1917000000.0,
        "Total Revenue": 2286000000.0,
        "Operating Revenue": 2286000000.0
    },
    "2022-12-31": {
        "Tax Effect Of Unusual Items": NaN,
        "Tax Rate For Calcs": NaN,
        "Normalized EBITDA": NaN,
        "Total Unusual Items": -10000000.0,
        "Total Unusual Items Excluding Goodwill": -10000000.0,
        "Net Income From Continuing Operation Net Minority Interest": NaN,
        "Reconciled Depreciation": NaN,
        "Reconciled Cost Of Revenue": NaN,
        "EBITDA": NaN,
        "EBIT": NaN,
        "Net Interest Income": NaN,
        "Interest Expense": NaN,
        "Normalized Income": NaN,
        "Net Income From Continuing And Discontinued Operation": NaN,
        "Total Expenses": NaN,
        "Total Operating Income As Reported": NaN,
        "Diluted Average Shares": NaN,
        "Basic Average Shares": NaN,
        "Diluted EPS": NaN,
        "Basic EPS": NaN,
        "Diluted NI Availto Com Stockholders": NaN,
        "Net Income Common Stockholders": NaN,
        "Net Income": NaN,
        "Minority Interests": NaN,
        "Net Income Including Noncontrolling Interests": NaN,
        "Net Income Continuous Operations": NaN,
        "Tax Provision": NaN,
        "Pretax Income": NaN,
        "Other Income Expense": NaN,
        "Other Non Operating Income Expenses": NaN,
        "Special Income Charges": -10000000.0,
        "Gain On Sale Of Ppe": -10000000.0,
        "Net Non Operating Interest Income Expense": NaN,
        "Interest Expense Non Operating": NaN,
        "Operating Income": NaN,
        "Operating Expense": NaN,
        "Depreciation Amortization Depletion Income Statement": 2000000.0,
        "Depreciation And Amortization In Income Statement": 2000000.0,
        "Selling General And Administration": NaN,
        "Gross Profit": NaN,
        "Cost Of Revenue": NaN,
        "Total Revenue": NaN,
        "Operating Revenue": NaN
    },
    "2022-09-30": {
        "Tax Effect Of Unusual Items": NaN,
        "Tax Rate For Calcs": NaN,
        "Normalized EBITDA": NaN,
        "Total Unusual Items": NaN,
        "Total Unusual Items Excluding Goodwill": NaN,
        "Net Income From Continuing Operation Net Minority Interest": NaN,
        "Reconciled Depreciation": NaN,
        "Reconciled Cost Of Revenue": NaN,
        "EBITDA": NaN,
        "EBIT": NaN,
        "Net Interest Income": NaN,
        "Interest Expense": NaN,
        "Normalized Income": NaN,
        "Net Income From Continuing And Discontinued Operation": NaN,
        "Total Expenses": NaN,
        "Total Operating Income As Reported": NaN,
        "Diluted Average Shares": NaN,
        "Basic Average Shares": NaN,
        "Diluted EPS": NaN,
        "Basic EPS": NaN,
        "Diluted NI Availto Com Stockholders": NaN,
        "Net Income Common Stockholders": NaN,
        "Net Income": NaN,
        "Minority Interests": NaN,
        "Net Income Including Noncontrolling Interests": NaN,
        "Net Income Continuous Operations": NaN,
        "Tax Provision": NaN,
        "Pretax Income": NaN,
        "Other Income Expense": NaN,
        "Other Non Operating Income Expenses": NaN,
        "Special Income Charges": NaN,
        "Gain On Sale Of Ppe": NaN,
        "Net Non Operating Interest Income Expense": NaN,
        "Interest Expense Non Operating": NaN,
        "Operating Income": NaN,
        "Operating Expense": NaN,
        "Depreciation Amortization Depletion Income Statement": 1000000.0,
        "Depreciation And Amortization In Income Statement": 1000000.0,
        "Selling General And Administration": NaN,
        "Gross Profit": NaN,
        "Cost Of Revenue": NaN,
        "Total Revenue": NaN,
        "Operating Revenue": NaN
    },
    "2022-06-30": {
        "Tax Effect Of Unusual Items": 0.0,
        "Tax Rate For Calcs": 0.216393,
        "Normalized EBITDA": 330000000.0,
        "Total Unusual Items": 0.0,
        "Total Unusual Items Excluding Goodwill": 0.0,
        "Net Income From Continuing Operation Net Minority Interest": 165000000.0,
        "Reconciled Depreciation": 2000000.0,
        "Reconciled Cost Of Revenue": 2703000000.0,
        "EBITDA": 330000000.0,
        "EBIT": 328000000.0,
        "Net Interest Income": -23000000.0,
        "Interest Expense": 23000000.0,
        "Normalized Income": 165000000.0,
        "Net Income From Continuing And Discontinued Operation": 165000000.0,
        "Total Expenses": 2742000000.0,
        "Total Operating Income As Reported": 402000000.0,
        "Diluted Average Shares": 100500000.0,
        "Basic Average Shares": 100500000.0,
        "Diluted EPS": 1.64,
        "Basic EPS": 1.64,
        "Diluted NI Availto Com Stockholders": 165000000.0,
        "Net Income Common Stockholders": 165000000.0,
        "Net Income": 165000000.0,
        "Minority Interests": -74000000.0,
        "Net Income Including Noncontrolling Interests": 239000000.0,
        "Net Income Continuous Operations": 239000000.0,
        "Tax Provision": 66000000.0,
        "Pretax Income": 305000000.0,
        "Other Income Expense": -74000000.0,
        "Other Non Operating Income Expenses": -74000000.0,
        "Special Income Charges": 0.0,
        "Gain On Sale Of Ppe": 0.0,
        "Net Non Operating Interest Income Expense": -23000000.0,
        "Interest Expense Non Operating": 23000000.0,
        "Operating Income": 402000000.0,
        "Operating Expense": 39000000.0,
        "Depreciation Amortization Depletion Income Statement": 2000000.0,
        "Depreciation And Amortization In Income Statement": 2000000.0,
        "Selling General And Administration": 37000000.0,
        "Gross Profit": 441000000.0,
        "Cost Of Revenue": 2703000000.0,
        "Total Revenue": 3144000000.0,
        "Operating Revenue": 3144000000.0
    },
    "2022-03-31": {
        "Diluted EPS": 0.93,
        "Total Revenue": NaN,
        "Gross Profit": 261,
        "Operating Income": 220,
        "EBIT": 287,
        "Net Income": 94
    },
    "2021-12-31": {
        "Diluted EPS": -0.13,
        "Total Revenue": NaN,
        "Gross Profit": 275,
        "Operating Income": 41,
        "EBIT": 115,
        "Net Income": -14
    },
    "2021-09-30": {
        "Diluted EPS": 0.83,
        "Total Revenue": NaN,
        "Gross Profit": 271,
        "Operating Income": 175,
        "EBIT": 242,
        "Net Income": 84
    },
    "2021-06-30": {
        "Diluted EPS": -0.06,
        "Total Revenue": NaN,
        "Gross Profit": 38,
        "Operating Income": 6,
        "EBIT": 78,
        "Net Income": -6
    },
    "2021-03-31": {
        "Diluted EPS": -0.39,
        "Total Revenue": NaN,
        "Gross Profit": -105,
        "Operating Income": -135,
        "EBIT": -69,
        "Net Income": -39
    },
    "2020-12-31": {
        "Diluted EPS": -0.66,
        "Total Revenue": NaN,
        "Gross Profit": 28,
        "Operating Income": -126,
        "EBIT": -56,
        "Net Income": -68
    },
    "2020-09-30": {
        "Diluted EPS": -0.96,
        "Total Revenue": NaN,
        "Gross Profit": 41,
        "Operating Income": -46,
        "EBIT": 25,
        "Net Income": -96
    },
    "2020-06-30": {
        "Diluted EPS": -0.05,
        "Total Revenue": 675,
        "Gross Profit": 109,
        "Operating Income": -26,
        "EBIT": 89,
        "Net Income": -5
    },
    "2020-03-31": {
        "Diluted EPS": -0.87,
        "Total Revenue": NaN,
        "Gross Profit": -109,
        "Operating Income": -135,
        "EBIT": -13,
        "Net Income": -87
    },
    "2019-12-31": {
        "Diluted EPS": 0.44,
        "Total Revenue": NaN,
        "Gross Profit": 231,
        "Operating Income": 69,
        "EBIT": 139,
        "Net Income": 44
    },
    "2019-09-30": {
        "Diluted EPS": 1.18,
        "Total Revenue": NaN,
        "Gross Profit": 260,
        "Operating Income": 159,
        "EBIT": 231,
        "Net Income": 119
    },
    "2019-06-30": {
        "Diluted EPS": 1.16,
        "Total Revenue": NaN,
        "Gross Profit": 286,
        "Operating Income": 192,
        "EBIT": 270,
        "Net Income": 116
    },
    "2019-03-31": {
        "Diluted EPS": 1.0,
        "Total Revenue": NaN,
        "Gross Profit": 194,
        "Operating Income": 160,
        "EBIT": 227,
        "Net Income": 101
    },
    "2018-12-31": {
        "Diluted EPS": 0.76,
        "Total Revenue": NaN,
        "Gross Profit": 221,
        "Operating Income": 123,
        "EBIT": 193,
        "Net Income": 75
    },
    "2018-09-30": {
        "Diluted EPS": 0.85,
        "Total Revenue": NaN,
        "Gross Profit": 257,
        "Operating Income": 166,
        "EBIT": 233,
        "Net Income": 81
    },
    "2018-06-30": {
        "Diluted EPS": 0.5,
        "Total Revenue": NaN,
        "Gross Profit": 211,
        "Operating Income": 107,
        "EBIT": 177,
        "Net Income": 43
    },
    "2018-03-31": {
        "Diluted EPS": 0.69,
        "Total Revenue": NaN,
        "Gross Profit": 224,
        "Operating Income": 136,
        "EBIT": 203,
        "Net Income": 60
    },
    "2017-12-31": {
        "Diluted EPS": 1.6,
        "Total Revenue": NaN,
        "Gross Profit": 172,
        "Operating Income": -3,
        "EBIT": 96,
        "Net Income": 230
    },
    "2017-09-30": {
        "Diluted EPS": 0.26,
        "Total Revenue": NaN,
        "Gross Profit": 158,
        "Operating Income": 79,
        "EBIT": 133,
        "Net Income": 22
    },
    "2017-06-30": {
        "Diluted EPS": -0.12,
        "Total Revenue": NaN,
        "Gross Profit": 79,
        "Operating Income": 1,
        "EBIT": 54,
        "Net Income": -11
    },
    "2017-03-31": {
        "Diluted EPS": 0.26,
        "Total Revenue": NaN,
        "Gross Profit": 99,
        "Operating Income": 68,
        "EBIT": 120,
        "Net Income": 22
    },
    "2016-12-31": {
        "Diluted EPS": 0.08,
        "Total Revenue": NaN,
        "Gross Profit": 107,
        "Operating Income": -8,
        "EBIT": 41,
        "Net Income": 7
    },
    "2016-09-30": {
        "Diluted EPS": 0.06,
        "Total Revenue": NaN,
        "Gross Profit": 103,
        "Operating Income": 27,
        "EBIT": 78,
        "Net Income": 5
    },
    "2016-06-30": {
        "Diluted EPS": 0.33,
        "Total Revenue": NaN,
        "Gross Profit": 166,
        "Operating Income": 91,
        "EBIT": 143,
        "Net Income": 28
    },
    "2016-03-31": {
        "Diluted EPS": -0.19,
        "Total Revenue": 906,
        "Gross Profit": -11,
        "Operating Income": -40,
        "EBIT": 1,
        "Net Income": -16
    },
    "2015-12-31": {
        "Diluted EPS": -0.52,
        "Total Revenue": NaN,
        "Gross Profit": -430,
        "Operating Income": -111,
        "EBIT": -69,
        "Net Income": -45
    },
    "2015-09-30": {
        "Diluted EPS": 0.67,
        "Total Revenue": NaN,
        "Gross Profit": 332,
        "Operating Income": 122,
        "EBIT": 161,
        "Net Income": 58
    },
    "2015-06-30": {
        "Diluted EPS": 1.17,
        "Total Revenue": NaN,
        "Gross Profit": 432,
        "Operating Income": 274,
        "EBIT": 317,
        "Net Income": 102
    },
    "2015-03-31": {
        "Diluted EPS": 0.63,
        "Total Revenue": NaN,
        "Gross Profit": 315,
        "Operating Income": 137,
        "EBIT": 179,
        "Net Income": 55
    },
    "2014-12-31": {
        "Diluted EPS": -0.51,
        "Total Revenue": NaN,
        "Gross Profit": -555,
        "Operating Income": -91,
        "EBIT": -49,
        "Net Income": -44
    },
    "2014-09-30": {
        "Diluted EPS": 0.09,
        "Total Revenue": NaN,
        "Gross Profit": 213,
        "Operating Income": 7,
        "EBIT": 45,
        "Net Income": 8
    },
    "2014-06-30": {
        "Diluted EPS": 0.96,
        "Total Revenue": NaN,
        "Gross Profit": 351,
        "Operating Income": 165,
        "EBIT": 204,
        "Net Income": 84
    },
    "2014-03-31": {
        "Diluted EPS": 1.46,
        "Total Revenue": NaN,
        "Gross Profit": 371,
        "Operating Income": 184,
        "EBIT": 222,
        "Net Income": 127
    },
    "2013-12-31": {
        "Diluted EPS": -0.25,
        "Total Revenue": NaN,
        "Gross Profit": 216,
        "Operating Income": 40,
        "EBIT": 78,
        "Net Income": -22
    },
    "2013-09-30": {
        "Diluted EPS": 0.51,
        "Total Revenue": NaN,
        "Gross Profit": 233,
        "Operating Income": 40,
        "EBIT": 77,
        "Net Income": 44
    },
    "2013-06-30": {
        "Diluted EPS": 2.11,
        "Total Revenue": NaN,
        "Gross Profit": 435,
        "Operating Income": 263,
        "EBIT": 298,
        "Net Income": 183
    },
    "2013-03-31": {
        "Diluted EPS": 1.9,
        "Total Revenue": NaN,
        "Gross Profit": 539,
        "Operating Income": 368,
        "EBIT": 403,
        "Net Income": 165
    },
    "2012-12-31": {
        "Diluted EPS": 0.46,
        "Total Revenue": NaN,
        "Gross Profit": 396,
        "Operating Income": 125,
        "EBIT": 159,
        "Net Income": 40
    },
    "2012-09-30": {
        "Diluted EPS": 2.41,
        "Total Revenue": NaN,
        "Gross Profit": 707,
        "Operating Income": 534,
        "EBIT": 568,
        "Net Income": 209
    },
    "2012-06-30": {
        "Diluted EPS": 1.75,
        "Total Revenue": NaN,
        "Gross Profit": 434,
        "Operating Income": 236,
        "EBIT": 269,
        "Net Income": 155
    },
    "2012-03-31": {
        "Diluted EPS": -0.29,
        "Total Revenue": NaN,
        "Gross Profit": 333,
        "Operating Income": 141,
        "EBIT": 174,
        "Net Income": -25
    },
    "2011-12-31": {
        "Diluted EPS": 0.75,
        "Total Revenue": NaN,
        "Gross Profit": 205,
        "Operating Income": 27,
        "EBIT": 52,
        "Net Income": 66
    },
    "2011-09-30": {
        "Diluted EPS": 1.25,
        "Total Revenue": NaN,
        "Gross Profit": 326,
        "Operating Income": 212,
        "EBIT": 236,
        "Net Income": 109
    },
    "2011-06-30": {
        "Diluted EPS": 1.42,
        "Total Revenue": NaN,
        "Gross Profit": 324,
        "Operating Income": 218,
        "EBIT": 241,
        "Net Income": 125
    },
    "2011-03-31": {
        "Diluted EPS": 0.52,
        "Total Revenue": NaN,
        "Gross Profit": 230,
        "Operating Income": 110,
        "EBIT": 133,
        "Net Income": 46
    },
    "2010-12-31": {
        "Diluted EPS": 0.02,
        "Total Revenue": NaN,
        "Gross Profit": 164,
        "Operating Income": 35,
        "EBIT": 58,
        "Net Income": 2
    },
    "2010-09-30": {
        "Diluted EPS": 0.27,
        "Total Revenue": NaN,
        "Gross Profit": 141,
        "Operating Income": 50,
        "EBIT": 73,
        "Net Income": 23
    },
    "2010-06-30": {
        "Diluted EPS": 0.01,
        "Total Revenue": NaN,
        "Gross Profit": 114,
        "Operating Income": 19,
        "EBIT": 42,
        "Net Income": 1
    },
    "2010-03-31": {
        "Diluted EPS": -0.14,
        "Total Revenue": 895,
        "Gross Profit": 92,
        "Operating Income": -12,
        "EBIT": 10,
        "Net Income": -12
    },
    "2009-12-31": {
        "Diluted EPS": 0.11,
        "Total Revenue": 922,
        "Gross Profit": 96,
        "Operating Income": 20,
        "EBIT": 41,
        "Net Income": 9
    },
    "2009-09-30": {
        "Diluted EPS": -0.16,
        "Total Revenue": 812,
        "Gross Profit": 99,
        "Operating Income": -11,
        "EBIT": 11,
        "Net Income": -13
    },
    "2009-06-30": {
        "Diluted EPS": 0.49,
        "Total Revenue": 793,
        "Gross Profit": 206,
        "Operating Income": 108,
        "EBIT": 130,
        "Net Income": 43
    },
    "2009-03-31": {
        "Diluted EPS": 0.36,
        "Total Revenue": 609,
        "Gross Profit": 188,
        "Operating Income": 91,
        "EBIT": 112,
        "Net Income": 31
    },
    "2023-09-30": {
        "Tax Effect Of Unusual Items": -193000.0,
        "Tax Rate For Calcs": 0.193,
        "Normalized EBITDA": 530000000.0,
        "Total Unusual Items": -1000000.0,
        "Total Unusual Items Excluding Goodwill": -1000000.0,
        "Net Income From Continuing Operation Net Minority Interest": 353000000.0,
        "Reconciled Depreciation": 80000000.0,
        "Reconciled Cost Of Revenue": 2038000000.0,
        "EBITDA": 529000000.0,
        "EBIT": 449000000.0,
        "Net Interest Income": -11000000.0,
        "Interest Expense": 11000000.0,
        "Normalized Income": 353807000.0,
        "Net Income From Continuing And Discontinued Operation": 353000000.0,
        "Total Expenses": 2076000000.0,
        "Total Operating Income As Reported": 445000000.0,
        "Diluted Average Shares": 100500000.0,
        "Basic Average Shares": 100500000.0,
        "Diluted EPS": 3.51,
        "Basic EPS": 3.51,
        "Diluted NI Availto Com Stockholders": 353000000.0,
        "Net Income Common Stockholders": 353000000.0,
        "Net Income": 353000000.0,
        "Minority Interests": -1000000.0,
        "Net Income Including Noncontrolling Interests": 354000000.0,
        "Net Income Continuous Operations": 354000000.0,
        "Tax Provision": 84000000.0,
        "Pretax Income": 438000000.0,
        "Other Income Expense": 3000000.0,
        "Other Non Operating Income Expenses": 4000000.0,
        "Special Income Charges": -1000000.0,
        "Gain On Sale Of Ppe": -1000000.0,
        "Net Non Operating Interest Income Expense": -11000000.0,
        "Interest Expense Non Operating": 11000000.0,
        "Operating Income": 446000000.0,
        "Operating Expense": 38000000.0,
        "Depreciation Amortization Depletion Income Statement": 1000000.0,
        "Depreciation And Amortization In Income Statement": 1000000.0,
        "Selling General And Administration": 38000000.0,
        "Gross Profit": 484000000.0,
        "Cost Of Revenue": 2038000000.0,
        "Total Revenue": 2522000000.0,
        "Operating Revenue": 2522000000.0
    },
    "2023-12-31": {
        "Tax Effect Of Unusual Items": -184873.94958,
        "Tax Rate For Calcs": 0.184874,
        "Normalized EBITDA": 205000000.0,
        "Total Unusual Items": -1000000.0,
        "Total Unusual Items Excluding Goodwill": -1000000.0,
        "Net Income From Continuing Operation Net Minority Interest": 91000000.0,
        "Reconciled Depreciation": 77000000.0,
        "Reconciled Cost Of Revenue": 2046000000.0,
        "EBITDA": 204000000.0,
        "EBIT": 127000000.0,
        "Net Interest Income": -8000000.0,
        "Interest Expense": 8000000.0,
        "Normalized Income": 91815126.05042,
        "Net Income From Continuing And Discontinued Operation": 91000000.0,
        "Total Expenses": 2078000000.0,
        "Total Operating Income As Reported": 123000000.0,
        "Diluted Average Shares": 100500000.0,
        "Basic Average Shares": 100500000.0,
        "Diluted EPS": 0.91,
        "Basic EPS": 0.91,
        "Diluted NI Availto Com Stockholders": 91000000.0,
        "Net Income Common Stockholders": 91000000.0,
        "Net Income": 91000000.0,
        "Minority Interests": -6000000.0,
        "Net Income Including Noncontrolling Interests": 97000000.0,
        "Net Income Continuous Operations": 97000000.0,
        "Tax Provision": 22000000.0,
        "Pretax Income": 119000000.0,
        "Other Income Expense": 3000000.0,
        "Other Non Operating Income Expenses": 4000000.0,
        "Special Income Charges": -1000000.0,
        "Gain On Sale Of Ppe": -1000000.0,
        "Net Non Operating Interest Income Expense": -8000000.0,
        "Interest Expense Non Operating": 8000000.0,
        "Operating Income": 124000000.0,
        "Operating Expense": 32000000.0,
        "Depreciation Amortization Depletion Income Statement": NaN,
        "Depreciation And Amortization In Income Statement": NaN,
        "Selling General And Administration": 32000000.0,
        "Gross Profit": 156000000.0,
        "Cost Of Revenue": 2046000000.0,
        "Total Revenue": 2202000000.0,
        "Operating Revenue": 2202000000.0
    },
    "2024-03-31": {
        "Tax Effect Of Unusual Items": -159000.0,
        "Tax Rate For Calcs": 0.159,
        "Normalized EBITDA": 204000000.0,
        "Total Unusual Items": -1000000.0,
        "Total Unusual Items Excluding Goodwill": -1000000.0,
        "Net Income From Continuing Operation Net Minority Interest": 82000000.0,
        "Reconciled Depreciation": 76000000.0,
        "Reconciled Cost Of Revenue": 1703000000.0,
        "EBITDA": 203000000.0,
        "EBIT": 127000000.0,
        "Net Interest Income": -20000000.0,
        "Interest Expense": 20000000.0,
        "Normalized Income": 82841000.0,
        "Net Income From Continuing And Discontinued Operation": 82000000.0,
        "Total Expenses": 1739000000.0,
        "Total Operating Income As Reported": 123000000.0,
        "Diluted Average Shares": 100500000.0,
        "Basic Average Shares": 100500000.0,
        "Diluted EPS": 0.81,
        "Basic EPS": 0.81,
        "Diluted NI Availto Com Stockholders": 82000000.0,
        "Net Income Common Stockholders": 82000000.0,
        "Net Income": 82000000.0,
        "Minority Interests": -8000000.0,
        "Net Income Including Noncontrolling Interests": 90000000.0,
        "Net Income Continuous Operations": 90000000.0,
        "Tax Provision": 17000000.0,
        "Pretax Income": 107000000.0,
        "Other Income Expense": 3000000.0,
        "Other Non Operating Income Expenses": 4000000.0,
        "Special Income Charges": -1000000.0,
        "Gain On Sale Of Ppe": -1000000.0,
        "Net Non Operating Interest Income Expense": -20000000.0,
        "Interest Expense Non Operating": 20000000.0,
        "Operating Income": 124000000.0,
        "Operating Expense": 36000000.0,
        "Depreciation Amortization Depletion Income Statement": NaN,
        "Depreciation And Amortization In Income Statement": NaN,
        "Selling General And Administration": 36000000.0,
        "Gross Profit": 160000000.0,
        "Cost Of Revenue": 1703000000.0,
        "Total Revenue": 1863000000.0,
        "Operating Revenue": 1863000000.0
    }
}