{
    "2023-06-30": {
        "Tax Effect Of Unusual Items": 0.0,
        "Tax Rate For Calcs": 0.21,
        "Normalized EBITDA": -11136000.0,
        "Net Income From Continuing Operation Net Minority Interest": -11651000.0,
        "Reconciled Depreciation": 127000.0,
        "Reconciled Cost Of Revenue": 1517000.0,
        "EBITDA": -11136000.0,
        "EBIT": -11136000.0,
        "Net Interest Income": -481000.0,
        "Interest Expense": 481000.0,
        "Normalized Income": -11651000.0,
        "Net Income From Continuing And Discontinued Operation": -11651000.0,
        "Total Expenses": 21252000.0,
        "Total Operating Income As Reported": -11752000.0,
        "Diluted Average Shares": 20711850.0,
        "Basic Average Shares": 20711850.0,
        "Diluted EPS": -0.56,
        "Basic EPS": -0.56,
        "Diluted NI Availto Com Stockholders": -11651000.0,
        "Net Income Common Stockholders": -11651000.0,
        "Net Income": -11651000.0,
        "Net Income Including Noncontrolling Interests": -11651000.0,
        "Net Income Continuous Operations": -11651000.0,
        "Tax Provision": 34000.0,
        "Pretax Income": -11617000.0,
        "Other Income Expense": 616000.0,
        "Other Non Operating Income Expenses": 616000.0,
        "Net Non Operating Interest Income Expense": -481000.0,
        "Interest Expense Non Operating": 481000.0,
        "Operating Income": -11752000.0,
        "Operating Expense": 19735000.0,
        "Research And Development": 3280000.0,
        "Selling General And Administration": 16455000.0,
        "Gross Profit": 7983000.0,
        "Cost Of Revenue": 1517000.0,
        "Total Revenue": 9500000.0,
        "Operating Revenue": 9500000.0
    },
    "2023-03-31": {
        "Tax Effect Of Unusual Items": 0.0,
        "Tax Rate For Calcs": 0.21,
        "Normalized EBITDA": -11100000.0,
        "Net Income From Continuing Operation Net Minority Interest": -11374000.0,
        "Reconciled Depreciation": 129000.0,
        "Reconciled Cost Of Revenue": 1328000.0,
        "EBITDA": -11100000.0,
        "EBIT": -11100000.0,
        "Net Interest Income": -240000.0,
        "Interest Expense": 240000.0,
        "Normalized Income": -11374000.0,
        "Net Income From Continuing And Discontinued Operation": -11374000.0,
        "Total Expenses": 20141000.0,
        "Total Operating Income As Reported": -12162000.0,
        "Diluted Average Shares": 20693224.0,
        "Basic Average Shares": 20693224.0,
        "Diluted EPS": -0.55,
        "Basic EPS": -0.55,
        "Diluted NI Availto Com Stockholders": -11374000.0,
        "Net Income Common Stockholders": -11374000.0,
        "Net Income": -11374000.0,
        "Net Income Including Noncontrolling Interests": -11374000.0,
        "Net Income Continuous Operations": -11374000.0,
        "Tax Provision": 34000.0,
        "Pretax Income": -11340000.0,
        "Other Income Expense": 1062000.0,
        "Other Non Operating Income Expenses": 1062000.0,
        "Net Non Operating Interest Income Expense": -240000.0,
        "Interest Expense Non Operating": 240000.0,
        "Operating Income": -12162000.0,
        "Operating Expense": 18813000.0,
        "Research And Development": 3416000.0,
        "Selling General And Administration": 15397000.0,
        "Gross Profit": 6651000.0,
        "Cost Of Revenue": 1328000.0,
        "Total Revenue": 7979000.0,
        "Operating Revenue": 7979000.0
    },
    "2022-12-31": {
        "Tax Effect Of Unusual Items": 0.0,
        "Tax Rate For Calcs": 0.21,
        "Normalized EBITDA": -10343000.0,
        "Net Income From Continuing Operation Net Minority Interest": -10536000.0,
        "Reconciled Depreciation": 128000.0,
        "Reconciled Cost Of Revenue": 1509000.0,
        "EBITDA": -10343000.0,
        "EBIT": -10343000.0,
        "Net Interest Income": -165000.0,
        "Interest Expense": 165000.0,
        "Normalized Income": -10536000.0,
        "Net Income From Continuing And Discontinued Operation": -10536000.0,
        "Total Expenses": 18655000.0,
        "Total Operating Income As Reported": -11479000.0,
        "Diluted Average Shares": 20594590.0,
        "Basic Average Shares": 20594590.0,
        "Diluted EPS": -0.51,
        "Basic EPS": -0.51,
        "Diluted NI Availto Com Stockholders": -10536000.0,
        "Net Income Common Stockholders": -10536000.0,
        "Net Income": -10536000.0,
        "Net Income Including Noncontrolling Interests": -10536000.0,
        "Net Income Continuous Operations": -10536000.0,
        "Tax Provision": 28000.0,
        "Pretax Income": -10508000.0,
        "Other Income Expense": 1136000.0,
        "Other Non Operating Income Expenses": 1136000.0,
        "Net Non Operating Interest Income Expense": -165000.0,
        "Interest Expense Non Operating": 165000.0,
        "Operating Income": -11479000.0,
        "Operating Expense": 17146000.0,
        "Research And Development": 3046000.0,
        "Selling General And Administration": 14100000.0,
        "Gross Profit": 5667000.0,
        "Cost Of Revenue": 1509000.0,
        "Total Revenue": 7176000.0,
        "Operating Revenue": 7176000.0
    },
    "2022-09-30": {
        "Tax Effect Of Unusual Items": 0.0,
        "Tax Rate For Calcs": 0.21,
        "Normalized EBITDA": -9798000.0,
        "Net Income From Continuing Operation Net Minority Interest": -9830000.0,
        "Reconciled Depreciation": 127000.0,
        "Reconciled Cost Of Revenue": 1340000.0,
        "EBITDA": -9798000.0,
        "EBIT": -9798000.0,
        "Net Interest Income": 0.0,
        "Interest Expense": 0.0,
        "Normalized Income": -9830000.0,
        "Net Income From Continuing And Discontinued Operation": -9830000.0,
        "Total Expenses": 16312000.0,
        "Total Operating Income As Reported": -10126000.0,
        "Diluted Average Shares": 20576838.0,
        "Basic Average Shares": 20576838.0,
        "Diluted EPS": -0.48,
        "Basic EPS": -0.48,
        "Diluted NI Availto Com Stockholders": -9830000.0,
        "Net Income Common Stockholders": -9830000.0,
        "Net Income": -9830000.0,
        "Net Income Including Noncontrolling Interests": -9830000.0,
        "Net Income Continuous Operations": -9830000.0,
        "Tax Provision": 32000.0,
        "Pretax Income": -9798000.0,
        "Other Income Expense": 328000.0,
        "Other Non Operating Income Expenses": 328000.0,
        "Net Non Operating Interest Income Expense": 0.0,
        "Interest Expense Non Operating": 0.0,
        "Operating Income": -10126000.0,
        "Operating Expense": 14972000.0,
        "Research And Development": 2293000.0,
        "Selling General And Administration": 12679000.0,
        "Gross Profit": 4846000.0,
        "Cost Of Revenue": 1340000.0,
        "Total Revenue": 6186000.0,
        "Operating Revenue": 6186000.0
    },
    "2022-06-30": {
        "Tax Effect Of Unusual Items": 0.0,
        "Tax Rate For Calcs": 0.4,
        "Normalized EBITDA": -11048000.0,
        "Net Income From Continuing Operation Net Minority Interest": -11071000.0,
        "Reconciled Depreciation": 95000.0,
        "Reconciled Cost Of Revenue": 1201000.0,
        "EBITDA": -11048000.0,
        "EBIT": -11048000.0,
        "Net Interest Income": 0.0,
        "Interest Expense": 0.0,
        "Normalized Income": -11071000.0,
        "Net Income From Continuing And Discontinued Operation": -11071000.0,
        "Total Expenses": 16045000.0,
        "Total Operating Income As Reported": -11014000.0,
        "Diluted Average Shares": 20505228.0,
        "Basic Average Shares": 20505228.0,
        "Diluted EPS": -0.54,
        "Basic EPS": -0.54,
        "Diluted NI Availto Com Stockholders": -11071000.0,
        "Net Income Common Stockholders": -11071000.0,
        "Net Income": -11071000.0,
        "Net Income Including Noncontrolling Interests": -11071000.0,
        "Net Income Continuous Operations": -11071000.0,
        "Tax Provision": 23000.0,
        "Pretax Income": -11048000.0,
        "Other Income Expense": -34000.0,
        "Other Non Operating Income Expenses": -34000.0,
        "Net Non Operating Interest Income Expense": 0.0,
        "Interest Expense Non Operating": 0.0,
        "Operating Income": -11014000.0,
        "Operating Expense": 14844000.0,
        "Research And Development": 2355000.0,
        "Selling General And Administration": 12489000.0,
        "Gross Profit": 3830000.0,
        "Cost Of Revenue": 1201000.0,
        "Total Revenue": 5031000.0,
        "Operating Revenue": 5031000.0
    },
    "2022-03-31": {
        "Diluted EPS": -0.49,
        "Total Revenue": 4,
        "Gross Profit": 3,
        "Operating Income": -10,
        "EBIT": -10,
        "Net Income": -10
    },
    "2021-12-31": {
        "Diluted EPS": 68.54,
        "Total Revenue": 4,
        "Gross Profit": 3,
        "Operating Income": -9,
        "EBIT": -9,
        "Net Income": -11
    },
    "2021-09-30": {
        "Diluted EPS": -0.3,
        "Total Revenue": 3,
        "Gross Profit": 3,
        "Operating Income": -7,
        "EBIT": -7,
        "Net Income": -6
    },
    "2021-06-30": {
        "Diluted EPS": -48.48,
        "Total Revenue": 3,
        "Gross Profit": 2,
        "Operating Income": -6,
        "EBIT": -6,
        "Net Income": -18
    },
    "2021-03-31": {
        "Diluted EPS": -23.92,
        "Total Revenue": 3,
        "Gross Profit": 2,
        "Operating Income": -4,
        "EBIT": -4,
        "Net Income": -9
    },
    "2020-12-31": {
        "Diluted EPS": 0.0,
        "Total Revenue": NaN,
        "Gross Profit": NaN,
        "Operating Income": NaN,
        "EBIT": NaN,
        "Net Income": NaN
    },
    "2020-09-30": {
        "Diluted EPS": -9.56,
        "Total Revenue": 1,
        "Gross Profit": 1,
        "Operating Income": -3,
        "EBIT": -3,
        "Net Income": -3
    },
    "2020-06-30": {
        "Diluted EPS": -10.18,
        "Total Revenue": 1,
        "Gross Profit": 1,
        "Operating Income": -3,
        "EBIT": -3,
        "Net Income": -4
    },
    "2023-09-30": {
        "Tax Effect Of Unusual Items": 0.0,
        "Tax Rate For Calcs": 0.21,
        "Normalized EBITDA": -8472000.0,
        "Net Income From Continuing Operation Net Minority Interest": -9011000.0,
        "Reconciled Depreciation": NaN,
        "Reconciled Cost Of Revenue": 1691000.0,
        "EBITDA": -8472000.0,
        "EBIT": -8472000.0,
        "Net Interest Income": -499000.0,
        "Interest Expense": 499000.0,
        "Normalized Income": -9011000.0,
        "Net Income From Continuing And Discontinued Operation": -9011000.0,
        "Total Expenses": 20039000.0,
        "Total Operating Income As Reported": -9528000.0,
        "Diluted Average Shares": 20801350.0,
        "Basic Average Shares": 20801350.0,
        "Diluted EPS": -0.43,
        "Basic EPS": -0.43,
        "Diluted NI Availto Com Stockholders": -9011000.0,
        "Net Income Common Stockholders": -9011000.0,
        "Net Income": -9011000.0,
        "Net Income Including Noncontrolling Interests": -9011000.0,
        "Net Income Continuous Operations": -9011000.0,
        "Tax Provision": 40000.0,
        "Pretax Income": -8971000.0,
        "Other Income Expense": 1056000.0,
        "Other Non Operating Income Expenses": 1056000.0,
        "Net Non Operating Interest Income Expense": -499000.0,
        "Interest Expense Non Operating": 499000.0,
        "Operating Income": -9528000.0,
        "Operating Expense": 18348000.0,
        "Research And Development": 2696000.0,
        "Selling General And Administration": 15652000.0,
        "Gross Profit": 8820000.0,
        "Cost Of Revenue": 1691000.0,
        "Total Revenue": 10511000.0,
        "Operating Revenue": 10511000.0
    }
}