{
    "2023-03-31": {
        "Tax Effect Of Unusual Items": -89344000.0,
        "Tax Rate For Calcs": 0.256,
        "Normalized EBITDA": 4818000000.0,
        "Total Unusual Items": -349000000.0,
        "Total Unusual Items Excluding Goodwill": -349000000.0,
        "Net Income From Continuing Operation Net Minority Interest": 2136000000.0,
        "Reconciled Depreciation": 1001000000.0,
        "Reconciled Cost Of Revenue": 71903000000.0,
        "EBITDA": 4469000000.0,
        "EBIT": 3468000000.0,
        "Net Interest Income": -589000000.0,
        "Interest Expense": 589000000.0,
        "Normalized Income": 2395656000.0,
        "Net Income From Continuing And Discontinued Operation": 2136000000.0,
        "Total Expenses": 81483000000.0,
        "Total Operating Income As Reported": 3446000000.0,
        "Diluted Average Shares": 1291000000.0,
        "Basic Average Shares": 1283000000.0,
        "Diluted EPS": 1.65,
        "Basic EPS": 1.66,
        "Diluted NI Availto Com Stockholders": 2136000000.0,
        "Net Income Common Stockholders": 2136000000.0,
        "Net Income": 2136000000.0,
        "Minority Interests": -6000000.0,
        "Net Income Including Noncontrolling Interests": 2142000000.0,
        "Net Income Continuous Operations": 2142000000.0,
        "Tax Provision": 737000000.0,
        "Pretax Income": 2879000000.0,
        "Other Income Expense": -327000000.0,
        "Other Non Operating Income Expenses": 22000000.0,
        "Special Income Charges": -349000000.0,
        "Gain On Sale Of Ppe": -349000000.0,
        "Other Special Charges": NaN,
        "Impairment Of Capital Assets": NaN,
        "Restructuring And Mergern Acquisition": NaN,
        "Net Non Operating Interest Income Expense": -589000000.0,
        "Interest Expense Non Operating": 589000000.0,
        "Operating Income": 3795000000.0,
        "Operating Expense": 9580000000.0,
        "Other Operating Expenses": 9580000000.0,
        "Gross Profit": 13375000000.0,
        "Cost Of Revenue": 71903000000.0,
        "Total Revenue": 85278000000.0,
        "Operating Revenue": 85278000000.0
    },
    "2022-12-31": {
        "Tax Effect Of Unusual Items": NaN,
        "Tax Rate For Calcs": NaN,
        "Normalized EBITDA": NaN,
        "Total Unusual Items": NaN,
        "Total Unusual Items Excluding Goodwill": NaN,
        "Net Income From Continuing Operation Net Minority Interest": NaN,
        "Reconciled Depreciation": NaN,
        "Reconciled Cost Of Revenue": NaN,
        "EBITDA": NaN,
        "EBIT": NaN,
        "Net Interest Income": NaN,
        "Interest Expense": NaN,
        "Normalized Income": NaN,
        "Net Income From Continuing And Discontinued Operation": NaN,
        "Total Expenses": NaN,
        "Total Operating Income As Reported": NaN,
        "Diluted Average Shares": NaN,
        "Basic Average Shares": NaN,
        "Diluted EPS": NaN,
        "Basic EPS": NaN,
        "Diluted NI Availto Com Stockholders": NaN,
        "Net Income Common Stockholders": NaN,
        "Net Income": NaN,
        "Minority Interests": NaN,
        "Net Income Including Noncontrolling Interests": NaN,
        "Net Income Continuous Operations": NaN,
        "Tax Provision": NaN,
        "Pretax Income": NaN,
        "Other Income Expense": NaN,
        "Other Non Operating Income Expenses": NaN,
        "Special Income Charges": NaN,
        "Gain On Sale Of Ppe": NaN,
        "Other Special Charges": 99000000.0,
        "Impairment Of Capital Assets": 0.0,
        "Restructuring And Mergern Acquisition": NaN,
        "Net Non Operating Interest Income Expense": NaN,
        "Interest Expense Non Operating": NaN,
        "Operating Income": NaN,
        "Operating Expense": NaN,
        "Other Operating Expenses": NaN,
        "Gross Profit": NaN,
        "Cost Of Revenue": NaN,
        "Total Revenue": NaN,
        "Operating Revenue": NaN
    },
    "2022-09-30": {
        "Tax Effect Of Unusual Items": NaN,
        "Tax Rate For Calcs": NaN,
        "Normalized EBITDA": NaN,
        "Total Unusual Items": NaN,
        "Total Unusual Items Excluding Goodwill": NaN,
        "Net Income From Continuing Operation Net Minority Interest": NaN,
        "Reconciled Depreciation": NaN,
        "Reconciled Cost Of Revenue": NaN,
        "EBITDA": NaN,
        "EBIT": NaN,
        "Net Interest Income": NaN,
        "Interest Expense": NaN,
        "Normalized Income": NaN,
        "Net Income From Continuing And Discontinued Operation": NaN,
        "Total Expenses": NaN,
        "Total Operating Income As Reported": NaN,
        "Diluted Average Shares": NaN,
        "Basic Average Shares": NaN,
        "Diluted EPS": NaN,
        "Basic EPS": NaN,
        "Diluted NI Availto Com Stockholders": NaN,
        "Net Income Common Stockholders": NaN,
        "Net Income": NaN,
        "Minority Interests": NaN,
        "Net Income Including Noncontrolling Interests": NaN,
        "Net Income Continuous Operations": NaN,
        "Tax Provision": NaN,
        "Pretax Income": NaN,
        "Other Income Expense": NaN,
        "Other Non Operating Income Expenses": NaN,
        "Special Income Charges": NaN,
        "Gain On Sale Of Ppe": NaN,
        "Other Special Charges": 5220000000.0,
        "Impairment Of Capital Assets": 0.0,
        "Restructuring And Mergern Acquisition": 0.0,
        "Net Non Operating Interest Income Expense": NaN,
        "Interest Expense Non Operating": NaN,
        "Operating Income": NaN,
        "Operating Expense": NaN,
        "Other Operating Expenses": NaN,
        "Gross Profit": NaN,
        "Cost Of Revenue": NaN,
        "Total Revenue": NaN,
        "Operating Revenue": NaN
    },
    "2022-06-30": {
        "Tax Effect Of Unusual Items": 0.0,
        "Tax Rate For Calcs": 0.265,
        "Normalized EBITDA": 5699000000.0,
        "Total Unusual Items": NaN,
        "Total Unusual Items Excluding Goodwill": NaN,
        "Net Income From Continuing Operation Net Minority Interest": 2951000000.0,
        "Reconciled Depreciation": 1087000000.0,
        "Reconciled Cost Of Revenue": 66896000000.0,
        "EBITDA": 5699000000.0,
        "EBIT": 4612000000.0,
        "Net Interest Income": -583000000.0,
        "Interest Expense": 583000000.0,
        "Normalized Income": 2951000000.0,
        "Net Income From Continuing And Discontinued Operation": 2951000000.0,
        "Total Expenses": 76067000000.0,
        "Total Operating Income As Reported": 4569000000.0,
        "Diluted Average Shares": 1321000000.0,
        "Basic Average Shares": 1313000000.0,
        "Diluted EPS": 2.29,
        "Basic EPS": 2.31,
        "Diluted NI Availto Com Stockholders": 2951000000.0,
        "Net Income Common Stockholders": 2951000000.0,
        "Net Income": 2951000000.0,
        "Minority Interests": -10000000.0,
        "Net Income Including Noncontrolling Interests": 2961000000.0,
        "Net Income Continuous Operations": 2961000000.0,
        "Tax Provision": 1068000000.0,
        "Pretax Income": 4029000000.0,
        "Other Income Expense": 43000000.0,
        "Other Non Operating Income Expenses": 43000000.0,
        "Special Income Charges": NaN,
        "Gain On Sale Of Ppe": NaN,
        "Other Special Charges": NaN,
        "Impairment Of Capital Assets": NaN,
        "Restructuring And Mergern Acquisition": NaN,
        "Net Non Operating Interest Income Expense": -583000000.0,
        "Interest Expense Non Operating": 583000000.0,
        "Operating Income": 4569000000.0,
        "Operating Expense": 9171000000.0,
        "Other Operating Expenses": 9171000000.0,
        "Gross Profit": 13740000000.0,
        "Cost Of Revenue": 66896000000.0,
        "Total Revenue": 80636000000.0,
        "Operating Revenue": 80636000000.0
    },
    "2023-06-30": {
        "Tax Effect Of Unusual Items": -126480000.0,
        "Tax Rate For Calcs": 0.255,
        "Normalized EBITDA": 4856000000.0,
        "Total Unusual Items": -496000000.0,
        "Total Unusual Items Excluding Goodwill": -496000000.0,
        "Net Income From Continuing Operation Net Minority Interest": 1901000000.0,
        "Reconciled Depreciation": 1104000000.0,
        "Reconciled Cost Of Revenue": 75318000000.0,
        "EBITDA": 4360000000.0,
        "EBIT": 3256000000.0,
        "Net Interest Income": -686000000.0,
        "Interest Expense": 686000000.0,
        "Normalized Income": 2270520000.0,
        "Net Income From Continuing And Discontinued Operation": 1901000000.0,
        "Total Expenses": 85191000000.0,
        "Total Operating Income As Reported": 3234000000.0,
        "Diluted Average Shares": 1287000000.0,
        "Basic Average Shares": 1283000000.0,
        "Diluted EPS": 1.48,
        "Basic EPS": 1.48,
        "Diluted NI Availto Com Stockholders": 1901000000.0,
        "Net Income Common Stockholders": 1901000000.0,
        "Net Income": 1901000000.0,
        "Minority Interests": -13000000.0,
        "Net Income Including Noncontrolling Interests": 1914000000.0,
        "Net Income Continuous Operations": 1914000000.0,
        "Tax Provision": 656000000.0,
        "Pretax Income": 2570000000.0,
        "Other Income Expense": -474000000.0,
        "Other Non Operating Income Expenses": 22000000.0,
        "Special Income Charges": -496000000.0,
        "Gain On Sale Of Ppe": 0.0,
        "Other Special Charges": NaN,
        "Impairment Of Capital Assets": NaN,
        "Restructuring And Mergern Acquisition": 496000000.0,
        "Net Non Operating Interest Income Expense": -686000000.0,
        "Interest Expense Non Operating": 686000000.0,
        "Operating Income": 3730000000.0,
        "Operating Expense": 9873000000.0,
        "Other Operating Expenses": 9873000000.0,
        "Gross Profit": 13603000000.0,
        "Cost Of Revenue": 75318000000.0,
        "Total Revenue": 88921000000.0,
        "Operating Revenue": 88921000000.0
    },
    "2022-03-31": {
        "Diluted EPS": 1.77,
        "Total Revenue": NaN,
        "Gross Profit": NaN,
        "Operating Income": NaN,
        "EBIT": NaN,
        "Net Income": NaN
    },
    "2021-12-31": {
        "Diluted EPS": 0.97,
        "Total Revenue": NaN,
        "Gross Profit": NaN,
        "Operating Income": NaN,
        "EBIT": NaN,
        "Net Income": NaN
    },
    "2021-09-30": {
        "Diluted EPS": 1.2,
        "Total Revenue": NaN,
        "Gross Profit": NaN,
        "Operating Income": NaN,
        "EBIT": NaN,
        "Net Income": NaN
    },
    "2021-06-30": {
        "Diluted EPS": 2.1,
        "Total Revenue": NaN,
        "Gross Profit": NaN,
        "Operating Income": NaN,
        "EBIT": NaN,
        "Net Income": NaN
    },
    "2021-03-31": {
        "Diluted EPS": 1.68,
        "Total Revenue": NaN,
        "Gross Profit": NaN,
        "Operating Income": NaN,
        "EBIT": NaN,
        "Net Income": NaN
    },
    "2020-12-31": {
        "Diluted EPS": 0.74,
        "Total Revenue": NaN,
        "Gross Profit": NaN,
        "Operating Income": NaN,
        "EBIT": NaN,
        "Net Income": 973
    },
    "2020-09-30": {
        "Diluted EPS": 0.93,
        "Total Revenue": NaN,
        "Gross Profit": NaN,
        "Operating Income": NaN,
        "EBIT": NaN,
        "Net Income": NaN
    },
    "2020-06-30": {
        "Diluted EPS": 2.26,
        "Total Revenue": NaN,
        "Gross Profit": NaN,
        "Operating Income": NaN,
        "EBIT": NaN,
        "Net Income": NaN
    },
    "2020-03-31": {
        "Diluted EPS": 1.53,
        "Total Revenue": NaN,
        "Gross Profit": NaN,
        "Operating Income": NaN,
        "EBIT": NaN,
        "Net Income": NaN
    },
    "2019-12-31": {
        "Diluted EPS": 1.33,
        "Total Revenue": NaN,
        "Gross Profit": NaN,
        "Operating Income": NaN,
        "EBIT": NaN,
        "Net Income": NaN
    },
    "2019-09-30": {
        "Diluted EPS": 1.17,
        "Total Revenue": NaN,
        "Gross Profit": NaN,
        "Operating Income": NaN,
        "EBIT": NaN,
        "Net Income": NaN
    },
    "2019-06-30": {
        "Diluted EPS": 1.49,
        "Total Revenue": NaN,
        "Gross Profit": NaN,
        "Operating Income": NaN,
        "EBIT": NaN,
        "Net Income": NaN
    },
    "2019-03-31": {
        "Diluted EPS": 1.09,
        "Total Revenue": NaN,
        "Gross Profit": NaN,
        "Operating Income": NaN,
        "EBIT": NaN,
        "Net Income": NaN
    },
    "2018-12-31": {
        "Diluted EPS": -0.39,
        "Total Revenue": NaN,
        "Gross Profit": NaN,
        "Operating Income": 824,
        "EBIT": NaN,
        "Net Income": -419
    },
    "2018-09-30": {
        "Diluted EPS": 1.36,
        "Total Revenue": NaN,
        "Gross Profit": NaN,
        "Operating Income": NaN,
        "EBIT": NaN,
        "Net Income": NaN
    },
    "2018-06-30": {
        "Diluted EPS": -2.52,
        "Total Revenue": NaN,
        "Gross Profit": NaN,
        "Operating Income": NaN,
        "EBIT": NaN,
        "Net Income": NaN
    },
    "2018-03-31": {
        "Diluted EPS": 0.98,
        "Total Revenue": NaN,
        "Gross Profit": NaN,
        "Operating Income": NaN,
        "EBIT": NaN,
        "Net Income": 998
    },
    "2017-12-31": {
        "Diluted EPS": 3.19,
        "Total Revenue": NaN,
        "Gross Profit": NaN,
        "Operating Income": NaN,
        "EBIT": NaN,
        "Net Income": NaN
    },
    "2017-09-30": {
        "Diluted EPS": 1.26,
        "Total Revenue": NaN,
        "Gross Profit": NaN,
        "Operating Income": NaN,
        "EBIT": NaN,
        "Net Income": NaN
    },
    "2017-06-30": {
        "Diluted EPS": 1.07,
        "Total Revenue": NaN,
        "Gross Profit": NaN,
        "Operating Income": NaN,
        "EBIT": NaN,
        "Net Income": NaN
    },
    "2017-03-31": {
        "Diluted EPS": 0.92,
        "Total Revenue": NaN,
        "Gross Profit": NaN,
        "Operating Income": NaN,
        "EBIT": NaN,
        "Net Income": 952
    },
    "2016-12-31": {
        "Diluted EPS": 1.57,
        "Total Revenue": NaN,
        "Gross Profit": NaN,
        "Operating Income": NaN,
        "EBIT": NaN,
        "Net Income": NaN
    },
    "2016-09-30": {
        "Diluted EPS": 1.43,
        "Total Revenue": NaN,
        "Gross Profit": NaN,
        "Operating Income": NaN,
        "EBIT": NaN,
        "Net Income": NaN
    },
    "2016-06-30": {
        "Diluted EPS": 0.86,
        "Total Revenue": NaN,
        "Gross Profit": NaN,
        "Operating Income": NaN,
        "EBIT": NaN,
        "Net Income": 924
    },
    "2016-03-31": {
        "Diluted EPS": 1.04,
        "Total Revenue": NaN,
        "Gross Profit": NaN,
        "Operating Income": NaN,
        "EBIT": NaN,
        "Net Income": NaN
    },
    "2015-12-31": {
        "Diluted EPS": 1.33,
        "Total Revenue": NaN,
        "Gross Profit": NaN,
        "Operating Income": NaN,
        "EBIT": NaN,
        "Net Income": NaN
    },
    "2015-09-30": {
        "Diluted EPS": 1.11,
        "Total Revenue": NaN,
        "Gross Profit": NaN,
        "Operating Income": NaN,
        "EBIT": NaN,
        "Net Income": NaN
    },
    "2015-06-30": {
        "Diluted EPS": 1.12,
        "Total Revenue": NaN,
        "Gross Profit": NaN,
        "Operating Income": NaN,
        "EBIT": NaN,
        "Net Income": NaN
    },
    "2015-03-31": {
        "Diluted EPS": 1.07,
        "Total Revenue": NaN,
        "Gross Profit": NaN,
        "Operating Income": NaN,
        "EBIT": NaN,
        "Net Income": NaN
    },
    "2014-12-31": {
        "Diluted EPS": 1.14,
        "Total Revenue": NaN,
        "Gross Profit": NaN,
        "Operating Income": NaN,
        "EBIT": NaN,
        "Net Income": NaN
    },
    "2014-09-30": {
        "Diluted EPS": 0.81,
        "Total Revenue": NaN,
        "Gross Profit": NaN,
        "Operating Income": NaN,
        "EBIT": NaN,
        "Net Income": 948
    },
    "2014-06-30": {
        "Diluted EPS": 1.06,
        "Total Revenue": NaN,
        "Gross Profit": NaN,
        "Operating Income": NaN,
        "EBIT": NaN,
        "Net Income": NaN
    },
    "2014-03-31": {
        "Diluted EPS": 0.95,
        "Total Revenue": NaN,
        "Gross Profit": NaN,
        "Operating Income": NaN,
        "EBIT": NaN,
        "Net Income": NaN
    },
    "2013-12-31": {
        "Diluted EPS": 1.04,
        "Total Revenue": NaN,
        "Gross Profit": NaN,
        "Operating Income": NaN,
        "EBIT": NaN,
        "Net Income": NaN
    },
    "2013-09-30": {
        "Diluted EPS": 1.02,
        "Total Revenue": NaN,
        "Gross Profit": NaN,
        "Operating Income": NaN,
        "EBIT": NaN,
        "Net Income": NaN
    },
    "2013-06-30": {
        "Diluted EPS": 0.91,
        "Total Revenue": NaN,
        "Gross Profit": NaN,
        "Operating Income": NaN,
        "EBIT": NaN,
        "Net Income": NaN
    },
    "2013-03-31": {
        "Diluted EPS": 0.77,
        "Total Revenue": NaN,
        "Gross Profit": NaN,
        "Operating Income": NaN,
        "EBIT": NaN,
        "Net Income": 954
    },
    "2012-12-31": {
        "Diluted EPS": 0.89,
        "Total Revenue": NaN,
        "Gross Profit": NaN,
        "Operating Income": NaN,
        "EBIT": NaN,
        "Net Income": NaN
    },
    "2012-09-30": {
        "Diluted EPS": 0.79,
        "Total Revenue": NaN,
        "Gross Profit": NaN,
        "Operating Income": NaN,
        "EBIT": NaN,
        "Net Income": NaN
    },
    "2012-06-30": {
        "Diluted EPS": 0.75,
        "Total Revenue": NaN,
        "Gross Profit": NaN,
        "Operating Income": NaN,
        "EBIT": NaN,
        "Net Income": 966
    },
    "2012-03-31": {
        "Diluted EPS": 0.59,
        "Total Revenue": NaN,
        "Gross Profit": NaN,
        "Operating Income": NaN,
        "EBIT": NaN,
        "Net Income": 776
    },
    "2011-12-31": {
        "Diluted EPS": 0.8,
        "Total Revenue": NaN,
        "Gross Profit": NaN,
        "Operating Income": NaN,
        "EBIT": NaN,
        "Net Income": NaN
    },
    "2011-09-30": {
        "Diluted EPS": 0.65,
        "Total Revenue": NaN,
        "Gross Profit": NaN,
        "Operating Income": NaN,
        "EBIT": NaN,
        "Net Income": 868
    },
    "2011-06-30": {
        "Diluted EPS": 0.6,
        "Total Revenue": NaN,
        "Gross Profit": NaN,
        "Operating Income": NaN,
        "EBIT": NaN,
        "Net Income": 816
    },
    "2011-03-31": {
        "Diluted EPS": 0.52,
        "Total Revenue": NaN,
        "Gross Profit": NaN,
        "Operating Income": NaN,
        "EBIT": NaN,
        "Net Income": 713
    },
    "2010-12-31": {
        "Diluted EPS": 0.75,
        "Total Revenue": NaN,
        "Gross Profit": NaN,
        "Operating Income": NaN,
        "EBIT": NaN,
        "Net Income": NaN
    },
    "2010-09-30": {
        "Diluted EPS": 0.59,
        "Total Revenue": NaN,
        "Gross Profit": NaN,
        "Operating Income": NaN,
        "EBIT": NaN,
        "Net Income": 809
    },
    "2010-06-30": {
        "Diluted EPS": 0.6,
        "Total Revenue": NaN,
        "Gross Profit": NaN,
        "Operating Income": NaN,
        "EBIT": NaN,
        "Net Income": 821
    },
    "2010-03-31": {
        "Diluted EPS": 0.55,
        "Total Revenue": NaN,
        "Gross Profit": NaN,
        "Operating Income": NaN,
        "EBIT": NaN,
        "Net Income": 771
    },
    "2009-12-31": {
        "Diluted EPS": 0.74,
        "Total Revenue": NaN,
        "Gross Profit": NaN,
        "Operating Income": NaN,
        "EBIT": NaN,
        "Net Income": NaN
    },
    "2009-09-30": {
        "Diluted EPS": 0.71,
        "Total Revenue": NaN,
        "Gross Profit": NaN,
        "Operating Income": NaN,
        "EBIT": NaN,
        "Net Income": NaN
    },
    "2009-06-30": {
        "Diluted EPS": 0.6,
        "Total Revenue": NaN,
        "Gross Profit": NaN,
        "Operating Income": NaN,
        "EBIT": NaN,
        "Net Income": 886
    },
    "2009-03-31": {
        "Diluted EPS": 0.5,
        "Total Revenue": NaN,
        "Gross Profit": NaN,
        "Operating Income": NaN,
        "EBIT": NaN,
        "Net Income": 738
    },
    "2023-09-30": {
        "Tax Effect Of Unusual Items": -2750000.0,
        "Tax Rate For Calcs": 0.25,
        "Normalized EBITDA": 4850000000.0,
        "Total Unusual Items": -11000000.0,
        "Total Unusual Items Excluding Goodwill": -11000000.0,
        "Net Income From Continuing Operation Net Minority Interest": 2261000000.0,
        "Reconciled Depreciation": 1127000000.0,
        "Reconciled Cost Of Revenue": 76187000000.0,
        "EBITDA": 4839000000.0,
        "EBIT": 3712000000.0,
        "Net Interest Income": -693000000.0,
        "Interest Expense": 693000000.0,
        "Normalized Income": 2269250000.0,
        "Net Income From Continuing And Discontinued Operation": 2261000000.0,
        "Total Expenses": 86063000000.0,
        "Total Operating Income As Reported": 3690000000.0,
        "Diluted Average Shares": 1290000000.0,
        "Basic Average Shares": 1287000000.0,
        "Diluted EPS": 1.75,
        "Basic EPS": 1.76,
        "Diluted NI Availto Com Stockholders": 2261000000.0,
        "Net Income Common Stockholders": 2261000000.0,
        "Net Income": 2261000000.0,
        "Minority Interests": -4000000.0,
        "Net Income Including Noncontrolling Interests": 2265000000.0,
        "Net Income Continuous Operations": 2265000000.0,
        "Tax Provision": 754000000.0,
        "Pretax Income": 3019000000.0,
        "Other Income Expense": 11000000.0,
        "Other Non Operating Income Expenses": 22000000.0,
        "Special Income Charges": -11000000.0,
        "Gain On Sale Of Ppe": 0.0,
        "Other Special Charges": NaN,
        "Impairment Of Capital Assets": NaN,
        "Restructuring And Mergern Acquisition": 11000000.0,
        "Net Non Operating Interest Income Expense": -693000000.0,
        "Interest Expense Non Operating": 693000000.0,
        "Operating Income": 3701000000.0,
        "Operating Expense": 9876000000.0,
        "Other Operating Expenses": 9876000000.0,
        "Gross Profit": 13577000000.0,
        "Cost Of Revenue": 76187000000.0,
        "Total Revenue": 89764000000.0,
        "Operating Revenue": 89764000000.0
    },
    "2023-12-31": {
        "Tax Effect Of Unusual Items": 0.0,
        "Tax Rate For Calcs": 0.243253,
        "Normalized EBITDA": 4529000000.0,
        "Total Unusual Items": 0.0,
        "Total Unusual Items Excluding Goodwill": 0.0,
        "Net Income From Continuing Operation Net Minority Interest": 2046000000.0,
        "Reconciled Depreciation": 1134000000.0,
        "Reconciled Cost Of Revenue": 79937000000.0,
        "EBITDA": 4529000000.0,
        "EBIT": 3395000000.0,
        "Net Interest Income": -690000000.0,
        "Interest Expense": 690000000.0,
        "Normalized Income": 2046000000.0,
        "Net Income From Continuing And Discontinued Operation": 2046000000.0,
        "Total Expenses": 90440000000.0,
        "Total Operating Income As Reported": 3373000000.0,
        "Diluted Average Shares": 1293000000.0,
        "Basic Average Shares": 1288000000.0,
        "Diluted EPS": 1.58,
        "Basic EPS": 1.59,
        "Diluted NI Availto Com Stockholders": 2046000000.0,
        "Net Income Common Stockholders": 2046000000.0,
        "Net Income": 2046000000.0,
        "Minority Interests": -1000000.0,
        "Net Income Including Noncontrolling Interests": 2047000000.0,
        "Net Income Continuous Operations": 2047000000.0,
        "Tax Provision": 658000000.0,
        "Pretax Income": 2705000000.0,
        "Other Income Expense": 22000000.0,
        "Other Non Operating Income Expenses": 22000000.0,
        "Special Income Charges": 0.0,
        "Gain On Sale Of Ppe": 0.0,
        "Other Special Charges": NaN,
        "Impairment Of Capital Assets": NaN,
        "Restructuring And Mergern Acquisition": 0.0,
        "Net Non Operating Interest Income Expense": -690000000.0,
        "Interest Expense Non Operating": 690000000.0,
        "Operating Income": 3373000000.0,
        "Operating Expense": 10503000000.0,
        "Other Operating Expenses": 10503000000.0,
        "Gross Profit": 13876000000.0,
        "Cost Of Revenue": 79937000000.0,
        "Total Revenue": 93813000000.0,
        "Operating Revenue": 93813000000.0
    },
    "2024-03-31": {
        "Tax Effect Of Unusual Items": 0.0,
        "Tax Rate For Calcs": 0.289,
        "Normalized EBITDA": 3434000000.0,
        "Total Unusual Items": 0.0,
        "Total Unusual Items Excluding Goodwill": 0.0,
        "Net Income From Continuing Operation Net Minority Interest": 1113000000.0,
        "Reconciled Depreciation": 1138000000.0,
        "Reconciled Cost Of Revenue": 75876000000.0,
        "EBITDA": 3434000000.0,
        "EBIT": 2296000000.0,
        "Net Interest Income": -716000000.0,
        "Interest Expense": 716000000.0,
        "Normalized Income": 1113000000.0,
        "Net Income From Continuing And Discontinued Operation": 1113000000.0,
        "Total Expenses": 86166000000.0,
        "Total Operating Income As Reported": 2271000000.0,
        "Diluted Average Shares": 1267000000.0,
        "Basic Average Shares": 1260000000.0,
        "Diluted EPS": 0.88,
        "Basic EPS": 0.88,
        "Diluted NI Availto Com Stockholders": 1113000000.0,
        "Net Income Common Stockholders": 1113000000.0,
        "Net Income": 1113000000.0,
        "Minority Interests": -11000000.0,
        "Net Income Including Noncontrolling Interests": 1124000000.0,
        "Net Income Continuous Operations": 1124000000.0,
        "Tax Provision": 456000000.0,
        "Pretax Income": 1580000000.0,
        "Other Income Expense": 25000000.0,
        "Other Non Operating Income Expenses": 25000000.0,
        "Special Income Charges": 0.0,
        "Gain On Sale Of Ppe": 0.0,
        "Other Special Charges": NaN,
        "Impairment Of Capital Assets": NaN,
        "Restructuring And Mergern Acquisition": NaN,
        "Net Non Operating Interest Income Expense": -716000000.0,
        "Interest Expense Non Operating": 716000000.0,
        "Operating Income": 2271000000.0,
        "Operating Expense": 10290000000.0,
        "Other Operating Expenses": 10290000000.0,
        "Gross Profit": 12561000000.0,
        "Cost Of Revenue": 75876000000.0,
        "Total Revenue": 88437000000.0,
        "Operating Revenue": 88437000000.0
    },
    "2024-06-30": {
        "Tax Effect Of Unusual Items": 0.0,
        "Tax Rate For Calcs": 0.243,
        "Normalized EBITDA": 4220000000.0,
        "Total Unusual Items": 0.0,
        "Total Unusual Items Excluding Goodwill": 0.0,
        "Net Income From Continuing Operation Net Minority Interest": 1770000000.0,
        "Reconciled Depreciation": 1151000000.0,
        "Reconciled Cost Of Revenue": 77851000000.0,
        "EBITDA": 4220000000.0,
        "EBIT": 3069000000.0,
        "Net Interest Income": -732000000.0,
        "Interest Expense": 732000000.0,
        "Normalized Income": 1770000000.0,
        "Net Income From Continuing And Discontinued Operation": 1770000000.0,
        "Total Expenses": 88189000000.0,
        "Total Operating Income As Reported": 3045000000.0,
        "Diluted Average Shares": 1259000000.0,
        "Basic Average Shares": 1256000000.0,
        "Diluted EPS": 1.41,
        "Basic EPS": 1.41,
        "Diluted NI Availto Com Stockholders": 1770000000.0,
        "Net Income Common Stockholders": 1770000000.0,
        "Net Income": 1770000000.0,
        "Minority Interests": 2000000.0,
        "Net Income Including Noncontrolling Interests": 1768000000.0,
        "Net Income Continuous Operations": 1768000000.0,
        "Tax Provision": 569000000.0,
        "Pretax Income": 2337000000.0,
        "Other Income Expense": 24000000.0,
        "Other Non Operating Income Expenses": 24000000.0,
        "Special Income Charges": 0.0,
        "Gain On Sale Of Ppe": 0.0,
        "Other Special Charges": NaN,
        "Impairment Of Capital Assets": NaN,
        "Restructuring And Mergern Acquisition": 0.0,
        "Net Non Operating Interest Income Expense": -732000000.0,
        "Interest Expense Non Operating": 732000000.0,
        "Operating Income": 3045000000.0,
        "Operating Expense": 10338000000.0,
        "Other Operating Expenses": 10338000000.0,
        "Gross Profit": 13383000000.0,
        "Cost Of Revenue": 77851000000.0,
        "Total Revenue": 91234000000.0,
        "Operating Revenue": 91234000000.0
    }
}