{
    "2023-03-31": {
        "Tax Effect Of Unusual Items": NaN,
        "Tax Rate For Calcs": NaN,
        "Normalized EBITDA": NaN,
        "Total Unusual Items": NaN,
        "Total Unusual Items Excluding Goodwill": NaN,
        "Net Income From Continuing Operation Net Minority Interest": NaN,
        "Reconciled Depreciation": NaN,
        "Reconciled Cost Of Revenue": NaN,
        "EBITDA": NaN,
        "EBIT": NaN,
        "Net Interest Income": NaN,
        "Interest Expense": NaN,
        "Interest Income": NaN,
        "Normalized Income": NaN,
        "Net Income From Continuing And Discontinued Operation": NaN,
        "Total Expenses": NaN,
        "Total Operating Income As Reported": NaN,
        "Diluted Average Shares": NaN,
        "Basic Average Shares": NaN,
        "Diluted EPS": NaN,
        "Basic EPS": NaN,
        "Diluted NI Availto Com Stockholders": NaN,
        "Net Income Common Stockholders": NaN,
        "Net Income": NaN,
        "Net Income Including Noncontrolling Interests": NaN,
        "Net Income Continuous Operations": NaN,
        "Tax Provision": NaN,
        "Pretax Income": NaN,
        "Other Income Expense": NaN,
        "Other Non Operating Income Expenses": 8000.0,
        "Special Income Charges": NaN,
        "Gain On Sale Of Ppe": NaN,
        "Gain On Sale Of Business": NaN,
        "Write Off": NaN,
        "Impairment Of Capital Assets": NaN,
        "Gain On Sale Of Security": 27000.0,
        "Net Non Operating Interest Income Expense": NaN,
        "Interest Expense Non Operating": NaN,
        "Interest Income Non Operating": NaN,
        "Operating Income": NaN,
        "Operating Expense": NaN,
        "Research And Development": NaN,
        "Selling General And Administration": NaN,
        "Selling And Marketing Expense": NaN,
        "General And Administrative Expense": NaN,
        "Other Gand A": NaN,
        "Gross Profit": NaN,
        "Cost Of Revenue": NaN,
        "Total Revenue": NaN,
        "Operating Revenue": NaN
    },
    "2022-12-31": {
        "Tax Effect Of Unusual Items": NaN,
        "Tax Rate For Calcs": NaN,
        "Normalized EBITDA": NaN,
        "Total Unusual Items": NaN,
        "Total Unusual Items Excluding Goodwill": NaN,
        "Net Income From Continuing Operation Net Minority Interest": NaN,
        "Reconciled Depreciation": NaN,
        "Reconciled Cost Of Revenue": NaN,
        "EBITDA": NaN,
        "EBIT": NaN,
        "Net Interest Income": NaN,
        "Interest Expense": NaN,
        "Interest Income": NaN,
        "Normalized Income": NaN,
        "Net Income From Continuing And Discontinued Operation": NaN,
        "Total Expenses": NaN,
        "Total Operating Income As Reported": NaN,
        "Diluted Average Shares": NaN,
        "Basic Average Shares": NaN,
        "Diluted EPS": NaN,
        "Basic EPS": NaN,
        "Diluted NI Availto Com Stockholders": NaN,
        "Net Income Common Stockholders": NaN,
        "Net Income": NaN,
        "Net Income Including Noncontrolling Interests": NaN,
        "Net Income Continuous Operations": NaN,
        "Tax Provision": NaN,
        "Pretax Income": NaN,
        "Other Income Expense": NaN,
        "Other Non Operating Income Expenses": NaN,
        "Special Income Charges": 0.0,
        "Gain On Sale Of Ppe": 0.0,
        "Gain On Sale Of Business": NaN,
        "Write Off": NaN,
        "Impairment Of Capital Assets": NaN,
        "Gain On Sale Of Security": 155000.0,
        "Net Non Operating Interest Income Expense": NaN,
        "Interest Expense Non Operating": NaN,
        "Interest Income Non Operating": NaN,
        "Operating Income": NaN,
        "Operating Expense": NaN,
        "Research And Development": NaN,
        "Selling General And Administration": NaN,
        "Selling And Marketing Expense": NaN,
        "General And Administrative Expense": NaN,
        "Other Gand A": NaN,
        "Gross Profit": NaN,
        "Cost Of Revenue": NaN,
        "Total Revenue": NaN,
        "Operating Revenue": NaN
    },
    "2022-09-30": {
        "Tax Effect Of Unusual Items": NaN,
        "Tax Rate For Calcs": NaN,
        "Normalized EBITDA": NaN,
        "Total Unusual Items": NaN,
        "Total Unusual Items Excluding Goodwill": NaN,
        "Net Income From Continuing Operation Net Minority Interest": NaN,
        "Reconciled Depreciation": NaN,
        "Reconciled Cost Of Revenue": NaN,
        "EBITDA": NaN,
        "EBIT": NaN,
        "Net Interest Income": NaN,
        "Interest Expense": NaN,
        "Interest Income": NaN,
        "Normalized Income": NaN,
        "Net Income From Continuing And Discontinued Operation": NaN,
        "Total Expenses": NaN,
        "Total Operating Income As Reported": NaN,
        "Diluted Average Shares": NaN,
        "Basic Average Shares": NaN,
        "Diluted EPS": NaN,
        "Basic EPS": NaN,
        "Diluted NI Availto Com Stockholders": NaN,
        "Net Income Common Stockholders": NaN,
        "Net Income": NaN,
        "Net Income Including Noncontrolling Interests": NaN,
        "Net Income Continuous Operations": NaN,
        "Tax Provision": NaN,
        "Pretax Income": NaN,
        "Other Income Expense": NaN,
        "Other Non Operating Income Expenses": NaN,
        "Special Income Charges": 0.0,
        "Gain On Sale Of Ppe": 0.0,
        "Gain On Sale Of Business": 0.0,
        "Write Off": NaN,
        "Impairment Of Capital Assets": 0.0,
        "Gain On Sale Of Security": -107000.0,
        "Net Non Operating Interest Income Expense": NaN,
        "Interest Expense Non Operating": NaN,
        "Interest Income Non Operating": NaN,
        "Operating Income": NaN,
        "Operating Expense": NaN,
        "Research And Development": NaN,
        "Selling General And Administration": NaN,
        "Selling And Marketing Expense": NaN,
        "General And Administrative Expense": NaN,
        "Other Gand A": NaN,
        "Gross Profit": NaN,
        "Cost Of Revenue": NaN,
        "Total Revenue": NaN,
        "Operating Revenue": NaN
    },
    "2022-06-30": {
        "Tax Effect Of Unusual Items": 0.0,
        "Tax Rate For Calcs": 0.4,
        "Normalized EBITDA": -687221.0,
        "Total Unusual Items": 0.0,
        "Total Unusual Items Excluding Goodwill": 0.0,
        "Net Income From Continuing Operation Net Minority Interest": -839402.0,
        "Reconciled Depreciation": 151356.0,
        "Reconciled Cost Of Revenue": 4367472.0,
        "EBITDA": -687221.0,
        "EBIT": -838577.0,
        "Net Interest Income": 12647.0,
        "Interest Expense": 0.0,
        "Interest Income": 12647.0,
        "Normalized Income": -839402.0,
        "Net Income From Continuing And Discontinued Operation": -839402.0,
        "Total Expenses": 6665433.0,
        "Total Operating Income As Reported": -856845.0,
        "Diluted Average Shares": 6728938.0,
        "Basic Average Shares": 6728938.0,
        "Diluted EPS": -0.12,
        "Basic EPS": -0.12,
        "Diluted NI Availto Com Stockholders": -839402.0,
        "Net Income Common Stockholders": -839402.0,
        "Net Income": -839402.0,
        "Net Income Including Noncontrolling Interests": -839402.0,
        "Net Income Continuous Operations": -839402.0,
        "Tax Provision": 825.0,
        "Pretax Income": -838577.0,
        "Other Income Expense": 5621.0,
        "Other Non Operating Income Expenses": 5621.0,
        "Special Income Charges": 0.0,
        "Gain On Sale Of Ppe": NaN,
        "Gain On Sale Of Business": NaN,
        "Write Off": NaN,
        "Gain On Sale Of Security": NaN,
        "Net Non Operating Interest Income Expense": 12647.0,
        "Interest Expense Non Operating": 0.0,
        "Interest Income Non Operating": 12647.0,
        "Operating Income": -856845.0,
        "Operating Expense": 2297961.0,
        "Research And Development": 569194.0,
        "Selling General And Administration": 1728767.0,
        "Selling And Marketing Expense": 332261.0,
        "General And Administrative Expense": 1396506.0,
        "Other Gand A": 1396506.0,
        "Gross Profit": 1441116.0,
        "Cost Of Revenue": 4367472.0,
        "Total Revenue": 5808588.0,
        "Operating Revenue": 5808588.0
    },
    "2022-03-31": {
        "Diluted EPS": -0.15,
        "Total Revenue": 5,
        "Gross Profit": 1,
        "Operating Income": -1,
        "EBIT": -1,
        "Net Income": -1
    },
    "2021-12-31": {
        "Diluted EPS": -0.17,
        "Total Revenue": 5,
        "Gross Profit": 1,
        "Operating Income": -1,
        "EBIT": -1,
        "Net Income": -1
    },
    "2021-09-30": {
        "Diluted EPS": 0.89,
        "Total Revenue": 4,
        "Gross Profit": 1,
        "Operating Income": -1,
        "EBIT": -1,
        "Net Income": 6
    },
    "2021-06-30": {
        "Diluted EPS": 0.22,
        "Total Revenue": 4,
        "Gross Profit": 1,
        "Operating Income": -1,
        "EBIT": -1,
        "Net Income": 1
    },
    "2021-03-31": {
        "Diluted EPS": -0.23,
        "Total Revenue": 3,
        "Gross Profit": 0,
        "Operating Income": -2,
        "EBIT": -1,
        "Net Income": -2
    },
    "2020-12-31": {
        "Diluted EPS": -0.8,
        "Total Revenue": 3,
        "Gross Profit": 0,
        "Operating Income": -5,
        "EBIT": -5,
        "Net Income": -5
    },
    "2020-09-30": {
        "Diluted EPS": -0.19,
        "Total Revenue": 4,
        "Gross Profit": 0,
        "Operating Income": -1,
        "EBIT": -1,
        "Net Income": -1
    },
    "2020-06-30": {
        "Diluted EPS": -0.17,
        "Total Revenue": 4,
        "Gross Profit": 1,
        "Operating Income": -1,
        "EBIT": -1,
        "Net Income": -1
    },
    "2020-03-31": {
        "Diluted EPS": 0.25,
        "Total Revenue": 6,
        "Gross Profit": 2,
        "Operating Income": 0,
        "EBIT": 0,
        "Net Income": 2
    },
    "2019-12-31": {
        "Diluted EPS": -0.4,
        "Total Revenue": 6,
        "Gross Profit": 1,
        "Operating Income": -1,
        "EBIT": 0,
        "Net Income": -3
    },
    "2019-09-30": {
        "Diluted EPS": -0.02,
        "Total Revenue": 6,
        "Gross Profit": 1,
        "Operating Income": 0,
        "EBIT": 0,
        "Net Income": 0
    },
    "2019-06-30": {
        "Diluted EPS": -0.21,
        "Total Revenue": 5,
        "Gross Profit": 0,
        "Operating Income": -2,
        "EBIT": -1,
        "Net Income": -1
    },
    "2019-03-31": {
        "Diluted EPS": -0.33,
        "Total Revenue": 3,
        "Gross Profit": 0,
        "Operating Income": -3,
        "EBIT": -2,
        "Net Income": -2
    },
    "2018-12-31": {
        "Diluted EPS": -0.29,
        "Total Revenue": 5,
        "Gross Profit": 0,
        "Operating Income": -2,
        "EBIT": -2,
        "Net Income": -2
    },
    "2018-09-30": {
        "Diluted EPS": -0.39,
        "Total Revenue": 4,
        "Gross Profit": 0,
        "Operating Income": -3,
        "EBIT": -3,
        "Net Income": -3
    },
    "2018-06-30": {
        "Diluted EPS": -0.21,
        "Total Revenue": 6,
        "Gross Profit": 1,
        "Operating Income": -1,
        "EBIT": -1,
        "Net Income": -1
    },
    "2018-03-31": {
        "Diluted EPS": 0.09,
        "Total Revenue": 9,
        "Gross Profit": 4,
        "Operating Income": 1,
        "EBIT": 1,
        "Net Income": 1
    },
    "2017-12-31": {
        "Diluted EPS": 0.24,
        "Total Revenue": 10,
        "Gross Profit": 4,
        "Operating Income": 2,
        "EBIT": 2,
        "Net Income": 2
    },
    "2017-09-30": {
        "Diluted EPS": 0.22,
        "Total Revenue": 11,
        "Gross Profit": 5,
        "Operating Income": 2,
        "EBIT": 2,
        "Net Income": 1
    },
    "2017-06-30": {
        "Diluted EPS": 0.2,
        "Total Revenue": 11,
        "Gross Profit": 4,
        "Operating Income": 2,
        "EBIT": 2,
        "Net Income": 1
    },
    "2017-03-31": {
        "Diluted EPS": 0.16,
        "Total Revenue": 10,
        "Gross Profit": 4,
        "Operating Income": 2,
        "EBIT": 2,
        "Net Income": 1
    },
    "2016-12-31": {
        "Diluted EPS": 0.12,
        "Total Revenue": 7,
        "Gross Profit": 3,
        "Operating Income": 1,
        "EBIT": 1,
        "Net Income": 1
    },
    "2016-09-30": {
        "Diluted EPS": -0.01,
        "Total Revenue": 5,
        "Gross Profit": 2,
        "Operating Income": 0,
        "EBIT": 0,
        "Net Income": 0
    },
    "2016-06-30": {
        "Diluted EPS": -0.08,
        "Total Revenue": 4,
        "Gross Profit": 0,
        "Operating Income": -1,
        "EBIT": -1,
        "Net Income": 0
    },
    "2016-03-31": {
        "Diluted EPS": -0.05,
        "Total Revenue": 5,
        "Gross Profit": 2,
        "Operating Income": -1,
        "EBIT": 0,
        "Net Income": 0
    },
    "2015-12-31": {
        "Diluted EPS": 0.06,
        "Total Revenue": 8,
        "Gross Profit": 3,
        "Operating Income": 1,
        "EBIT": 1,
        "Net Income": 0
    },
    "2015-09-30": {
        "Diluted EPS": 0.13,
        "Total Revenue": 11,
        "Gross Profit": 4,
        "Operating Income": 1,
        "EBIT": 1,
        "Net Income": 1
    },
    "2015-06-30": {
        "Diluted EPS": 0.21,
        "Total Revenue": 10,
        "Gross Profit": 4,
        "Operating Income": 2,
        "EBIT": 2,
        "Net Income": 1
    },
    "2015-03-31": {
        "Diluted EPS": 0.11,
        "Total Revenue": 10,
        "Gross Profit": 4,
        "Operating Income": 1,
        "EBIT": 1,
        "Net Income": 1
    },
    "2014-12-31": {
        "Diluted EPS": -0.53,
        "Total Revenue": 9,
        "Gross Profit": 4,
        "Operating Income": -5,
        "EBIT": -5,
        "Net Income": -3
    },
    "2014-09-30": {
        "Diluted EPS": 0.14,
        "Total Revenue": 9,
        "Gross Profit": 3,
        "Operating Income": 1,
        "EBIT": 1,
        "Net Income": 1
    },
    "2014-06-30": {
        "Diluted EPS": 0.03,
        "Total Revenue": 6,
        "Gross Profit": 2,
        "Operating Income": 0,
        "EBIT": 0,
        "Net Income": 0
    },
    "2014-03-31": {
        "Diluted EPS": -0.04,
        "Total Revenue": 4,
        "Gross Profit": 2,
        "Operating Income": 0,
        "EBIT": 0,
        "Net Income": 0
    },
    "2013-12-31": {
        "Diluted EPS": -0.09,
        "Total Revenue": 5,
        "Gross Profit": 2,
        "Operating Income": -1,
        "EBIT": -1,
        "Net Income": -1
    },
    "2013-09-30": {
        "Diluted EPS": -0.07,
        "Total Revenue": 5,
        "Gross Profit": 2,
        "Operating Income": -1,
        "EBIT": 0,
        "Net Income": 0
    },
    "2013-06-30": {
        "Diluted EPS": 0.14,
        "Total Revenue": 5,
        "Gross Profit": 2,
        "Operating Income": 1,
        "EBIT": 1,
        "Net Income": 1
    },
    "2013-03-31": {
        "Diluted EPS": -0.07,
        "Total Revenue": 3,
        "Gross Profit": 1,
        "Operating Income": -1,
        "EBIT": -1,
        "Net Income": 0
    },
    "2012-12-31": {
        "Diluted EPS": -0.13,
        "Total Revenue": 3,
        "Gross Profit": 1,
        "Operating Income": -1,
        "EBIT": -1,
        "Net Income": -1
    },
    "2012-09-30": {
        "Diluted EPS": 0.03,
        "Total Revenue": 5,
        "Gross Profit": 2,
        "Operating Income": 0,
        "EBIT": 0,
        "Net Income": 0
    },
    "2012-06-30": {
        "Diluted EPS": 0.05,
        "Total Revenue": 7,
        "Gross Profit": 3,
        "Operating Income": 1,
        "EBIT": 1,
        "Net Income": 0
    },
    "2012-03-31": {
        "Diluted EPS": 0.12,
        "Total Revenue": 7,
        "Gross Profit": 3,
        "Operating Income": 1,
        "EBIT": 1,
        "Net Income": 1
    },
    "2011-12-31": {
        "Diluted EPS": 0.19,
        "Total Revenue": 8,
        "Gross Profit": 3,
        "Operating Income": 1,
        "EBIT": 1,
        "Net Income": 1
    },
    "2011-09-30": {
        "Diluted EPS": 0.2,
        "Total Revenue": 9,
        "Gross Profit": 3,
        "Operating Income": 1,
        "EBIT": 2,
        "Net Income": 1
    },
    "2011-06-30": {
        "Diluted EPS": 0.14,
        "Total Revenue": 8,
        "Gross Profit": 3,
        "Operating Income": 1,
        "EBIT": 1,
        "Net Income": 1
    },
    "2011-03-31": {
        "Diluted EPS": 0.14,
        "Total Revenue": 6,
        "Gross Profit": 2,
        "Operating Income": 1,
        "EBIT": 1,
        "Net Income": 1
    },
    "2010-12-31": {
        "Diluted EPS": 0.08,
        "Total Revenue": 5,
        "Gross Profit": 2,
        "Operating Income": 1,
        "EBIT": 1,
        "Net Income": 0
    },
    "2010-09-30": {
        "Diluted EPS": 0.03,
        "Total Revenue": 4,
        "Gross Profit": 1,
        "Operating Income": 0,
        "EBIT": 0,
        "Net Income": 0
    },
    "2010-06-30": {
        "Diluted EPS": 0.02,
        "Total Revenue": 3,
        "Gross Profit": 1,
        "Operating Income": 0,
        "EBIT": 0,
        "Net Income": 0
    },
    "2010-03-31": {
        "Diluted EPS": -0.02,
        "Total Revenue": 4,
        "Gross Profit": 1,
        "Operating Income": 0,
        "EBIT": 0,
        "Net Income": 0
    },
    "2009-12-31": {
        "Diluted EPS": 0.04,
        "Total Revenue": 0,
        "Gross Profit": 1,
        "Operating Income": 0,
        "EBIT": 0,
        "Net Income": 0
    },
    "2009-09-30": {
        "Diluted EPS": 0.02,
        "Total Revenue": 4,
        "Gross Profit": 1,
        "Operating Income": 0,
        "EBIT": 0,
        "Net Income": 0
    },
    "2009-06-30": {
        "Diluted EPS": 0.0,
        "Total Revenue": 3,
        "Gross Profit": 1,
        "Operating Income": 0,
        "EBIT": 0,
        "Net Income": 0
    },
    "2009-03-31": {
        "Diluted EPS": -0.02,
        "Total Revenue": 4,
        "Gross Profit": 1,
        "Operating Income": 0,
        "EBIT": 0,
        "Net Income": 0
    },
    "2023-06-30": {
        "Tax Effect Of Unusual Items": NaN,
        "Tax Rate For Calcs": NaN,
        "Normalized EBITDA": NaN,
        "Total Unusual Items": -258000.0,
        "Total Unusual Items Excluding Goodwill": -258000.0,
        "Net Income From Continuing Operation Net Minority Interest": NaN,
        "Reconciled Depreciation": NaN,
        "Reconciled Cost Of Revenue": NaN,
        "EBITDA": NaN,
        "EBIT": NaN,
        "Net Interest Income": NaN,
        "Interest Expense": NaN,
        "Interest Income": NaN,
        "Normalized Income": NaN,
        "Net Income From Continuing And Discontinued Operation": NaN,
        "Total Expenses": NaN,
        "Total Operating Income As Reported": NaN,
        "Diluted Average Shares": 6778754.0,
        "Basic Average Shares": 6778754.0,
        "Diluted EPS": -0.16,
        "Basic EPS": -0.16,
        "Diluted NI Availto Com Stockholders": NaN,
        "Net Income Common Stockholders": NaN,
        "Net Income": NaN,
        "Net Income Including Noncontrolling Interests": NaN,
        "Net Income Continuous Operations": NaN,
        "Tax Provision": NaN,
        "Pretax Income": NaN,
        "Other Income Expense": -245000.0,
        "Other Non Operating Income Expenses": 13000.0,
        "Special Income Charges": -273000.0,
        "Gain On Sale Of Ppe": NaN,
        "Gain On Sale Of Business": -162000.0,
        "Write Off": 111000.0,
        "Impairment Of Capital Assets": 111000.0,
        "Gain On Sale Of Security": 15000.0,
        "Net Non Operating Interest Income Expense": NaN,
        "Interest Expense Non Operating": NaN,
        "Interest Income Non Operating": NaN,
        "Operating Income": NaN,
        "Operating Expense": NaN,
        "Research And Development": NaN,
        "Selling General And Administration": NaN,
        "Selling And Marketing Expense": NaN,
        "General And Administrative Expense": NaN,
        "Other Gand A": NaN,
        "Gross Profit": NaN,
        "Cost Of Revenue": NaN,
        "Total Revenue": NaN,
        "Operating Revenue": NaN
    },
    "2023-09-30": {
        "Tax Effect Of Unusual Items": 0.0,
        "Tax Rate For Calcs": 0.0,
        "Normalized EBITDA": -594000.0,
        "Total Unusual Items": 0.0,
        "Total Unusual Items Excluding Goodwill": 0.0,
        "Net Income From Continuing Operation Net Minority Interest": -753000.0,
        "Reconciled Depreciation": 153000.0,
        "Reconciled Cost Of Revenue": 4636000.0,
        "EBITDA": -594000.0,
        "EBIT": -747000.0,
        "Net Interest Income": 167000.0,
        "Interest Expense": 6000.0,
        "Interest Income": 173000.0,
        "Normalized Income": -753000.0,
        "Net Income From Continuing And Discontinued Operation": -753000.0,
        "Total Expenses": 7224000.0,
        "Total Operating Income As Reported": -990000.0,
        "Diluted Average Shares": 6789487.0,
        "Basic Average Shares": 6789487.0,
        "Diluted EPS": -0.11,
        "Basic EPS": -0.11,
        "Diluted NI Availto Com Stockholders": -753000.0,
        "Net Income Common Stockholders": -753000.0,
        "Net Income": -753000.0,
        "Net Income Including Noncontrolling Interests": -753000.0,
        "Net Income Continuous Operations": -753000.0,
        "Tax Provision": 0.0,
        "Pretax Income": -753000.0,
        "Other Income Expense": 70000.0,
        "Other Non Operating Income Expenses": 70000.0,
        "Special Income Charges": 0.0,
        "Gain On Sale Of Ppe": 0.0,
        "Gain On Sale Of Business": 0.0,
        "Write Off": NaN,
        "Impairment Of Capital Assets": 0.0,
        "Gain On Sale Of Security": NaN,
        "Net Non Operating Interest Income Expense": 167000.0,
        "Interest Expense Non Operating": 6000.0,
        "Interest Income Non Operating": 173000.0,
        "Operating Income": -990000.0,
        "Operating Expense": 2588000.0,
        "Research And Development": 704000.0,
        "Selling General And Administration": 1884000.0,
        "Selling And Marketing Expense": 434000.0,
        "General And Administrative Expense": 1450000.0,
        "Other Gand A": 1450000.0,
        "Gross Profit": 1598000.0,
        "Cost Of Revenue": 4636000.0,
        "Total Revenue": 6234000.0,
        "Operating Revenue": 6234000.0
    },
    "2023-12-31": {
        "Tax Effect Of Unusual Items": 0.0,
        "Tax Rate For Calcs": 0.010874,
        "Normalized EBITDA": -2047000.0,
        "Total Unusual Items": 0.0,
        "Total Unusual Items Excluding Goodwill": 0.0,
        "Net Income From Continuing Operation Net Minority Interest": -2274000.0,
        "Reconciled Depreciation": 247000.0,
        "Reconciled Cost Of Revenue": 4459000.0,
        "EBITDA": -2047000.0,
        "EBIT": -2294000.0,
        "Net Interest Income": 172000.0,
        "Interest Expense": 5000.0,
        "Interest Income": 177000.0,
        "Normalized Income": -2274000.0,
        "Net Income From Continuing And Discontinued Operation": -2274000.0,
        "Total Expenses": 6582000.0,
        "Total Operating Income As Reported": -2471000.0,
        "Diluted Average Shares": NaN,
        "Basic Average Shares": NaN,
        "Diluted EPS": NaN,
        "Basic EPS": NaN,
        "Diluted NI Availto Com Stockholders": -2274000.0,
        "Net Income Common Stockholders": -2274000.0,
        "Net Income": -2274000.0,
        "Net Income Including Noncontrolling Interests": -2274000.0,
        "Net Income Continuous Operations": -2274000.0,
        "Tax Provision": -25000.0,
        "Pretax Income": -2299000.0,
        "Other Income Expense": 0.0,
        "Other Non Operating Income Expenses": 0.0,
        "Special Income Charges": 0.0,
        "Gain On Sale Of Ppe": NaN,
        "Gain On Sale Of Business": 0.0,
        "Write Off": NaN,
        "Impairment Of Capital Assets": 0.0,
        "Gain On Sale Of Security": 0.0,
        "Net Non Operating Interest Income Expense": 172000.0,
        "Interest Expense Non Operating": 5000.0,
        "Interest Income Non Operating": 177000.0,
        "Operating Income": -2471000.0,
        "Operating Expense": 2123000.0,
        "Research And Development": 731000.0,
        "Selling General And Administration": 1392000.0,
        "Selling And Marketing Expense": 351000.0,
        "General And Administrative Expense": 1041000.0,
        "Other Gand A": 1041000.0,
        "Gross Profit": -348000.0,
        "Cost Of Revenue": 4459000.0,
        "Total Revenue": 4111000.0,
        "Operating Revenue": 4111000.0
    },
    "2024-03-31": {
        "Tax Effect Of Unusual Items": 0.0,
        "Tax Rate For Calcs": 0.0,
        "Normalized EBITDA": -1313000.0,
        "Total Unusual Items": NaN,
        "Total Unusual Items Excluding Goodwill": NaN,
        "Net Income From Continuing Operation Net Minority Interest": -1472000.0,
        "Reconciled Depreciation": 153000.0,
        "Reconciled Cost Of Revenue": 4063000.0,
        "EBITDA": -1313000.0,
        "EBIT": -1466000.0,
        "Net Interest Income": 151000.0,
        "Interest Expense": 6000.0,
        "Interest Income": 157000.0,
        "Normalized Income": -1472000.0,
        "Net Income From Continuing And Discontinued Operation": -1472000.0,
        "Total Expenses": 6545000.0,
        "Total Operating Income As Reported": -1623000.0,
        "Diluted Average Shares": 6809283.0,
        "Basic Average Shares": 6809283.0,
        "Diluted EPS": -0.22,
        "Basic EPS": -0.22,
        "Diluted NI Availto Com Stockholders": -1472000.0,
        "Net Income Common Stockholders": -1472000.0,
        "Net Income": -1472000.0,
        "Net Income Including Noncontrolling Interests": -1472000.0,
        "Net Income Continuous Operations": -1472000.0,
        "Tax Provision": 0.0,
        "Pretax Income": -1472000.0,
        "Other Income Expense": NaN,
        "Other Non Operating Income Expenses": NaN,
        "Special Income Charges": NaN,
        "Gain On Sale Of Ppe": NaN,
        "Gain On Sale Of Business": NaN,
        "Write Off": NaN,
        "Impairment Of Capital Assets": NaN,
        "Gain On Sale Of Security": NaN,
        "Net Non Operating Interest Income Expense": 151000.0,
        "Interest Expense Non Operating": 6000.0,
        "Interest Income Non Operating": 157000.0,
        "Operating Income": -1623000.0,
        "Operating Expense": 2482000.0,
        "Research And Development": 746000.0,
        "Selling General And Administration": 1736000.0,
        "Selling And Marketing Expense": 419000.0,
        "General And Administrative Expense": 1317000.0,
        "Other Gand A": 1317000.0,
        "Gross Profit": 859000.0,
        "Cost Of Revenue": 4063000.0,
        "Total Revenue": 4922000.0,
        "Operating Revenue": 4922000.0
    },
    "2024-06-30": {
        "Tax Effect Of Unusual Items": 0.0,
        "Tax Rate For Calcs": 0.0,
        "Normalized EBITDA": -603000.0,
        "Total Unusual Items": 0.0,
        "Total Unusual Items Excluding Goodwill": 0.0,
        "Net Income From Continuing Operation Net Minority Interest": -761000.0,
        "Reconciled Depreciation": 154000.0,
        "Reconciled Cost Of Revenue": 4736000.0,
        "EBITDA": -603000.0,
        "EBIT": -757000.0,
        "Net Interest Income": 141000.0,
        "Interest Expense": 4000.0,
        "Interest Income": 145000.0,
        "Normalized Income": -761000.0,
        "Net Income From Continuing And Discontinued Operation": -761000.0,
        "Total Expenses": 7243000.0,
        "Total Operating Income As Reported": -898000.0,
        "Diluted Average Shares": 6816956.0,
        "Basic Average Shares": 6816956.0,
        "Diluted EPS": -0.11,
        "Basic EPS": -0.11,
        "Diluted NI Availto Com Stockholders": -761000.0,
        "Net Income Common Stockholders": -761000.0,
        "Net Income": -761000.0,
        "Net Income Including Noncontrolling Interests": -761000.0,
        "Net Income Continuous Operations": -761000.0,
        "Tax Provision": 0.0,
        "Pretax Income": -761000.0,
        "Other Income Expense": -4000.0,
        "Other Non Operating Income Expenses": -4000.0,
        "Special Income Charges": 0.0,
        "Gain On Sale Of Ppe": NaN,
        "Gain On Sale Of Business": 0.0,
        "Write Off": NaN,
        "Impairment Of Capital Assets": 0.0,
        "Gain On Sale Of Security": NaN,
        "Net Non Operating Interest Income Expense": 141000.0,
        "Interest Expense Non Operating": 4000.0,
        "Interest Income Non Operating": 145000.0,
        "Operating Income": -898000.0,
        "Operating Expense": 2507000.0,
        "Research And Development": 665000.0,
        "Selling General And Administration": 1842000.0,
        "Selling And Marketing Expense": 426000.0,
        "General And Administrative Expense": 1416000.0,
        "Other Gand A": 1416000.0,
        "Gross Profit": 1609000.0,
        "Cost Of Revenue": 4736000.0,
        "Total Revenue": 6345000.0,
        "Operating Revenue": 6345000.0
    },
    "2024-09-30": {
        "Tax Effect Of Unusual Items": 15024.038462,
        "Tax Rate For Calcs": 0.024038,
        "Normalized EBITDA": -243000.0,
        "Total Unusual Items": 625000.0,
        "Total Unusual Items Excluding Goodwill": 625000.0,
        "Net Income From Continuing Operation Net Minority Interest": 203000.0,
        "Reconciled Depreciation": 169000.0,
        "Reconciled Cost Of Revenue": 6359000.0,
        "EBITDA": 382000.0,
        "EBIT": 213000.0,
        "Net Interest Income": 131000.0,
        "Interest Expense": 5000.0,
        "Interest Income": 136000.0,
        "Normalized Income": -406975.961538,
        "Net Income From Continuing And Discontinued Operation": 203000.0,
        "Total Expenses": 8742000.0,
        "Total Operating Income As Reported": 77000.0,
        "Diluted Average Shares": 6834627.0,
        "Basic Average Shares": 6825495.0,
        "Diluted EPS": 0.03,
        "Basic EPS": 0.03,
        "Diluted NI Availto Com Stockholders": 203000.0,
        "Net Income Common Stockholders": 203000.0,
        "Net Income": 203000.0,
        "Net Income Including Noncontrolling Interests": 203000.0,
        "Net Income Continuous Operations": 203000.0,
        "Tax Provision": 5000.0,
        "Pretax Income": 208000.0,
        "Other Income Expense": 625000.0,
        "Other Non Operating Income Expenses": NaN,
        "Special Income Charges": 625000.0,
        "Gain On Sale Of Ppe": 625000.0,
        "Gain On Sale Of Business": 0.0,
        "Write Off": NaN,
        "Impairment Of Capital Assets": 0.0,
        "Gain On Sale Of Security": NaN,
        "Net Non Operating Interest Income Expense": 131000.0,
        "Interest Expense Non Operating": 5000.0,
        "Interest Income Non Operating": 136000.0,
        "Operating Income": -548000.0,
        "Operating Expense": 2383000.0,
        "Research And Development": 644000.0,
        "Selling General And Administration": 1739000.0,
        "Selling And Marketing Expense": 423000.0,
        "General And Administrative Expense": 1316000.0,
        "Other Gand A": 1316000.0,
        "Gross Profit": 1835000.0,
        "Cost Of Revenue": 6359000.0,
        "Total Revenue": 8194000.0,
        "Operating Revenue": 8194000.0
    }
}