{
    "2023-06-30": {
        "Tax Effect Of Unusual Items": 0.0,
        "Tax Rate For Calcs": 0.23,
        "Normalized EBITDA": 11516000000.0,
        "Net Income From Continuing Operation Net Minority Interest": 6010000000.0,
        "Reconciled Depreciation": 3559000000.0,
        "Reconciled Cost Of Revenue": 32505000000.0,
        "EBITDA": 11516000000.0,
        "EBIT": 7957000000.0,
        "Net Interest Income": -120000000.0,
        "Interest Expense": 120000000.0,
        "Normalized Income": 6010000000.0,
        "Net Income From Continuing And Discontinued Operation": 6010000000.0,
        "Total Expenses": 40900000000.0,
        "Diluted Average Shares": 1875508000.0,
        "Basic Average Shares": 1867165000.0,
        "Diluted EPS": 3.2,
        "Basic EPS": 3.22,
        "Diluted NI Availto Com Stockholders": 6010000000.0,
        "Net Income Common Stockholders": 6010000000.0,
        "Net Income": 6010000000.0,
        "Minority Interests": 2000000.0,
        "Net Income Including Noncontrolling Interests": 6008000000.0,
        "Net Income Continuous Operations": 6008000000.0,
        "Tax Provision": 1829000000.0,
        "Pretax Income": 7837000000.0,
        "Other Income Expense": 1641000000.0,
        "Other Non Operating Income Expenses": 401000000.0,
        "Earnings From Equity Interest": 1240000000.0,
        "Net Non Operating Interest Income Expense": -120000000.0,
        "Interest Expense Non Operating": 120000000.0,
        "Operating Income": 6316000000.0,
        "Operating Expense": 8395000000.0,
        "Other Operating Expenses": 6226000000.0,
        "Other Taxes": 1041000000.0,
        "Selling General And Administration": 1128000000.0,
        "Gross Profit": 14711000000.0,
        "Cost Of Revenue": 32505000000.0,
        "Total Revenue": 47216000000.0,
        "Operating Revenue": 47216000000.0
    },
    "2023-03-31": {
        "Tax Effect Of Unusual Items": 0.0,
        "Tax Rate For Calcs": 0.3,
        "Normalized EBITDA": 13265000000.0,
        "Net Income From Continuing Operation Net Minority Interest": 6574000000.0,
        "Reconciled Depreciation": 3631000000.0,
        "Reconciled Cost Of Revenue": 32933000000.0,
        "EBITDA": 13265000000.0,
        "EBIT": 9634000000.0,
        "Net Interest Income": -115000000.0,
        "Interest Expense": 115000000.0,
        "Normalized Income": 6574000000.0,
        "Net Income From Continuing And Discontinued Operation": 6574000000.0,
        "Total Expenses": 41121000000.0,
        "Diluted Average Shares": 1900785000.0,
        "Basic Average Shares": 1891695000.0,
        "Diluted EPS": 3.46,
        "Basic EPS": 3.48,
        "Diluted NI Availto Com Stockholders": 6574000000.0,
        "Net Income Common Stockholders": 6574000000.0,
        "Net Income": 6574000000.0,
        "Minority Interests": -31000000.0,
        "Net Income Including Noncontrolling Interests": 6605000000.0,
        "Net Income Continuous Operations": 6605000000.0,
        "Tax Provision": 2914000000.0,
        "Pretax Income": 9519000000.0,
        "Other Income Expense": 1913000000.0,
        "Other Non Operating Income Expenses": 325000000.0,
        "Earnings From Equity Interest": 1588000000.0,
        "Net Non Operating Interest Income Expense": -115000000.0,
        "Interest Expense Non Operating": 115000000.0,
        "Operating Income": 7721000000.0,
        "Operating Expense": 8188000000.0,
        "Other Operating Expenses": 6211000000.0,
        "Other Taxes": 1096000000.0,
        "Selling General And Administration": 881000000.0,
        "Gross Profit": 15909000000.0,
        "Cost Of Revenue": 32933000000.0,
        "Total Revenue": 48842000000.0,
        "Operating Revenue": 48842000000.0
    },
    "2022-12-31": {
        "Tax Effect Of Unusual Items": 0.0,
        "Tax Rate For Calcs": 0.349715,
        "Normalized EBITDA": 14926000000.0,
        "Net Income From Continuing Operation Net Minority Interest": 6353000000.0,
        "Reconciled Depreciation": 4995000000.0,
        "Reconciled Cost Of Revenue": 39438000000.0,
        "EBITDA": 14926000000.0,
        "EBIT": 9931000000.0,
        "Net Interest Income": -123000000.0,
        "Interest Expense": 123000000.0,
        "Normalized Income": 6353000000.0,
        "Net Income From Continuing And Discontinued Operation": 6353000000.0,
        "Total Expenses": 46506000000.0,
        "Diluted Average Shares": 1919731000.0,
        "Basic Average Shares": 1910602000.0,
        "Diluted EPS": 3.33,
        "Basic EPS": 3.34,
        "Diluted NI Availto Com Stockholders": 6353000000.0,
        "Net Income Common Stockholders": 6353000000.0,
        "Net Income": 6353000000.0,
        "Minority Interests": -25000000.0,
        "Net Income Including Noncontrolling Interests": 6378000000.0,
        "Net Income Continuous Operations": 6378000000.0,
        "Tax Provision": 3430000000.0,
        "Pretax Income": 9808000000.0,
        "Other Income Expense": 1914000000.0,
        "Other Non Operating Income Expenses": 291000000.0,
        "Earnings From Equity Interest": 1623000000.0,
        "Net Non Operating Interest Income Expense": -123000000.0,
        "Interest Expense Non Operating": 123000000.0,
        "Operating Income": 8017000000.0,
        "Operating Expense": 7068000000.0,
        "Other Operating Expenses": 6854000000.0,
        "Other Taxes": -1240000000.0,
        "Selling General And Administration": 1454000000.0,
        "Gross Profit": 15085000000.0,
        "Cost Of Revenue": 39438000000.0,
        "Total Revenue": 54523000000.0,
        "Operating Revenue": 54523000000.0
    },
    "2022-09-30": {
        "Tax Effect Of Unusual Items": 0.0,
        "Tax Rate For Calcs": 0.241137,
        "Normalized EBITDA": 19137000000.0,
        "Net Income From Continuing Operation Net Minority Interest": 11231000000.0,
        "Reconciled Depreciation": 4200000000.0,
        "Reconciled Cost Of Revenue": 42291000000.0,
        "EBITDA": 19137000000.0,
        "EBIT": 14937000000.0,
        "Net Interest Income": -128000000.0,
        "Interest Expense": 128000000.0,
        "Normalized Income": 11231000000.0,
        "Net Income From Continuing And Discontinued Operation": 11231000000.0,
        "Total Expenses": 51707000000.0,
        "Diluted Average Shares": 1940002000.0,
        "Basic Average Shares": 1932238000.0,
        "Diluted EPS": 5.78,
        "Basic EPS": 5.81,
        "Diluted NI Availto Com Stockholders": 11231000000.0,
        "Net Income Common Stockholders": 11231000000.0,
        "Net Income": 11231000000.0,
        "Minority Interests": -7000000.0,
        "Net Income Including Noncontrolling Interests": 11238000000.0,
        "Net Income Continuous Operations": 11238000000.0,
        "Tax Provision": 3571000000.0,
        "Pretax Income": 14809000000.0,
        "Other Income Expense": 3136000000.0,
        "Other Non Operating Income Expenses": 726000000.0,
        "Earnings From Equity Interest": 2410000000.0,
        "Net Non Operating Interest Income Expense": -128000000.0,
        "Interest Expense Non Operating": 128000000.0,
        "Operating Income": 11801000000.0,
        "Operating Expense": 9416000000.0,
        "Other Operating Expenses": 7709000000.0,
        "Other Taxes": 1707000000.0,
        "Selling General And Administration": 1028000000.0,
        "Gross Profit": 21217000000.0,
        "Cost Of Revenue": 42291000000.0,
        "Total Revenue": 63508000000.0,
        "Operating Revenue": 63508000000.0
    },
    "2022-06-30": {
        "Tax Effect Of Unusual Items": 0.0,
        "Tax Rate For Calcs": 0.26795,
        "Normalized EBITDA": 19832000000.0,
        "Net Income From Continuing Operation Net Minority Interest": 11622000000.0,
        "Reconciled Depreciation": 3700000000.0,
        "Reconciled Cost Of Revenue": 43703000000.0,
        "EBITDA": 19832000000.0,
        "EBIT": 16132000000.0,
        "Net Interest Income": -129000000.0,
        "Interest Expense": 129000000.0,
        "Normalized Income": 11622000000.0,
        "Net Income From Continuing And Discontinued Operation": 11622000000.0,
        "Total Expenses": 52630000000.0,
        "Diluted Average Shares": 1957109000.0,
        "Basic Average Shares": 1947703000.0,
        "Diluted EPS": 5.95,
        "Basic EPS": 5.98,
        "Diluted NI Availto Com Stockholders": 11622000000.0,
        "Net Income Common Stockholders": 11622000000.0,
        "Net Income": 11622000000.0,
        "Minority Interests": -93000000.0,
        "Net Income Including Noncontrolling Interests": 11715000000.0,
        "Net Income Continuous Operations": 11715000000.0,
        "Tax Provision": 4288000000.0,
        "Pretax Income": 16003000000.0,
        "Other Income Expense": 3390000000.0,
        "Other Non Operating Income Expenses": 923000000.0,
        "Earnings From Equity Interest": 2467000000.0,
        "Net Non Operating Interest Income Expense": -129000000.0,
        "Interest Expense Non Operating": 129000000.0,
        "Operating Income": 12742000000.0,
        "Operating Expense": 8927000000.0,
        "Other Operating Expenses": 7364000000.0,
        "Other Taxes": 1563000000.0,
        "Selling General And Administration": 863000000.0,
        "Gross Profit": 21669000000.0,
        "Cost Of Revenue": 43703000000.0,
        "Total Revenue": 65372000000.0,
        "Operating Revenue": 65372000000.0
    },
    "2022-03-31": {
        "Diluted EPS": 3.22,
        "Total Revenue": NaN,
        "Gross Profit": NaN,
        "Operating Income": NaN,
        "EBIT": NaN,
        "Net Income": NaN
    },
    "2021-12-31": {
        "Diluted EPS": 2.63,
        "Total Revenue": NaN,
        "Gross Profit": NaN,
        "Operating Income": NaN,
        "EBIT": NaN,
        "Net Income": NaN
    },
    "2021-09-30": {
        "Diluted EPS": 3.19,
        "Total Revenue": NaN,
        "Gross Profit": NaN,
        "Operating Income": NaN,
        "EBIT": NaN,
        "Net Income": NaN
    },
    "2021-06-30": {
        "Diluted EPS": 1.6,
        "Total Revenue": NaN,
        "Gross Profit": NaN,
        "Operating Income": NaN,
        "EBIT": NaN,
        "Net Income": NaN
    },
    "2021-03-31": {
        "Diluted EPS": 0.72,
        "Total Revenue": NaN,
        "Gross Profit": NaN,
        "Operating Income": NaN,
        "EBIT": NaN,
        "Net Income": NaN
    },
    "2020-12-31": {
        "Diluted EPS": -0.33,
        "Total Revenue": NaN,
        "Gross Profit": NaN,
        "Operating Income": -957,
        "EBIT": NaN,
        "Net Income": -665
    },
    "2020-09-30": {
        "Diluted EPS": -0.12,
        "Total Revenue": NaN,
        "Gross Profit": NaN,
        "Operating Income": -44,
        "EBIT": NaN,
        "Net Income": -207
    },
    "2020-06-30": {
        "Diluted EPS": -4.44,
        "Total Revenue": NaN,
        "Gross Profit": NaN,
        "Operating Income": NaN,
        "EBIT": NaN,
        "Net Income": NaN
    },
    "2020-03-31": {
        "Diluted EPS": 1.93,
        "Total Revenue": NaN,
        "Gross Profit": NaN,
        "Operating Income": NaN,
        "EBIT": NaN,
        "Net Income": NaN
    },
    "2019-12-31": {
        "Diluted EPS": -3.48,
        "Total Revenue": NaN,
        "Gross Profit": NaN,
        "Operating Income": NaN,
        "EBIT": NaN,
        "Net Income": NaN
    },
    "2019-09-30": {
        "Diluted EPS": 1.36,
        "Total Revenue": NaN,
        "Gross Profit": NaN,
        "Operating Income": NaN,
        "EBIT": NaN,
        "Net Income": NaN
    },
    "2019-06-30": {
        "Diluted EPS": 2.27,
        "Total Revenue": NaN,
        "Gross Profit": NaN,
        "Operating Income": NaN,
        "EBIT": NaN,
        "Net Income": NaN
    },
    "2019-03-31": {
        "Diluted EPS": 1.39,
        "Total Revenue": NaN,
        "Gross Profit": NaN,
        "Operating Income": NaN,
        "EBIT": NaN,
        "Net Income": NaN
    },
    "2018-12-31": {
        "Diluted EPS": 1.95,
        "Total Revenue": NaN,
        "Gross Profit": NaN,
        "Operating Income": NaN,
        "EBIT": NaN,
        "Net Income": NaN
    },
    "2018-09-30": {
        "Diluted EPS": 2.11,
        "Total Revenue": NaN,
        "Gross Profit": NaN,
        "Operating Income": NaN,
        "EBIT": NaN,
        "Net Income": NaN
    },
    "2018-06-30": {
        "Diluted EPS": 1.78,
        "Total Revenue": NaN,
        "Gross Profit": NaN,
        "Operating Income": NaN,
        "EBIT": NaN,
        "Net Income": NaN
    },
    "2018-03-31": {
        "Diluted EPS": 1.9,
        "Total Revenue": NaN,
        "Gross Profit": NaN,
        "Operating Income": NaN,
        "EBIT": NaN,
        "Net Income": NaN
    },
    "2017-12-31": {
        "Diluted EPS": 1.64,
        "Total Revenue": NaN,
        "Gross Profit": NaN,
        "Operating Income": NaN,
        "EBIT": NaN,
        "Net Income": NaN
    },
    "2017-09-30": {
        "Diluted EPS": 1.03,
        "Total Revenue": NaN,
        "Gross Profit": NaN,
        "Operating Income": NaN,
        "EBIT": NaN,
        "Net Income": NaN
    },
    "2017-06-30": {
        "Diluted EPS": 0.77,
        "Total Revenue": NaN,
        "Gross Profit": NaN,
        "Operating Income": NaN,
        "EBIT": NaN,
        "Net Income": NaN
    },
    "2017-03-31": {
        "Diluted EPS": 1.41,
        "Total Revenue": NaN,
        "Gross Profit": NaN,
        "Operating Income": NaN,
        "EBIT": NaN,
        "Net Income": NaN
    },
    "2016-12-31": {
        "Diluted EPS": 0.22,
        "Total Revenue": NaN,
        "Gross Profit": NaN,
        "Operating Income": 512,
        "EBIT": NaN,
        "Net Income": 415
    },
    "2016-09-30": {
        "Diluted EPS": 0.68,
        "Total Revenue": NaN,
        "Gross Profit": NaN,
        "Operating Income": NaN,
        "EBIT": NaN,
        "Net Income": NaN
    },
    "2016-06-30": {
        "Diluted EPS": -0.78,
        "Total Revenue": NaN,
        "Gross Profit": NaN,
        "Operating Income": NaN,
        "EBIT": NaN,
        "Net Income": NaN
    },
    "2016-03-31": {
        "Diluted EPS": -0.39,
        "Total Revenue": NaN,
        "Gross Profit": NaN,
        "Operating Income": NaN,
        "EBIT": NaN,
        "Net Income": -725
    },
    "2015-12-31": {
        "Diluted EPS": -0.31,
        "Total Revenue": NaN,
        "Gross Profit": NaN,
        "Operating Income": NaN,
        "EBIT": NaN,
        "Net Income": -588
    },
    "2015-09-30": {
        "Diluted EPS": 1.09,
        "Total Revenue": NaN,
        "Gross Profit": NaN,
        "Operating Income": NaN,
        "EBIT": NaN,
        "Net Income": NaN
    },
    "2015-06-30": {
        "Diluted EPS": 0.3,
        "Total Revenue": NaN,
        "Gross Profit": NaN,
        "Operating Income": NaN,
        "EBIT": NaN,
        "Net Income": 571
    },
    "2015-03-31": {
        "Diluted EPS": 1.37,
        "Total Revenue": NaN,
        "Gross Profit": NaN,
        "Operating Income": NaN,
        "EBIT": NaN,
        "Net Income": NaN
    },
    "2014-12-31": {
        "Diluted EPS": 1.85,
        "Total Revenue": NaN,
        "Gross Profit": NaN,
        "Operating Income": NaN,
        "EBIT": NaN,
        "Net Income": NaN
    },
    "2014-09-30": {
        "Diluted EPS": 2.95,
        "Total Revenue": NaN,
        "Gross Profit": NaN,
        "Operating Income": NaN,
        "EBIT": NaN,
        "Net Income": NaN
    },
    "2014-06-30": {
        "Diluted EPS": 2.98,
        "Total Revenue": NaN,
        "Gross Profit": NaN,
        "Operating Income": NaN,
        "EBIT": NaN,
        "Net Income": NaN
    },
    "2014-03-31": {
        "Diluted EPS": 2.36,
        "Total Revenue": NaN,
        "Gross Profit": NaN,
        "Operating Income": NaN,
        "EBIT": NaN,
        "Net Income": NaN
    },
    "2013-12-31": {
        "Diluted EPS": 2.57,
        "Total Revenue": NaN,
        "Gross Profit": NaN,
        "Operating Income": NaN,
        "EBIT": NaN,
        "Net Income": NaN
    },
    "2013-09-30": {
        "Diluted EPS": 2.57,
        "Total Revenue": NaN,
        "Gross Profit": NaN,
        "Operating Income": NaN,
        "EBIT": NaN,
        "Net Income": NaN
    },
    "2013-06-30": {
        "Diluted EPS": 2.77,
        "Total Revenue": NaN,
        "Gross Profit": NaN,
        "Operating Income": NaN,
        "EBIT": NaN,
        "Net Income": NaN
    },
    "2013-03-31": {
        "Diluted EPS": 3.18,
        "Total Revenue": NaN,
        "Gross Profit": NaN,
        "Operating Income": NaN,
        "EBIT": NaN,
        "Net Income": NaN
    },
    "2012-12-31": {
        "Diluted EPS": 3.7,
        "Total Revenue": NaN,
        "Gross Profit": NaN,
        "Operating Income": NaN,
        "EBIT": NaN,
        "Net Income": NaN
    },
    "2012-09-30": {
        "Diluted EPS": 2.69,
        "Total Revenue": NaN,
        "Gross Profit": NaN,
        "Operating Income": NaN,
        "EBIT": NaN,
        "Net Income": NaN
    },
    "2012-06-30": {
        "Diluted EPS": 3.66,
        "Total Revenue": NaN,
        "Gross Profit": NaN,
        "Operating Income": NaN,
        "EBIT": NaN,
        "Net Income": NaN
    },
    "2012-03-31": {
        "Diluted EPS": 3.27,
        "Total Revenue": NaN,
        "Gross Profit": NaN,
        "Operating Income": NaN,
        "EBIT": NaN,
        "Net Income": NaN
    },
    "2011-12-31": {
        "Diluted EPS": 2.58,
        "Total Revenue": NaN,
        "Gross Profit": NaN,
        "Operating Income": NaN,
        "EBIT": NaN,
        "Net Income": NaN
    },
    "2011-09-30": {
        "Diluted EPS": 3.92,
        "Total Revenue": NaN,
        "Gross Profit": NaN,
        "Operating Income": NaN,
        "EBIT": NaN,
        "Net Income": NaN
    },
    "2011-06-30": {
        "Diluted EPS": 3.85,
        "Total Revenue": NaN,
        "Gross Profit": NaN,
        "Operating Income": NaN,
        "EBIT": NaN,
        "Net Income": NaN
    },
    "2011-03-31": {
        "Diluted EPS": 3.09,
        "Total Revenue": NaN,
        "Gross Profit": NaN,
        "Operating Income": NaN,
        "EBIT": NaN,
        "Net Income": NaN
    },
    "2010-12-31": {
        "Diluted EPS": 2.64,
        "Total Revenue": NaN,
        "Gross Profit": NaN,
        "Operating Income": NaN,
        "EBIT": NaN,
        "Net Income": NaN
    },
    "2010-09-30": {
        "Diluted EPS": 1.87,
        "Total Revenue": NaN,
        "Gross Profit": NaN,
        "Operating Income": NaN,
        "EBIT": NaN,
        "Net Income": NaN
    },
    "2010-06-30": {
        "Diluted EPS": 2.7,
        "Total Revenue": NaN,
        "Gross Profit": NaN,
        "Operating Income": NaN,
        "EBIT": NaN,
        "Net Income": NaN
    },
    "2010-03-31": {
        "Diluted EPS": 2.27,
        "Total Revenue": NaN,
        "Gross Profit": NaN,
        "Operating Income": NaN,
        "EBIT": NaN,
        "Net Income": NaN
    },
    "2009-12-31": {
        "Diluted EPS": 1.53,
        "Total Revenue": NaN,
        "Gross Profit": NaN,
        "Operating Income": NaN,
        "EBIT": NaN,
        "Net Income": NaN
    },
    "2009-09-30": {
        "Diluted EPS": 1.92,
        "Total Revenue": NaN,
        "Gross Profit": NaN,
        "Operating Income": NaN,
        "EBIT": NaN,
        "Net Income": NaN
    },
    "2009-06-30": {
        "Diluted EPS": 0.87,
        "Total Revenue": NaN,
        "Gross Profit": NaN,
        "Operating Income": NaN,
        "EBIT": NaN,
        "Net Income": NaN
    },
    "2009-03-31": {
        "Diluted EPS": 0.92,
        "Total Revenue": NaN,
        "Gross Profit": NaN,
        "Operating Income": NaN,
        "EBIT": NaN,
        "Net Income": NaN
    },
    "2023-09-30": {
        "Tax Effect Of Unusual Items": 0.0,
        "Tax Rate For Calcs": 0.25,
        "Normalized EBITDA": 13049000000.0,
        "Net Income From Continuing Operation Net Minority Interest": 6526000000.0,
        "Reconciled Depreciation": 4197000000.0,
        "Reconciled Cost Of Revenue": 36353000000.0,
        "EBITDA": 13049000000.0,
        "EBIT": 8852000000.0,
        "Net Interest Income": -114000000.0,
        "Interest Expense": 114000000.0,
        "Normalized Income": 6526000000.0,
        "Net Income From Continuing And Discontinued Operation": 6526000000.0,
        "Total Expenses": 45137000000.0,
        "Diluted Average Shares": 1877104000.0,
        "Basic Average Shares": 1870963000.0,
        "Diluted EPS": 3.48,
        "Basic EPS": 3.48,
        "Diluted NI Availto Com Stockholders": 6526000000.0,
        "Net Income Common Stockholders": 6526000000.0,
        "Net Income": 6526000000.0,
        "Minority Interests": -29000000.0,
        "Net Income Including Noncontrolling Interests": 6555000000.0,
        "Net Income Continuous Operations": 6555000000.0,
        "Tax Provision": 2183000000.0,
        "Pretax Income": 8738000000.0,
        "Other Income Expense": 2067000000.0,
        "Other Non Operating Income Expenses": 754000000.0,
        "Earnings From Equity Interest": 1313000000.0,
        "Net Non Operating Interest Income Expense": -114000000.0,
        "Interest Expense Non Operating": 114000000.0,
        "Operating Income": 6785000000.0,
        "Operating Expense": 8784000000.0,
        "Other Operating Expenses": 6600000000.0,
        "Other Taxes": 1021000000.0,
        "Selling General And Administration": 1163000000.0,
        "Gross Profit": 15569000000.0,
        "Cost Of Revenue": 36353000000.0,
        "Total Revenue": 51922000000.0,
        "Operating Revenue": 51922000000.0
    },
    "2023-12-31": {
        "Tax Effect Of Unusual Items": 0.0,
        "Tax Rate For Calcs": 0.357307,
        "Normalized EBITDA": 7212000000.0,
        "Net Income From Continuing Operation Net Minority Interest": 2259000000.0,
        "Reconciled Depreciation": 3602000000.0,
        "Reconciled Cost Of Revenue": 34731000000.0,
        "EBITDA": 7212000000.0,
        "EBIT": 3610000000.0,
        "Net Interest Income": -120000000.0,
        "Interest Expense": 120000000.0,
        "Normalized Income": 2259000000.0,
        "Net Income From Continuing And Discontinued Operation": 2259000000.0,
        "Total Expenses": 43526000000.0,
        "Diluted Average Shares": 1868101000.0,
        "Basic Average Shares": 1861474000.0,
        "Diluted EPS": 1.22,
        "Basic EPS": 1.23,
        "Diluted NI Availto Com Stockholders": 2259000000.0,
        "Net Income Common Stockholders": 2259000000.0,
        "Net Income": 2259000000.0,
        "Minority Interests": 16000000.0,
        "Net Income Including Noncontrolling Interests": 2243000000.0,
        "Net Income Continuous Operations": 2243000000.0,
        "Tax Provision": 1247000000.0,
        "Pretax Income": 3490000000.0,
        "Other Income Expense": -1797000000.0,
        "Other Non Operating Income Expenses": -2787000000.0,
        "Earnings From Equity Interest": 990000000.0,
        "Net Non Operating Interest Income Expense": -120000000.0,
        "Interest Expense Non Operating": 120000000.0,
        "Operating Income": 5407000000.0,
        "Operating Expense": 8795000000.0,
        "Other Operating Expenses": 6764000000.0,
        "Other Taxes": 1062000000.0,
        "Selling General And Administration": 969000000.0,
        "Gross Profit": 14202000000.0,
        "Cost Of Revenue": 34731000000.0,
        "Total Revenue": 48933000000.0,
        "Operating Revenue": 48933000000.0
    },
    "2024-03-31": {
        "Tax Effect Of Unusual Items": 0.0,
        "Tax Rate For Calcs": 0.31,
        "Normalized EBITDA": 12159000000.0,
        "Net Income From Continuing Operation Net Minority Interest": 5501000000.0,
        "Reconciled Depreciation": 4119000000.0,
        "Reconciled Cost Of Revenue": 31832000000.0,
        "EBITDA": 12159000000.0,
        "EBIT": 8040000000.0,
        "Net Interest Income": -118000000.0,
        "Interest Expense": 118000000.0,
        "Normalized Income": 5501000000.0,
        "Net Income From Continuing And Discontinued Operation": 5501000000.0,
        "Total Expenses": 40628000000.0,
        "Diluted Average Shares": 1849116000.0,
        "Basic Average Shares": 1842377000.0,
        "Diluted EPS": 2.97,
        "Basic EPS": 2.99,
        "Diluted NI Availto Com Stockholders": 5501000000.0,
        "Net Income Common Stockholders": 5501000000.0,
        "Net Income": 5501000000.0,
        "Minority Interests": -50000000.0,
        "Net Income Including Noncontrolling Interests": 5551000000.0,
        "Net Income Continuous Operations": 5551000000.0,
        "Tax Provision": 2371000000.0,
        "Pretax Income": 7922000000.0,
        "Other Income Expense": 2088000000.0,
        "Other Non Operating Income Expenses": 647000000.0,
        "Earnings From Equity Interest": 1441000000.0,
        "Net Non Operating Interest Income Expense": -118000000.0,
        "Interest Expense Non Operating": 118000000.0,
        "Operating Income": 5952000000.0,
        "Operating Expense": 8796000000.0,
        "Other Operating Expenses": 6662000000.0,
        "Other Taxes": 1124000000.0,
        "Selling General And Administration": 1010000000.0,
        "Gross Profit": 14748000000.0,
        "Cost Of Revenue": 31832000000.0,
        "Total Revenue": 46580000000.0,
        "Operating Revenue": 46580000000.0
    },
    "2024-06-30": {
        "Tax Effect Of Unusual Items": 0.0,
        "Tax Rate For Calcs": 0.37,
        "Normalized EBITDA": 11334000000.0,
        "Net Income From Continuing Operation Net Minority Interest": 4434000000.0,
        "Reconciled Depreciation": 4185000000.0,
        "Reconciled Cost Of Revenue": 34871000000.0,
        "EBITDA": 11334000000.0,
        "EBIT": 7149000000.0,
        "Net Interest Income": -113000000.0,
        "Interest Expense": 113000000.0,
        "Normalized Income": 4434000000.0,
        "Net Income From Continuing And Discontinued Operation": 4434000000.0,
        "Total Expenses": 43984000000.0,
        "Diluted Average Shares": 1833431000.0,
        "Basic Average Shares": 1825842000.0,
        "Diluted EPS": 2.43,
        "Basic EPS": 2.43,
        "Diluted NI Availto Com Stockholders": 4434000000.0,
        "Net Income Common Stockholders": 4434000000.0,
        "Net Income": 4434000000.0,
        "Minority Interests": -9000000.0,
        "Net Income Including Noncontrolling Interests": 4443000000.0,
        "Net Income Continuous Operations": 4443000000.0,
        "Tax Provision": 2593000000.0,
        "Pretax Income": 7036000000.0,
        "Other Income Expense": 1559000000.0,
        "Other Non Operating Income Expenses": 353000000.0,
        "Earnings From Equity Interest": 1206000000.0,
        "Net Non Operating Interest Income Expense": -113000000.0,
        "Interest Expense Non Operating": 113000000.0,
        "Operating Income": 5590000000.0,
        "Operating Expense": 9113000000.0,
        "Other Operating Expenses": 6877000000.0,
        "Other Taxes": 1188000000.0,
        "Selling General And Administration": 1048000000.0,
        "Gross Profit": 14703000000.0,
        "Cost Of Revenue": 34871000000.0,
        "Total Revenue": 49574000000.0,
        "Operating Revenue": 49574000000.0
    },
    "2024-09-30": {
        "Tax Effect Of Unusual Items": 0.0,
        "Tax Rate For Calcs": 0.31,
        "Normalized EBITDA": 10883000000.0,
        "Net Income From Continuing Operation Net Minority Interest": 4487000000.0,
        "Reconciled Depreciation": 4230000000.0,
        "Reconciled Cost Of Revenue": 34664000000.0,
        "EBITDA": 10883000000.0,
        "EBIT": 6653000000.0,
        "Net Interest Income": -164000000.0,
        "Interest Expense": 164000000.0,
        "Normalized Income": 4487000000.0,
        "Net Income From Continuing And Discontinued Operation": 4487000000.0,
        "Total Expenses": 43967000000.0,
        "Diluted Average Shares": 1807030000.0,
        "Basic Average Shares": 1800336000.0,
        "Diluted EPS": 2.48,
        "Basic EPS": 2.49,
        "Diluted NI Availto Com Stockholders": 4487000000.0,
        "Net Income Common Stockholders": 4487000000.0,
        "Net Income": 4487000000.0,
        "Minority Interests": -9000000.0,
        "Net Income Including Noncontrolling Interests": 4496000000.0,
        "Net Income Continuous Operations": 4496000000.0,
        "Tax Provision": 1993000000.0,
        "Pretax Income": 6489000000.0,
        "Other Income Expense": 1694000000.0,
        "Other Non Operating Income Expenses": 433000000.0,
        "Earnings From Equity Interest": 1261000000.0,
        "Net Non Operating Interest Income Expense": -164000000.0,
        "Interest Expense Non Operating": 164000000.0,
        "Operating Income": 4959000000.0,
        "Operating Expense": 9303000000.0,
        "Other Operating Expenses": 6849000000.0,
        "Other Taxes": 1263000000.0,
        "Selling General And Administration": 1191000000.0,
        "Gross Profit": 14262000000.0,
        "Cost Of Revenue": 34664000000.0,
        "Total Revenue": 48926000000.0,
        "Operating Revenue": 48926000000.0
    }
}