{
    "2023-03-31": {
        "Tax Effect Of Unusual Items": NaN,
        "Tax Rate For Calcs": NaN,
        "Normalized EBITDA": NaN,
        "Total Unusual Items": NaN,
        "Total Unusual Items Excluding Goodwill": NaN,
        "Net Income From Continuing Operation Net Minority Interest": NaN,
        "Reconciled Depreciation": NaN,
        "Reconciled Cost Of Revenue": NaN,
        "EBITDA": NaN,
        "EBIT": NaN,
        "Net Interest Income": NaN,
        "Interest Expense": NaN,
        "Normalized Income": NaN,
        "Net Income From Continuing And Discontinued Operation": NaN,
        "Total Expenses": NaN,
        "Total Operating Income As Reported": NaN,
        "Diluted Average Shares": NaN,
        "Basic Average Shares": NaN,
        "Diluted EPS": NaN,
        "Basic EPS": NaN,
        "Diluted NI Availto Com Stockholders": NaN,
        "Net Income Common Stockholders": NaN,
        "Net Income": NaN,
        "Net Income Including Noncontrolling Interests": NaN,
        "Net Income Continuous Operations": NaN,
        "Tax Provision": NaN,
        "Pretax Income": NaN,
        "Other Income Expense": NaN,
        "Other Non Operating Income Expenses": NaN,
        "Special Income Charges": NaN,
        "Gain On Sale Of Business": 0.0,
        "Restructuring And Mergern Acquisition": NaN,
        "Net Non Operating Interest Income Expense": NaN,
        "Interest Expense Non Operating": NaN,
        "Operating Income": NaN,
        "Operating Expense": NaN,
        "Research And Development": NaN,
        "Selling General And Administration": NaN,
        "Selling And Marketing Expense": NaN,
        "General And Administrative Expense": NaN,
        "Other Gand A": NaN,
        "Gross Profit": NaN,
        "Cost Of Revenue": NaN,
        "Total Revenue": NaN,
        "Operating Revenue": NaN
    },
    "2022-12-31": {
        "Tax Effect Of Unusual Items": NaN,
        "Tax Rate For Calcs": NaN,
        "Normalized EBITDA": NaN,
        "Total Unusual Items": NaN,
        "Total Unusual Items Excluding Goodwill": NaN,
        "Net Income From Continuing Operation Net Minority Interest": NaN,
        "Reconciled Depreciation": NaN,
        "Reconciled Cost Of Revenue": NaN,
        "EBITDA": NaN,
        "EBIT": NaN,
        "Net Interest Income": NaN,
        "Interest Expense": NaN,
        "Normalized Income": NaN,
        "Net Income From Continuing And Discontinued Operation": NaN,
        "Total Expenses": NaN,
        "Total Operating Income As Reported": NaN,
        "Diluted Average Shares": NaN,
        "Basic Average Shares": NaN,
        "Diluted EPS": NaN,
        "Basic EPS": NaN,
        "Diluted NI Availto Com Stockholders": NaN,
        "Net Income Common Stockholders": NaN,
        "Net Income": NaN,
        "Net Income Including Noncontrolling Interests": NaN,
        "Net Income Continuous Operations": NaN,
        "Tax Provision": NaN,
        "Pretax Income": NaN,
        "Other Income Expense": NaN,
        "Other Non Operating Income Expenses": NaN,
        "Special Income Charges": NaN,
        "Gain On Sale Of Business": 0.0,
        "Write Off": 0.0,
        "Restructuring And Mergern Acquisition": NaN,
        "Net Non Operating Interest Income Expense": NaN,
        "Interest Expense Non Operating": NaN,
        "Operating Income": NaN,
        "Operating Expense": NaN,
        "Research And Development": NaN,
        "Selling General And Administration": NaN,
        "Selling And Marketing Expense": NaN,
        "General And Administrative Expense": NaN,
        "Other Gand A": NaN,
        "Gross Profit": NaN,
        "Cost Of Revenue": NaN,
        "Total Revenue": NaN,
        "Operating Revenue": NaN
    },
    "2022-09-30": {
        "Tax Effect Of Unusual Items": NaN,
        "Tax Rate For Calcs": NaN,
        "Normalized EBITDA": NaN,
        "Total Unusual Items": NaN,
        "Total Unusual Items Excluding Goodwill": NaN,
        "Net Income From Continuing Operation Net Minority Interest": NaN,
        "Reconciled Depreciation": NaN,
        "Reconciled Cost Of Revenue": NaN,
        "EBITDA": NaN,
        "EBIT": NaN,
        "Net Interest Income": NaN,
        "Interest Expense": NaN,
        "Normalized Income": NaN,
        "Net Income From Continuing And Discontinued Operation": NaN,
        "Total Expenses": NaN,
        "Total Operating Income As Reported": NaN,
        "Diluted Average Shares": NaN,
        "Basic Average Shares": NaN,
        "Diluted EPS": NaN,
        "Basic EPS": NaN,
        "Diluted NI Availto Com Stockholders": NaN,
        "Net Income Common Stockholders": NaN,
        "Net Income": NaN,
        "Net Income Including Noncontrolling Interests": NaN,
        "Net Income Continuous Operations": NaN,
        "Tax Provision": NaN,
        "Pretax Income": NaN,
        "Other Income Expense": NaN,
        "Other Non Operating Income Expenses": NaN,
        "Special Income Charges": NaN,
        "Gain On Sale Of Business": NaN,
        "Write Off": 0.0,
        "Net Non Operating Interest Income Expense": NaN,
        "Interest Expense Non Operating": NaN,
        "Operating Income": NaN,
        "Operating Expense": NaN,
        "Research And Development": NaN,
        "Selling General And Administration": NaN,
        "Selling And Marketing Expense": NaN,
        "General And Administrative Expense": NaN,
        "Other Gand A": NaN,
        "Gross Profit": NaN,
        "Cost Of Revenue": NaN,
        "Total Revenue": NaN,
        "Operating Revenue": NaN
    },
    "2022-06-30": {
        "Tax Effect Of Unusual Items": 0.0,
        "Tax Rate For Calcs": 0.237,
        "Normalized EBITDA": 128942000.0,
        "Total Unusual Items": 0.0,
        "Total Unusual Items Excluding Goodwill": 0.0,
        "Net Income From Continuing Operation Net Minority Interest": 70872000.0,
        "Reconciled Depreciation": 26282000.0,
        "Reconciled Cost Of Revenue": 380843000.0,
        "EBITDA": 128942000.0,
        "EBIT": 102660000.0,
        "Net Interest Income": -9788000.0,
        "Interest Expense": 9788000.0,
        "Normalized Income": 70872000.0,
        "Net Income From Continuing And Discontinued Operation": 70872000.0,
        "Total Expenses": 511252000.0,
        "Total Operating Income As Reported": 98105000.0,
        "Diluted Average Shares": 38654000.0,
        "Basic Average Shares": 38429000.0,
        "Diluted EPS": 1.83,
        "Basic EPS": 1.84,
        "Diluted NI Availto Com Stockholders": 70872000.0,
        "Net Income Common Stockholders": 70872000.0,
        "Net Income": 70872000.0,
        "Net Income Including Noncontrolling Interests": 70872000.0,
        "Net Income Continuous Operations": 70872000.0,
        "Tax Provision": 22000000.0,
        "Pretax Income": 92872000.0,
        "Other Income Expense": 4555000.0,
        "Other Non Operating Income Expenses": 4555000.0,
        "Special Income Charges": 0.0,
        "Gain On Sale Of Business": 0.0,
        "Write Off": NaN,
        "Net Non Operating Interest Income Expense": -9788000.0,
        "Interest Expense Non Operating": 9788000.0,
        "Operating Income": 98105000.0,
        "Operating Expense": 130409000.0,
        "Research And Development": 23868000.0,
        "Selling General And Administration": 106541000.0,
        "Selling And Marketing Expense": 30407000.0,
        "General And Administrative Expense": 76134000.0,
        "Other Gand A": 76134000.0,
        "Gross Profit": 228514000.0,
        "Cost Of Revenue": 380843000.0,
        "Total Revenue": 609357000.0,
        "Operating Revenue": 609357000.0
    },
    "2023-06-30": {
        "Tax Effect Of Unusual Items": NaN,
        "Tax Rate For Calcs": NaN,
        "Normalized EBITDA": NaN,
        "Total Unusual Items": 0.0,
        "Total Unusual Items Excluding Goodwill": 0.0,
        "Net Income From Continuing Operation Net Minority Interest": NaN,
        "Reconciled Depreciation": NaN,
        "Reconciled Cost Of Revenue": NaN,
        "EBITDA": NaN,
        "EBIT": NaN,
        "Net Interest Income": NaN,
        "Interest Expense": NaN,
        "Normalized Income": NaN,
        "Net Income From Continuing And Discontinued Operation": NaN,
        "Total Expenses": NaN,
        "Total Operating Income As Reported": NaN,
        "Diluted Average Shares": NaN,
        "Basic Average Shares": NaN,
        "Diluted EPS": NaN,
        "Basic EPS": NaN,
        "Diluted NI Availto Com Stockholders": NaN,
        "Net Income Common Stockholders": NaN,
        "Net Income": NaN,
        "Net Income Including Noncontrolling Interests": NaN,
        "Net Income Continuous Operations": NaN,
        "Tax Provision": NaN,
        "Pretax Income": NaN,
        "Other Income Expense": NaN,
        "Other Non Operating Income Expenses": NaN,
        "Special Income Charges": 0.0,
        "Gain On Sale Of Business": 0.0,
        "Restructuring And Mergern Acquisition": 0.0,
        "Net Non Operating Interest Income Expense": NaN,
        "Interest Expense Non Operating": NaN,
        "Operating Income": NaN,
        "Operating Expense": NaN,
        "Research And Development": NaN,
        "Selling General And Administration": NaN,
        "Selling And Marketing Expense": NaN,
        "General And Administrative Expense": NaN,
        "Other Gand A": NaN,
        "Gross Profit": NaN,
        "Cost Of Revenue": NaN,
        "Total Revenue": NaN,
        "Operating Revenue": NaN
    },
    "2023-09-30": {
        "Tax Effect Of Unusual Items": 0.0,
        "Tax Rate For Calcs": 0.238,
        "Normalized EBITDA": 168403000.0,
        "Total Unusual Items": 0.0,
        "Total Unusual Items Excluding Goodwill": 0.0,
        "Net Income From Continuing Operation Net Minority Interest": 96778000.0,
        "Reconciled Depreciation": 28861000.0,
        "Reconciled Cost Of Revenue": 442858000.0,
        "EBITDA": 168403000.0,
        "EBIT": 139542000.0,
        "Net Interest Income": -12496000.0,
        "Interest Expense": 12496000.0,
        "Normalized Income": 96778000.0,
        "Net Income From Continuing And Discontinued Operation": 96778000.0,
        "Total Expenses": 591807000.0,
        "Total Operating Income As Reported": 132519000.0,
        "Diluted Average Shares": 38558000.0,
        "Basic Average Shares": 38285000.0,
        "Diluted EPS": 2.51,
        "Basic EPS": 2.53,
        "Diluted NI Availto Com Stockholders": 96778000.0,
        "Net Income Common Stockholders": 96778000.0,
        "Net Income": 96778000.0,
        "Net Income Including Noncontrolling Interests": 96778000.0,
        "Net Income Continuous Operations": 96778000.0,
        "Tax Provision": 30268000.0,
        "Pretax Income": 127046000.0,
        "Other Income Expense": 7023000.0,
        "Other Non Operating Income Expenses": 7023000.0,
        "Special Income Charges": 0.0,
        "Gain On Sale Of Business": 0.0,
        "Restructuring And Mergern Acquisition": 0.0,
        "Net Non Operating Interest Income Expense": -12496000.0,
        "Interest Expense Non Operating": 12496000.0,
        "Operating Income": 132519000.0,
        "Operating Expense": 148949000.0,
        "Research And Development": 23464000.0,
        "Selling General And Administration": 125485000.0,
        "Selling And Marketing Expense": 34084000.0,
        "General And Administrative Expense": 91401000.0,
        "Other Gand A": 91401000.0,
        "Gross Profit": 281468000.0,
        "Cost Of Revenue": 442858000.0,
        "Total Revenue": 724326000.0,
        "Operating Revenue": 724326000.0
    },
    "2023-12-31": {
        "Tax Effect Of Unusual Items": 0.0,
        "Tax Rate For Calcs": 0.23566,
        "Normalized EBITDA": 197146000.0,
        "Total Unusual Items": 0.0,
        "Total Unusual Items Excluding Goodwill": 0.0,
        "Net Income From Continuing Operation Net Minority Interest": 119886000.0,
        "Reconciled Depreciation": 29336000.0,
        "Reconciled Cost Of Revenue": 481062000.0,
        "EBITDA": 197146000.0,
        "EBIT": 167810000.0,
        "Net Interest Income": -10961000.0,
        "Interest Expense": 10961000.0,
        "Normalized Income": 119886000.0,
        "Net Income From Continuing And Discontinued Operation": 119886000.0,
        "Total Expenses": 625098000.0,
        "Total Operating Income As Reported": 160693000.0,
        "Diluted Average Shares": 38505000.0,
        "Basic Average Shares": 38232000.0,
        "Diluted EPS": 3.11,
        "Basic EPS": 3.14,
        "Diluted NI Availto Com Stockholders": 119886000.0,
        "Net Income Common Stockholders": 119886000.0,
        "Net Income": 119886000.0,
        "Net Income Including Noncontrolling Interests": 119886000.0,
        "Net Income Continuous Operations": 119886000.0,
        "Tax Provision": 36963000.0,
        "Pretax Income": 156849000.0,
        "Other Income Expense": 7117000.0,
        "Other Non Operating Income Expenses": 7117000.0,
        "Special Income Charges": 0.0,
        "Gain On Sale Of Business": 0.0,
        "Restructuring And Mergern Acquisition": NaN,
        "Net Non Operating Interest Income Expense": -10961000.0,
        "Interest Expense Non Operating": 10961000.0,
        "Operating Income": 160693000.0,
        "Operating Expense": 144036000.0,
        "Research And Development": 20066000.0,
        "Selling General And Administration": 123970000.0,
        "Selling And Marketing Expense": 36306000.0,
        "General And Administrative Expense": 87664000.0,
        "Other Gand A": 87664000.0,
        "Gross Profit": 304729000.0,
        "Cost Of Revenue": 481062000.0,
        "Total Revenue": 785791000.0,
        "Operating Revenue": 785791000.0
    },
    "2024-03-31": {
        "Tax Effect Of Unusual Items": 0.0,
        "Tax Rate For Calcs": 0.227,
        "Normalized EBITDA": 136552000.0,
        "Total Unusual Items": NaN,
        "Total Unusual Items Excluding Goodwill": NaN,
        "Net Income From Continuing Operation Net Minority Interest": 76495000.0,
        "Reconciled Depreciation": 26983000.0,
        "Reconciled Cost Of Revenue": 459412000.0,
        "EBITDA": 136552000.0,
        "EBIT": 109569000.0,
        "Net Interest Income": -10570000.0,
        "Interest Expense": 10570000.0,
        "Normalized Income": 76495000.0,
        "Net Income From Continuing And Discontinued Operation": 76495000.0,
        "Total Expenses": 613206000.0,
        "Total Operating Income As Reported": 99961000.0,
        "Diluted Average Shares": 38431000.0,
        "Basic Average Shares": 38254000.0,
        "Diluted EPS": 1.99,
        "Basic EPS": 2.0,
        "Diluted NI Availto Com Stockholders": 76495000.0,
        "Net Income Common Stockholders": 76495000.0,
        "Net Income": 76495000.0,
        "Net Income Including Noncontrolling Interests": 76495000.0,
        "Net Income Continuous Operations": 76495000.0,
        "Tax Provision": 22504000.0,
        "Pretax Income": 98999000.0,
        "Other Income Expense": 9608000.0,
        "Other Non Operating Income Expenses": 9608000.0,
        "Special Income Charges": NaN,
        "Gain On Sale Of Business": NaN,
        "Restructuring And Mergern Acquisition": NaN,
        "Net Non Operating Interest Income Expense": -10570000.0,
        "Interest Expense Non Operating": 10570000.0,
        "Operating Income": 99961000.0,
        "Operating Expense": 153794000.0,
        "Research And Development": 22980000.0,
        "Selling General And Administration": 130814000.0,
        "Selling And Marketing Expense": 36765000.0,
        "General And Administrative Expense": 94049000.0,
        "Other Gand A": 94049000.0,
        "Gross Profit": 253755000.0,
        "Cost Of Revenue": 459412000.0,
        "Total Revenue": 713167000.0,
        "Operating Revenue": 713167000.0
    },
    "2024-06-30": {
        "Tax Effect Of Unusual Items": -618616.0,
        "Tax Rate For Calcs": 0.212,
        "Normalized EBITDA": 167543000.0,
        "Total Unusual Items": -2918000.0,
        "Total Unusual Items Excluding Goodwill": -2918000.0,
        "Net Income From Continuing Operation Net Minority Interest": 99471000.0,
        "Reconciled Depreciation": 27168000.0,
        "Reconciled Cost Of Revenue": 500690000.0,
        "EBITDA": 164625000.0,
        "EBIT": 137457000.0,
        "Net Interest Income": -11216000.0,
        "Interest Expense": 11216000.0,
        "Normalized Income": 101770384.0,
        "Net Income From Continuing And Discontinued Operation": 99471000.0,
        "Total Expenses": 652976000.0,
        "Total Operating Income As Reported": 128897000.0,
        "Diluted Average Shares": 38501000.0,
        "Basic Average Shares": 38302000.0,
        "Diluted EPS": 2.58,
        "Basic EPS": 2.6,
        "Diluted NI Availto Com Stockholders": 99471000.0,
        "Net Income Common Stockholders": 99471000.0,
        "Net Income": 99471000.0,
        "Net Income Including Noncontrolling Interests": 99471000.0,
        "Net Income Continuous Operations": 99471000.0,
        "Tax Provision": 26770000.0,
        "Pretax Income": 126241000.0,
        "Other Income Expense": 5642000.0,
        "Other Non Operating Income Expenses": 8560000.0,
        "Special Income Charges": -2918000.0,
        "Gain On Sale Of Business": NaN,
        "Restructuring And Mergern Acquisition": 2918000.0,
        "Net Non Operating Interest Income Expense": -11216000.0,
        "Interest Expense Non Operating": 11216000.0,
        "Operating Income": 131815000.0,
        "Operating Expense": 152286000.0,
        "Research And Development": 22152000.0,
        "Selling General And Administration": 130134000.0,
        "Selling And Marketing Expense": 35126000.0,
        "General And Administrative Expense": 95008000.0,
        "Other Gand A": 95008000.0,
        "Gross Profit": 284101000.0,
        "Cost Of Revenue": 500690000.0,
        "Total Revenue": 784791000.0,
        "Operating Revenue": 784791000.0
    },
    "2024-09-30": {
        "Tax Effect Of Unusual Items": -741280.0,
        "Tax Rate For Calcs": 0.226,
        "Normalized EBITDA": 185002000.0,
        "Total Unusual Items": -3280000.0,
        "Total Unusual Items Excluding Goodwill": -3280000.0,
        "Net Income From Continuing Operation Net Minority Interest": 111160000.0,
        "Reconciled Depreciation": 26693000.0,
        "Reconciled Cost Of Revenue": 500655000.0,
        "EBITDA": 181722000.0,
        "EBIT": 155029000.0,
        "Net Interest Income": -11408000.0,
        "Interest Expense": 11408000.0,
        "Normalized Income": 113698720.0,
        "Net Income From Continuing And Discontinued Operation": 111160000.0,
        "Total Expenses": 650735000.0,
        "Total Operating Income As Reported": 144903000.0,
        "Diluted Average Shares": 38451000.0,
        "Basic Average Shares": 38208000.0,
        "Diluted EPS": 2.89,
        "Basic EPS": 2.91,
        "Diluted NI Availto Com Stockholders": 111160000.0,
        "Net Income Common Stockholders": 111160000.0,
        "Net Income": 111160000.0,
        "Net Income Including Noncontrolling Interests": 111160000.0,
        "Net Income Continuous Operations": 111160000.0,
        "Tax Provision": 32461000.0,
        "Pretax Income": 143621000.0,
        "Other Income Expense": 6846000.0,
        "Other Non Operating Income Expenses": 10126000.0,
        "Special Income Charges": -3280000.0,
        "Gain On Sale Of Business": NaN,
        "Restructuring And Mergern Acquisition": 3280000.0,
        "Net Non Operating Interest Income Expense": -11408000.0,
        "Interest Expense Non Operating": 11408000.0,
        "Operating Income": 148183000.0,
        "Operating Expense": 150080000.0,
        "Research And Development": 20734000.0,
        "Selling General And Administration": 129346000.0,
        "Selling And Marketing Expense": 37311000.0,
        "General And Administrative Expense": 92035000.0,
        "Other Gand A": 92035000.0,
        "Gross Profit": 298263000.0,
        "Cost Of Revenue": 500655000.0,
        "Total Revenue": 798918000.0,
        "Operating Revenue": 798918000.0
    }
}