{
    "2023-06-30": {
        "Tax Effect Of Unusual Items": NaN,
        "Tax Rate For Calcs": NaN,
        "Normalized EBITDA": NaN,
        "Total Unusual Items": NaN,
        "Total Unusual Items Excluding Goodwill": NaN,
        "Net Income From Continuing Operation Net Minority Interest": NaN,
        "Reconciled Depreciation": NaN,
        "Reconciled Cost Of Revenue": NaN,
        "EBITDA": NaN,
        "EBIT": NaN,
        "Net Interest Income": NaN,
        "Interest Expense": 57900000.0,
        "Normalized Income": NaN,
        "Net Income From Continuing And Discontinued Operation": NaN,
        "Total Expenses": NaN,
        "Total Operating Income As Reported": NaN,
        "Diluted Average Shares": NaN,
        "Basic Average Shares": NaN,
        "Diluted EPS": NaN,
        "Basic EPS": NaN,
        "Diluted NI Availto Com Stockholders": NaN,
        "Net Income Common Stockholders": NaN,
        "Net Income": NaN,
        "Net Income Including Noncontrolling Interests": NaN,
        "Net Income Continuous Operations": NaN,
        "Tax Provision": NaN,
        "Pretax Income": NaN,
        "Other Income Expense": NaN,
        "Other Non Operating Income Expenses": NaN,
        "Special Income Charges": NaN,
        "Restructuring And Mergern Acquisition": NaN,
        "Earnings From Equity Interest": NaN,
        "Net Non Operating Interest Income Expense": NaN,
        "Total Other Finance Cost": 57900000.0,
        "Interest Expense Non Operating": 57900000.0,
        "Operating Income": NaN,
        "Operating Expense": NaN,
        "Other Operating Expenses": NaN,
        "Depreciation Amortization Depletion Income Statement": NaN,
        "Depreciation And Amortization In Income Statement": NaN,
        "Selling General And Administration": 328900000.0,
        "General And Administrative Expense": 328900000.0,
        "Other Gand A": 328900000.0,
        "Gross Profit": NaN,
        "Cost Of Revenue": NaN,
        "Total Revenue": NaN,
        "Operating Revenue": NaN
    },
    "2023-03-31": {
        "Tax Effect Of Unusual Items": NaN,
        "Tax Rate For Calcs": NaN,
        "Normalized EBITDA": NaN,
        "Total Unusual Items": NaN,
        "Total Unusual Items Excluding Goodwill": NaN,
        "Net Income From Continuing Operation Net Minority Interest": NaN,
        "Reconciled Depreciation": NaN,
        "Reconciled Cost Of Revenue": NaN,
        "EBITDA": NaN,
        "EBIT": NaN,
        "Net Interest Income": NaN,
        "Interest Expense": 76800000.0,
        "Normalized Income": NaN,
        "Net Income From Continuing And Discontinued Operation": NaN,
        "Total Expenses": NaN,
        "Total Operating Income As Reported": NaN,
        "Diluted Average Shares": NaN,
        "Basic Average Shares": NaN,
        "Diluted EPS": NaN,
        "Basic EPS": NaN,
        "Diluted NI Availto Com Stockholders": NaN,
        "Net Income Common Stockholders": NaN,
        "Net Income": NaN,
        "Net Income Including Noncontrolling Interests": NaN,
        "Net Income Continuous Operations": NaN,
        "Tax Provision": NaN,
        "Pretax Income": NaN,
        "Other Income Expense": NaN,
        "Other Non Operating Income Expenses": NaN,
        "Special Income Charges": NaN,
        "Restructuring And Mergern Acquisition": NaN,
        "Earnings From Equity Interest": NaN,
        "Net Non Operating Interest Income Expense": NaN,
        "Total Other Finance Cost": NaN,
        "Interest Expense Non Operating": 76800000.0,
        "Operating Income": NaN,
        "Operating Expense": NaN,
        "Other Operating Expenses": NaN,
        "Depreciation Amortization Depletion Income Statement": NaN,
        "Depreciation And Amortization In Income Statement": NaN,
        "Selling General And Administration": NaN,
        "General And Administrative Expense": NaN,
        "Other Gand A": NaN,
        "Gross Profit": NaN,
        "Cost Of Revenue": NaN,
        "Total Revenue": NaN,
        "Operating Revenue": NaN
    },
    "2022-12-31": {
        "Tax Effect Of Unusual Items": NaN,
        "Tax Rate For Calcs": NaN,
        "Normalized EBITDA": NaN,
        "Total Unusual Items": NaN,
        "Total Unusual Items Excluding Goodwill": NaN,
        "Net Income From Continuing Operation Net Minority Interest": NaN,
        "Reconciled Depreciation": NaN,
        "Reconciled Cost Of Revenue": NaN,
        "EBITDA": NaN,
        "EBIT": NaN,
        "Net Interest Income": NaN,
        "Interest Expense": NaN,
        "Normalized Income": NaN,
        "Net Income From Continuing And Discontinued Operation": NaN,
        "Total Expenses": NaN,
        "Total Operating Income As Reported": NaN,
        "Diluted Average Shares": NaN,
        "Basic Average Shares": NaN,
        "Diluted EPS": NaN,
        "Basic EPS": NaN,
        "Diluted NI Availto Com Stockholders": NaN,
        "Net Income Common Stockholders": NaN,
        "Net Income": NaN,
        "Net Income Including Noncontrolling Interests": NaN,
        "Net Income Continuous Operations": NaN,
        "Tax Provision": NaN,
        "Pretax Income": NaN,
        "Other Income Expense": NaN,
        "Other Non Operating Income Expenses": NaN,
        "Special Income Charges": NaN,
        "Restructuring And Mergern Acquisition": 5800000.0,
        "Earnings From Equity Interest": NaN,
        "Net Non Operating Interest Income Expense": NaN,
        "Total Other Finance Cost": NaN,
        "Interest Expense Non Operating": NaN,
        "Operating Income": NaN,
        "Operating Expense": NaN,
        "Other Operating Expenses": NaN,
        "Depreciation Amortization Depletion Income Statement": NaN,
        "Depreciation And Amortization In Income Statement": NaN,
        "Selling General And Administration": NaN,
        "General And Administrative Expense": NaN,
        "Other Gand A": NaN,
        "Gross Profit": NaN,
        "Cost Of Revenue": NaN,
        "Total Revenue": NaN,
        "Operating Revenue": NaN
    },
    "2022-09-30": {
        "Tax Effect Of Unusual Items": NaN,
        "Tax Rate For Calcs": NaN,
        "Normalized EBITDA": NaN,
        "Total Unusual Items": NaN,
        "Total Unusual Items Excluding Goodwill": NaN,
        "Net Income From Continuing Operation Net Minority Interest": NaN,
        "Reconciled Depreciation": NaN,
        "Reconciled Cost Of Revenue": NaN,
        "EBITDA": NaN,
        "EBIT": NaN,
        "Net Interest Income": NaN,
        "Interest Expense": NaN,
        "Normalized Income": NaN,
        "Net Income From Continuing And Discontinued Operation": NaN,
        "Total Expenses": NaN,
        "Total Operating Income As Reported": NaN,
        "Diluted Average Shares": NaN,
        "Basic Average Shares": NaN,
        "Diluted EPS": NaN,
        "Basic EPS": NaN,
        "Diluted NI Availto Com Stockholders": NaN,
        "Net Income Common Stockholders": NaN,
        "Net Income": NaN,
        "Net Income Including Noncontrolling Interests": NaN,
        "Net Income Continuous Operations": NaN,
        "Tax Provision": NaN,
        "Pretax Income": NaN,
        "Other Income Expense": NaN,
        "Other Non Operating Income Expenses": NaN,
        "Special Income Charges": NaN,
        "Restructuring And Mergern Acquisition": NaN,
        "Earnings From Equity Interest": NaN,
        "Net Non Operating Interest Income Expense": NaN,
        "Interest Expense Non Operating": NaN,
        "Operating Income": NaN,
        "Operating Expense": NaN,
        "Other Operating Expenses": 315600000.0,
        "Depreciation Amortization Depletion Income Statement": NaN,
        "Depreciation And Amortization In Income Statement": NaN,
        "Selling General And Administration": NaN,
        "General And Administrative Expense": NaN,
        "Other Gand A": NaN,
        "Gross Profit": NaN,
        "Cost Of Revenue": NaN,
        "Total Revenue": NaN,
        "Operating Revenue": NaN
    },
    "2022-06-30": {
        "Tax Effect Of Unusual Items": -272682.926829,
        "Tax Rate For Calcs": 0.209756,
        "Normalized EBITDA": 234800000.0,
        "Total Unusual Items": -1300000.0,
        "Total Unusual Items Excluding Goodwill": -1300000.0,
        "Net Income From Continuing Operation Net Minority Interest": 97200000.0,
        "Reconciled Depreciation": 64400000.0,
        "Reconciled Cost Of Revenue": 2052800000.0,
        "EBITDA": 233500000.0,
        "EBIT": 169100000.0,
        "Net Interest Income": -46100000.0,
        "Interest Expense": 46100000.0,
        "Normalized Income": 98227317.073171,
        "Net Income From Continuing And Discontinued Operation": 97200000.0,
        "Total Expenses": 2434700000.0,
        "Total Operating Income As Reported": 176600000.0,
        "Diluted Average Shares": 228000000.0,
        "Basic Average Shares": 225600000.0,
        "Diluted EPS": 0.43,
        "Basic EPS": 0.43,
        "Diluted NI Availto Com Stockholders": 97200000.0,
        "Net Income Common Stockholders": 97200000.0,
        "Net Income": 97200000.0,
        "Net Income Including Noncontrolling Interests": 97200000.0,
        "Net Income Continuous Operations": 97200000.0,
        "Tax Provision": 25800000.0,
        "Pretax Income": 123000000.0,
        "Other Income Expense": -8800000.0,
        "Other Non Operating Income Expenses": -25000000.0,
        "Special Income Charges": -1300000.0,
        "Restructuring And Mergern Acquisition": 1300000.0,
        "Earnings From Equity Interest": 17500000.0,
        "Net Non Operating Interest Income Expense": -46100000.0,
        "Total Other Finance Cost": NaN,
        "Interest Expense Non Operating": 46100000.0,
        "Operating Income": 177900000.0,
        "Operating Expense": 357200000.0,
        "Other Operating Expenses": 317500000.0,
        "Depreciation Amortization Depletion Income Statement": 39700000.0,
        "Depreciation And Amortization In Income Statement": 39700000.0,
        "Selling General And Administration": 317500000.0,
        "General And Administrative Expense": 317500000.0,
        "Other Gand A": 317500000.0,
        "Gross Profit": 535100000.0,
        "Cost Of Revenue": 2077500000.0,
        "Total Revenue": 2612600000.0,
        "Operating Revenue": 2612600000.0
    },
    "2022-03-31": {
        "Diluted EPS": 0.2,
        "Total Revenue": NaN,
        "Gross Profit": 471,
        "Operating Income": 135,
        "EBIT": 203,
        "Net Income": 46
    },
    "2021-12-31": {
        "Diluted EPS": 0.65,
        "Total Revenue": NaN,
        "Gross Profit": 657,
        "Operating Income": 249,
        "EBIT": 322,
        "Net Income": 146
    },
    "2021-09-30": {
        "Diluted EPS": 0.3,
        "Total Revenue": NaN,
        "Gross Profit": 483,
        "Operating Income": 130,
        "EBIT": 202,
        "Net Income": 69
    },
    "2021-06-30": {
        "Diluted EPS": 0.23,
        "Total Revenue": NaN,
        "Gross Profit": 466,
        "Operating Income": 125,
        "EBIT": 193,
        "Net Income": 53
    },
    "2021-03-31": {
        "Diluted EPS": -0.08,
        "Total Revenue": NaN,
        "Gross Profit": 334,
        "Operating Income": -7,
        "EBIT": 65,
        "Net Income": -17
    },
    "2020-12-31": {
        "Diluted EPS": -0.12,
        "Total Revenue": NaN,
        "Gross Profit": 470,
        "Operating Income": 96,
        "EBIT": 183,
        "Net Income": -27
    },
    "2020-09-30": {
        "Diluted EPS": -0.17,
        "Total Revenue": NaN,
        "Gross Profit": 332,
        "Operating Income": 0,
        "EBIT": 96,
        "Net Income": -37
    },
    "2020-06-30": {
        "Diluted EPS": -0.46,
        "Total Revenue": NaN,
        "Gross Profit": 290,
        "Operating Income": -63,
        "EBIT": 42,
        "Net Income": -101
    },
    "2020-03-31": {
        "Diluted EPS": -0.25,
        "Total Revenue": NaN,
        "Gross Profit": 297,
        "Operating Income": -86,
        "EBIT": 18,
        "Net Income": -55
    },
    "2019-12-31": {
        "Diluted EPS": 0.02,
        "Total Revenue": NaN,
        "Gross Profit": 570,
        "Operating Income": 123,
        "EBIT": 231,
        "Net Income": 3
    },
    "2019-09-30": {
        "Diluted EPS": 0.05,
        "Total Revenue": NaN,
        "Gross Profit": 427,
        "Operating Income": 37,
        "EBIT": 142,
        "Net Income": 12
    },
    "2019-06-30": {
        "Diluted EPS": 0.03,
        "Total Revenue": NaN,
        "Gross Profit": 435,
        "Operating Income": 53,
        "EBIT": 157,
        "Net Income": 6
    },
    "2019-03-31": {
        "Diluted EPS": -0.1,
        "Total Revenue": NaN,
        "Gross Profit": 338,
        "Operating Income": -26,
        "EBIT": 76,
        "Net Income": -21
    },
    "2018-12-31": {
        "Diluted EPS": 0.01,
        "Total Revenue": NaN,
        "Gross Profit": 487,
        "Operating Income": 43,
        "EBIT": 122,
        "Net Income": -18
    },
    "2018-09-30": {
        "Diluted EPS": -0.23,
        "Total Revenue": NaN,
        "Gross Profit": 389,
        "Operating Income": 21,
        "EBIT": 95,
        "Net Income": -41
    },
    "2018-06-30": {
        "Diluted EPS": -0.23,
        "Total Revenue": NaN,
        "Gross Profit": 409,
        "Operating Income": 31,
        "EBIT": 107,
        "Net Income": -34
    },
    "2018-03-31": {
        "Diluted EPS": -0.64,
        "Total Revenue": NaN,
        "Gross Profit": 294,
        "Operating Income": -82,
        "EBIT": -9,
        "Net Income": -93
    },
    "2017-12-31": {
        "Diluted EPS": 0.0,
        "Total Revenue": NaN,
        "Gross Profit": NaN,
        "Operating Income": NaN,
        "EBIT": NaN,
        "Net Income": NaN
    },
    "2017-09-30": {
        "Diluted EPS": -0.55,
        "Total Revenue": NaN,
        "Gross Profit": 288,
        "Operating Income": -55,
        "EBIT": 14,
        "Net Income": -79
    },
    "2017-06-30": {
        "Diluted EPS": -0.33,
        "Total Revenue": NaN,
        "Gross Profit": 321,
        "Operating Income": -36,
        "EBIT": -36,
        "Net Income": -47
    },
    "2016-12-31": {
        "Diluted EPS": 0.0,
        "Total Revenue": NaN,
        "Gross Profit": NaN,
        "Operating Income": NaN,
        "EBIT": NaN,
        "Net Income": NaN
    },
    "2015-12-31": {
        "Diluted EPS": 0.0,
        "Total Revenue": NaN,
        "Gross Profit": NaN,
        "Operating Income": NaN,
        "EBIT": NaN,
        "Net Income": NaN
    },
    "2023-09-30": {
        "Tax Effect Of Unusual Items": -1932000.0,
        "Tax Rate For Calcs": 0.21,
        "Normalized EBITDA": 135300000.0,
        "Total Unusual Items": -9200000.0,
        "Total Unusual Items Excluding Goodwill": -9200000.0,
        "Net Income From Continuing Operation Net Minority Interest": -33900000.0,
        "Reconciled Depreciation": 59300000.0,
        "Reconciled Cost Of Revenue": 1859000000.0,
        "EBITDA": 126100000.0,
        "EBIT": 66800000.0,
        "Net Interest Income": -89500000.0,
        "Interest Expense": 89500000.0,
        "Normalized Income": -26632000.0,
        "Net Income From Continuing And Discontinued Operation": -33900000.0,
        "Total Expenses": 2219200000.0,
        "Total Operating Income As Reported": 57600000.0,
        "Diluted Average Shares": 227200000.0,
        "Basic Average Shares": 227200000.0,
        "Diluted EPS": -0.15,
        "Basic EPS": -0.15,
        "Diluted NI Availto Com Stockholders": -33900000.0,
        "Net Income Common Stockholders": -33900000.0,
        "Net Income": -33900000.0,
        "Net Income Including Noncontrolling Interests": -33900000.0,
        "Net Income Continuous Operations": -33900000.0,
        "Tax Provision": 16600000.0,
        "Pretax Income": -17300000.0,
        "Other Income Expense": 5400000.0,
        "Other Non Operating Income Expenses": -2000000.0,
        "Special Income Charges": -9200000.0,
        "Restructuring And Mergern Acquisition": 9200000.0,
        "Earnings From Equity Interest": 16600000.0,
        "Net Non Operating Interest Income Expense": -89500000.0,
        "Total Other Finance Cost": 89500000.0,
        "Interest Expense Non Operating": 89500000.0,
        "Operating Income": 66800000.0,
        "Operating Expense": 337100000.0,
        "Other Operating Expenses": 300900000.0,
        "Depreciation Amortization Depletion Income Statement": 36200000.0,
        "Depreciation And Amortization In Income Statement": 36200000.0,
        "Selling General And Administration": 300900000.0,
        "General And Administrative Expense": 300900000.0,
        "Other Gand A": 300900000.0,
        "Gross Profit": 403900000.0,
        "Cost Of Revenue": 1882100000.0,
        "Total Revenue": 2286000000.0,
        "Operating Revenue": 2286000000.0
    },
    "2023-12-31": {
        "Tax Effect Of Unusual Items": -62910.128388,
        "Tax Rate For Calcs": 0.00428,
        "Normalized EBITDA": 204700000.0,
        "Total Unusual Items": -14700000.0,
        "Total Unusual Items Excluding Goodwill": -14700000.0,
        "Net Income From Continuing Operation Net Minority Interest": 69800000.0,
        "Reconciled Depreciation": 63000000.0,
        "Reconciled Cost Of Revenue": 2047600000.0,
        "EBITDA": 190000000.0,
        "EBIT": 127000000.0,
        "Net Interest Income": -56900000.0,
        "Interest Expense": 56900000.0,
        "Normalized Income": 84437089.871612,
        "Net Income From Continuing And Discontinued Operation": 69800000.0,
        "Total Expenses": 2427700000.0,
        "Total Operating Income As Reported": 110000000.0,
        "Diluted Average Shares": 228900000.0,
        "Basic Average Shares": 227200000.0,
        "Diluted EPS": 0.3,
        "Basic EPS": 0.31,
        "Diluted NI Availto Com Stockholders": 69800000.0,
        "Net Income Common Stockholders": 69800000.0,
        "Net Income": 69800000.0,
        "Net Income Including Noncontrolling Interests": 69800000.0,
        "Net Income Continuous Operations": 69800000.0,
        "Tax Provision": 300000.0,
        "Pretax Income": 70100000.0,
        "Other Income Expense": 2300000.0,
        "Other Non Operating Income Expenses": 200000.0,
        "Special Income Charges": -14700000.0,
        "Restructuring And Mergern Acquisition": 14700000.0,
        "Earnings From Equity Interest": 16800000.0,
        "Net Non Operating Interest Income Expense": -56900000.0,
        "Total Other Finance Cost": NaN,
        "Interest Expense Non Operating": 56900000.0,
        "Operating Income": 124700000.0,
        "Operating Expense": 353900000.0,
        "Other Operating Expenses": 317100000.0,
        "Depreciation Amortization Depletion Income Statement": 36800000.0,
        "Depreciation And Amortization In Income Statement": 36800000.0,
        "Selling General And Administration": 317100000.0,
        "General And Administrative Expense": 317100000.0,
        "Other Gand A": 317100000.0,
        "Gross Profit": 478600000.0,
        "Cost Of Revenue": 2073800000.0,
        "Total Revenue": 2552400000.0,
        "Operating Revenue": 2552400000.0
    },
    "2024-03-31": {
        "Tax Effect Of Unusual Items": -1050000.0,
        "Tax Rate For Calcs": 0.21,
        "Normalized EBITDA": 91700000.0,
        "Total Unusual Items": -5000000.0,
        "Total Unusual Items Excluding Goodwill": -5000000.0,
        "Net Income From Continuing Operation Net Minority Interest": -28800000.0,
        "Reconciled Depreciation": 54500000.0,
        "Reconciled Cost Of Revenue": 1810500000.0,
        "EBITDA": 86700000.0,
        "EBIT": 32200000.0,
        "Net Interest Income": -58700000.0,
        "Interest Expense": 58700000.0,
        "Normalized Income": -24850000.0,
        "Net Income From Continuing And Discontinued Operation": -28800000.0,
        "Total Expenses": 2161000000.0,
        "Total Operating Income As Reported": 18800000.0,
        "Diluted Average Shares": 227900000.0,
        "Basic Average Shares": 227900000.0,
        "Diluted EPS": -0.13,
        "Basic EPS": -0.13,
        "Diluted NI Availto Com Stockholders": -28800000.0,
        "Net Income Common Stockholders": -28800000.0,
        "Net Income": -28800000.0,
        "Net Income Including Noncontrolling Interests": -28800000.0,
        "Net Income Continuous Operations": -28800000.0,
        "Tax Provision": 2300000.0,
        "Pretax Income": -26500000.0,
        "Other Income Expense": 8400000.0,
        "Other Non Operating Income Expenses": 1700000.0,
        "Special Income Charges": -5000000.0,
        "Restructuring And Mergern Acquisition": 5000000.0,
        "Earnings From Equity Interest": 11700000.0,
        "Net Non Operating Interest Income Expense": -58700000.0,
        "Total Other Finance Cost": NaN,
        "Interest Expense Non Operating": 58700000.0,
        "Operating Income": 23800000.0,
        "Operating Expense": 328500000.0,
        "Other Operating Expenses": 296000000.0,
        "Depreciation Amortization Depletion Income Statement": 32500000.0,
        "Depreciation And Amortization In Income Statement": 32500000.0,
        "Selling General And Administration": 296000000.0,
        "General And Administrative Expense": 296000000.0,
        "Other Gand A": 296000000.0,
        "Gross Profit": 352300000.0,
        "Cost Of Revenue": 1832500000.0,
        "Total Revenue": 2184800000.0,
        "Operating Revenue": 2184800000.0
    },
    "2024-06-30": {
        "Tax Effect Of Unusual Items": -3743023.255814,
        "Tax Rate For Calcs": 0.215116,
        "Normalized EBITDA": 159800000.0,
        "Total Unusual Items": -17400000.0,
        "Total Unusual Items Excluding Goodwill": -17400000.0,
        "Net Income From Continuing Operation Net Minority Interest": 13500000.0,
        "Reconciled Depreciation": 54600000.0,
        "Reconciled Cost Of Revenue": 1851400000.0,
        "EBITDA": 142400000.0,
        "EBIT": 87800000.0,
        "Net Interest Income": -60800000.0,
        "Interest Expense": NaN,
        "Normalized Income": 27156976.744186,
        "Net Income From Continuing And Discontinued Operation": 13500000.0,
        "Total Expenses": 2200200000.0,
        "Total Operating Income As Reported": 70400000.0,
        "Diluted Average Shares": 231500000.0,
        "Basic Average Shares": 229000000.0,
        "Diluted EPS": 0.06,
        "Basic EPS": 0.06,
        "Diluted NI Availto Com Stockholders": 13500000.0,
        "Net Income Common Stockholders": 13500000.0,
        "Net Income": 13500000.0,
        "Net Income Including Noncontrolling Interests": 13500000.0,
        "Net Income Continuous Operations": 13500000.0,
        "Tax Provision": 3700000.0,
        "Pretax Income": 17200000.0,
        "Other Income Expense": -9800000.0,
        "Other Non Operating Income Expenses": 3300000.0,
        "Special Income Charges": -17400000.0,
        "Restructuring And Mergern Acquisition": 17400000.0,
        "Earnings From Equity Interest": 4300000.0,
        "Net Non Operating Interest Income Expense": -60800000.0,
        "Total Other Finance Cost": 60800000.0,
        "Interest Expense Non Operating": NaN,
        "Operating Income": 87800000.0,
        "Operating Expense": 325400000.0,
        "Other Operating Expenses": 294200000.0,
        "Depreciation Amortization Depletion Income Statement": 31200000.0,
        "Depreciation And Amortization In Income Statement": 31200000.0,
        "Selling General And Administration": 294200000.0,
        "General And Administrative Expense": 294200000.0,
        "Other Gand A": 294200000.0,
        "Gross Profit": 413200000.0,
        "Cost Of Revenue": 1874800000.0,
        "Total Revenue": 2288000000.0,
        "Operating Revenue": 2288000000.0
    },
    "2024-09-30": {
        "Tax Effect Of Unusual Items": -5134528.301887,
        "Tax Rate For Calcs": 0.364151,
        "Normalized EBITDA": 154800000.0,
        "Total Unusual Items": -14100000.0,
        "Total Unusual Items Excluding Goodwill": -14100000.0,
        "Net Income From Continuing Operation Net Minority Interest": 33700000.0,
        "Reconciled Depreciation": 51400000.0,
        "Reconciled Cost Of Revenue": 1889300000.0,
        "EBITDA": 140700000.0,
        "EBIT": 89300000.0,
        "Net Interest Income": -54900000.0,
        "Interest Expense": NaN,
        "Normalized Income": 42665471.698113,
        "Net Income From Continuing And Discontinued Operation": 33700000.0,
        "Total Expenses": 2254900000.0,
        "Total Operating Income As Reported": 75200000.0,
        "Diluted Average Shares": 233400000.0,
        "Basic Average Shares": 229300000.0,
        "Diluted EPS": 0.14,
        "Basic EPS": 0.15,
        "Diluted NI Availto Com Stockholders": 33700000.0,
        "Net Income Common Stockholders": 33700000.0,
        "Net Income": 33700000.0,
        "Net Income Including Noncontrolling Interests": 33700000.0,
        "Net Income Continuous Operations": 33700000.0,
        "Tax Provision": 19300000.0,
        "Pretax Income": 53000000.0,
        "Other Income Expense": 18600000.0,
        "Other Non Operating Income Expenses": 20600000.0,
        "Special Income Charges": -14100000.0,
        "Restructuring And Mergern Acquisition": 14100000.0,
        "Earnings From Equity Interest": 12100000.0,
        "Net Non Operating Interest Income Expense": -54900000.0,
        "Total Other Finance Cost": 54900000.0,
        "Interest Expense Non Operating": NaN,
        "Operating Income": 89300000.0,
        "Operating Expense": 343100000.0,
        "Other Operating Expenses": 314200000.0,
        "Depreciation Amortization Depletion Income Statement": 28900000.0,
        "Depreciation And Amortization In Income Statement": 28900000.0,
        "Selling General And Administration": NaN,
        "General And Administrative Expense": NaN,
        "Other Gand A": NaN,
        "Gross Profit": 432400000.0,
        "Cost Of Revenue": 1911800000.0,
        "Total Revenue": 2344200000.0,
        "Operating Revenue": 2344200000.0
    }
}