{
    "2023-06-30": {
        "Tax Effect Of Unusual Items": 2826300.0,
        "Tax Rate For Calcs": 0.3,
        "Normalized EBITDA": 668674000.0,
        "Total Unusual Items": 9421000.0,
        "Total Unusual Items Excluding Goodwill": 9421000.0,
        "Net Income From Continuing Operation Net Minority Interest": 284240000.0,
        "Reconciled Depreciation": 50013000.0,
        "Reconciled Cost Of Revenue": 2925273000.0,
        "EBITDA": 678095000.0,
        "EBIT": 628082000.0,
        "Net Interest Income": -126531000.0,
        "Interest Expense": 127824000.0,
        "Interest Income": 1293000.0,
        "Normalized Income": 277645300.0,
        "Net Income From Continuing And Discontinued Operation": 271845000.0,
        "Total Expenses": 3834305000.0,
        "Total Operating Income As Reported": 616060000.0,
        "Diluted Average Shares": 1510250000.0,
        "Basic Average Shares": 1510250000.0,
        "Diluted EPS": 0.18,
        "Basic EPS": 0.18,
        "Diluted NI Availto Com Stockholders": 271845000.0,
        "Net Income Common Stockholders": 271845000.0,
        "Net Income": 271845000.0,
        "Minority Interests": -9380000.0,
        "Net Income Including Noncontrolling Interests": 281225000.0,
        "Net Income Discontinuous Operations": -12395000.0,
        "Net Income Continuous Operations": 293620000.0,
        "Tax Provision": 206638000.0,
        "Pretax Income": 500258000.0,
        "Other Income Expense": -21764000.0,
        "Other Non Operating Income Expenses": -54235000.0,
        "Earnings From Equity Interest": 23050000.0,
        "Gain On Sale Of Security": 9421000.0,
        "Net Non Operating Interest Income Expense": -126531000.0,
        "Total Other Finance Cost": NaN,
        "Interest Expense Non Operating": 127824000.0,
        "Interest Income Non Operating": 1293000.0,
        "Operating Income": 648552000.0,
        "Operating Expense": 909032000.0,
        "Depreciation Amortization Depletion Income Statement": 50013000.0,
        "Depreciation And Amortization In Income Statement": 50013000.0,
        "Depreciation Income Statement": 50013000.0,
        "Selling General And Administration": 859019000.0,
        "Selling And Marketing Expense": 572482000.0,
        "General And Administrative Expense": 286537000.0,
        "Other Gand A": 286537000.0,
        "Gross Profit": 1557584000.0,
        "Cost Of Revenue": 2925273000.0,
        "Total Revenue": 4482858000.0,
        "Operating Revenue": 4482858000.0
    },
    "2023-03-31": {
        "Tax Effect Of Unusual Items": NaN,
        "Tax Rate For Calcs": NaN,
        "Normalized EBITDA": NaN,
        "Total Unusual Items": NaN,
        "Total Unusual Items Excluding Goodwill": NaN,
        "Net Income From Continuing Operation Net Minority Interest": NaN,
        "Reconciled Depreciation": NaN,
        "Reconciled Cost Of Revenue": NaN,
        "EBITDA": NaN,
        "EBIT": NaN,
        "Net Interest Income": NaN,
        "Interest Expense": NaN,
        "Interest Income": NaN,
        "Normalized Income": NaN,
        "Net Income From Continuing And Discontinued Operation": NaN,
        "Total Expenses": NaN,
        "Total Operating Income As Reported": NaN,
        "Diluted Average Shares": NaN,
        "Basic Average Shares": NaN,
        "Diluted EPS": NaN,
        "Basic EPS": NaN,
        "Diluted NI Availto Com Stockholders": NaN,
        "Net Income Common Stockholders": NaN,
        "Net Income": NaN,
        "Minority Interests": NaN,
        "Net Income Including Noncontrolling Interests": NaN,
        "Net Income Discontinuous Operations": NaN,
        "Net Income Continuous Operations": NaN,
        "Tax Provision": NaN,
        "Pretax Income": NaN,
        "Other Income Expense": NaN,
        "Other Non Operating Income Expenses": NaN,
        "Earnings From Equity Interest": NaN,
        "Gain On Sale Of Security": NaN,
        "Net Non Operating Interest Income Expense": NaN,
        "Total Other Finance Cost": 23758000.0,
        "Interest Expense Non Operating": NaN,
        "Interest Income Non Operating": NaN,
        "Operating Income": NaN,
        "Operating Expense": NaN,
        "Depreciation Amortization Depletion Income Statement": NaN,
        "Depreciation And Amortization In Income Statement": NaN,
        "Depreciation Income Statement": NaN,
        "Selling General And Administration": NaN,
        "Selling And Marketing Expense": NaN,
        "General And Administrative Expense": NaN,
        "Other Gand A": NaN,
        "Gross Profit": NaN,
        "Cost Of Revenue": NaN,
        "Total Revenue": NaN,
        "Operating Revenue": NaN
    },
    "2022-12-31": {
        "Tax Effect Of Unusual Items": -108684600.0,
        "Tax Rate For Calcs": 0.3,
        "Normalized EBITDA": 437861000.0,
        "Total Unusual Items": -362282000.0,
        "Total Unusual Items Excluding Goodwill": -362282000.0,
        "Net Income From Continuing Operation Net Minority Interest": -171371000.0,
        "Reconciled Depreciation": 49541000.0,
        "Reconciled Cost Of Revenue": 2660664000.0,
        "EBITDA": 75579000.0,
        "EBIT": 26038000.0,
        "Net Interest Income": -169415000.0,
        "Interest Expense": 162020000.0,
        "Interest Income": 14605000.0,
        "Normalized Income": 82226400.0,
        "Net Income From Continuing And Discontinued Operation": -99497000.0,
        "Total Expenses": 3507333000.0,
        "Total Operating Income As Reported": -99357000.0,
        "Diluted Average Shares": 1416488070.0,
        "Basic Average Shares": 1416488070.0,
        "Diluted EPS": -0.06999,
        "Basic EPS": -0.06999,
        "Diluted NI Availto Com Stockholders": -99497000.0,
        "Net Income Common Stockholders": -99497000.0,
        "Net Income": -99497000.0,
        "Minority Interests": 2538000.0,
        "Net Income Including Noncontrolling Interests": -102035000.0,
        "Net Income Discontinuous Operations": 71874000.0,
        "Net Income Continuous Operations": -173908000.0,
        "Tax Provision": 37927000.0,
        "Pretax Income": -135982000.0,
        "Other Income Expense": -327932000.0,
        "Other Non Operating Income Expenses": NaN,
        "Earnings From Equity Interest": -16332000.0,
        "Gain On Sale Of Security": 104718000.0,
        "Net Non Operating Interest Income Expense": -169415000.0,
        "Total Other Finance Cost": NaN,
        "Interest Expense Non Operating": 162020000.0,
        "Interest Income Non Operating": 14605000.0,
        "Operating Income": 361365000.0,
        "Operating Expense": 846669000.0,
        "Depreciation Amortization Depletion Income Statement": 49541000.0,
        "Depreciation And Amortization In Income Statement": 49541000.0,
        "Depreciation Income Statement": NaN,
        "Selling General And Administration": -1089872000.0,
        "Selling And Marketing Expense": NaN,
        "General And Administrative Expense": 487771000.0,
        "Other Gand A": -550229000.0,
        "Gross Profit": 1208034000.0,
        "Cost Of Revenue": 2660664000.0,
        "Total Revenue": 3868698000.0,
        "Operating Revenue": 3868698000.0
    },
    "2022-09-30": {
        "Tax Effect Of Unusual Items": 598376.176493,
        "Tax Rate For Calcs": 0.155342,
        "Normalized EBITDA": 413218000.0,
        "Total Unusual Items": 3852000.0,
        "Total Unusual Items Excluding Goodwill": 3852000.0,
        "Net Income From Continuing Operation Net Minority Interest": 260509000.0,
        "Reconciled Depreciation": 48514000.0,
        "Reconciled Cost Of Revenue": 2750252000.0,
        "EBITDA": 417070000.0,
        "EBIT": 368556000.0,
        "Net Interest Income": -37923000.0,
        "Interest Expense": 43331000.0,
        "Interest Income": 5408000.0,
        "Normalized Income": 257255376.176493,
        "Net Income From Continuing And Discontinued Operation": 494091000.0,
        "Total Expenses": 3592146000.0,
        "Total Operating Income As Reported": 350685000.0,
        "Diluted Average Shares": 1448778697.0,
        "Basic Average Shares": 1448778697.0,
        "Diluted EPS": 10.2,
        "Basic EPS": 10.2,
        "Diluted NI Availto Com Stockholders": 494091000.0,
        "Net Income Common Stockholders": 494091000.0,
        "Net Income": 494091000.0,
        "Minority Interests": -14195000.0,
        "Net Income Including Noncontrolling Interests": 508286000.0,
        "Net Income Discontinuous Operations": 233582000.0,
        "Net Income Continuous Operations": 274704000.0,
        "Tax Provision": 50521000.0,
        "Pretax Income": 325225000.0,
        "Other Income Expense": -270000.0,
        "Other Non Operating Income Expenses": -27667000.0,
        "Earnings From Equity Interest": 23545000.0,
        "Gain On Sale Of Security": 3852000.0,
        "Net Non Operating Interest Income Expense": -37923000.0,
        "Total Other Finance Cost": NaN,
        "Interest Expense Non Operating": 43331000.0,
        "Interest Income Non Operating": 5408000.0,
        "Operating Income": 363419000.0,
        "Operating Expense": 841894000.0,
        "Depreciation Amortization Depletion Income Statement": 48514000.0,
        "Depreciation And Amortization In Income Statement": 48514000.0,
        "Depreciation Income Statement": 48514000.0,
        "Selling General And Administration": 793380000.0,
        "Selling And Marketing Expense": 543977000.0,
        "General And Administrative Expense": 249403000.0,
        "Other Gand A": 249403000.0,
        "Gross Profit": 1205313000.0,
        "Cost Of Revenue": 2750252000.0,
        "Total Revenue": 3955565000.0,
        "Operating Revenue": 3955565000.0
    },
    "2022-06-30": {
        "Tax Effect Of Unusual Items": -5509814.151146,
        "Tax Rate For Calcs": 0.204438,
        "Normalized EBITDA": 517093000.0,
        "Total Unusual Items": -26951000.0,
        "Total Unusual Items Excluding Goodwill": -26951000.0,
        "Net Income From Continuing Operation Net Minority Interest": 261420000.0,
        "Reconciled Depreciation": 50061000.0,
        "Reconciled Cost Of Revenue": 2807111000.0,
        "EBITDA": 490142000.0,
        "EBIT": 440081000.0,
        "Net Interest Income": -100850000.0,
        "Interest Expense": 104405000.0,
        "Interest Income": 3555000.0,
        "Normalized Income": 282861185.848854,
        "Net Income From Continuing And Discontinued Operation": 265322000.0,
        "Total Expenses": 3643128000.0,
        "Total Operating Income As Reported": 460210000.0,
        "Diluted Average Shares": 1450832824.0,
        "Basic Average Shares": 1450832824.0,
        "Diluted EPS": 5.4,
        "Basic EPS": 5.4,
        "Diluted NI Availto Com Stockholders": 265322000.0,
        "Net Income Common Stockholders": 265322000.0,
        "Net Income": 265322000.0,
        "Minority Interests": -5632000.0,
        "Net Income Including Noncontrolling Interests": 270953000.0,
        "Net Income Discontinuous Operations": 3902000.0,
        "Net Income Continuous Operations": 267051000.0,
        "Tax Provision": 68625000.0,
        "Pretax Income": 335676000.0,
        "Other Income Expense": 144000.0,
        "Other Non Operating Income Expenses": 9709000.0,
        "Earnings From Equity Interest": 17386000.0,
        "Gain On Sale Of Security": -26951000.0,
        "Net Non Operating Interest Income Expense": -100850000.0,
        "Total Other Finance Cost": NaN,
        "Interest Expense Non Operating": 104405000.0,
        "Interest Income Non Operating": 3555000.0,
        "Operating Income": 436383000.0,
        "Operating Expense": 836017000.0,
        "Depreciation Amortization Depletion Income Statement": 50061000.0,
        "Depreciation And Amortization In Income Statement": 50061000.0,
        "Depreciation Income Statement": 50061000.0,
        "Selling General And Administration": 785956000.0,
        "Selling And Marketing Expense": 549970000.0,
        "General And Administrative Expense": 235986000.0,
        "Other Gand A": 235986000.0,
        "Gross Profit": 1272400000.0,
        "Cost Of Revenue": 2807111000.0,
        "Total Revenue": 4079511000.0,
        "Operating Revenue": 4079511000.0
    },
    "2023-09-30": {
        "Tax Effect Of Unusual Items": -11025300.0,
        "Tax Rate For Calcs": 0.3,
        "Normalized EBITDA": 559935000.0,
        "Total Unusual Items": -36751000.0,
        "Total Unusual Items Excluding Goodwill": -36751000.0,
        "Net Income From Continuing Operation Net Minority Interest": 114196000.0,
        "Reconciled Depreciation": 51991000.0,
        "Reconciled Cost Of Revenue": 2874013000.0,
        "EBITDA": 523184000.0,
        "EBIT": 471193000.0,
        "Net Interest Income": -123254000.0,
        "Interest Expense": 132697000.0,
        "Interest Income": 9443000.0,
        "Normalized Income": 139921700.0,
        "Net Income From Continuing And Discontinued Operation": 125873000.0,
        "Total Expenses": 3806907000.0,
        "Total Operating Income As Reported": 484838000.0,
        "Diluted Average Shares": 1412716049.0,
        "Basic Average Shares": 1412716049.0,
        "Diluted EPS": 0.0891,
        "Basic EPS": 0.0891,
        "Diluted NI Availto Com Stockholders": 125873000.0,
        "Net Income Common Stockholders": 125873000.0,
        "Net Income": 125873000.0,
        "Minority Interests": -9389000.0,
        "Net Income Including Noncontrolling Interests": 135262000.0,
        "Net Income Discontinuous Operations": 11677000.0,
        "Net Income Continuous Operations": 123585000.0,
        "Tax Provision": 214911000.0,
        "Pretax Income": 338496000.0,
        "Other Income Expense": -95215000.0,
        "Other Non Operating Income Expenses": -93626000.0,
        "Earnings From Equity Interest": 35162000.0,
        "Gain On Sale Of Security": -36751000.0,
        "Net Non Operating Interest Income Expense": -123254000.0,
        "Total Other Finance Cost": NaN,
        "Interest Expense Non Operating": 132697000.0,
        "Interest Income Non Operating": 9443000.0,
        "Operating Income": 556966000.0,
        "Operating Expense": 932894000.0,
        "Depreciation Amortization Depletion Income Statement": 51991000.0,
        "Depreciation And Amortization In Income Statement": 51991000.0,
        "Depreciation Income Statement": 51991000.0,
        "Selling General And Administration": 880903000.0,
        "Selling And Marketing Expense": 580681000.0,
        "General And Administrative Expense": 300222000.0,
        "Other Gand A": 300222000.0,
        "Gross Profit": 1489860000.0,
        "Cost Of Revenue": 2874013000.0,
        "Total Revenue": 4363873000.0,
        "Operating Revenue": 4363873000.0
    },
    "2023-12-31": {
        "Tax Effect Of Unusual Items": -60282600.0,
        "Tax Rate For Calcs": 0.3,
        "Normalized EBITDA": 684183000.0,
        "Total Unusual Items": -200942000.0,
        "Total Unusual Items Excluding Goodwill": -200942000.0,
        "Net Income From Continuing Operation Net Minority Interest": -441163000.0,
        "Reconciled Depreciation": 56115000.0,
        "Reconciled Cost Of Revenue": 2784069000.0,
        "EBITDA": 483241000.0,
        "EBIT": 427126000.0,
        "Net Interest Income": -205371000.0,
        "Interest Expense": 175971000.0,
        "Interest Income": 12600000.0,
        "Normalized Income": -300503600.0,
        "Net Income From Continuing And Discontinued Operation": -441163000.0,
        "Total Expenses": 3783075000.0,
        "Total Operating Income As Reported": 293354000.0,
        "Diluted Average Shares": 1470000000.0,
        "Basic Average Shares": 1470000000.0,
        "Diluted EPS": -0.3,
        "Basic EPS": -0.3,
        "Diluted NI Availto Com Stockholders": -441163000.0,
        "Net Income Common Stockholders": -441163000.0,
        "Net Income": -441163000.0,
        "Minority Interests": 684000.0,
        "Net Income Including Noncontrolling Interests": -441847000.0,
        "Net Income Discontinuous Operations": 0.0,
        "Net Income Continuous Operations": -441847000.0,
        "Tax Provision": 693002000.0,
        "Pretax Income": 251155000.0,
        "Other Income Expense": 24025000.0,
        "Other Non Operating Income Expenses": -138722000.0,
        "Earnings From Equity Interest": 31855000.0,
        "Gain On Sale Of Security": 64058000.0,
        "Net Non Operating Interest Income Expense": -205371000.0,
        "Total Other Finance Cost": 25678000.0,
        "Interest Expense Non Operating": 175971000.0,
        "Interest Income Non Operating": 12600000.0,
        "Operating Income": 432503000.0,
        "Operating Expense": 999006000.0,
        "Depreciation Amortization Depletion Income Statement": 56115000.0,
        "Depreciation And Amortization In Income Statement": 56115000.0,
        "Depreciation Income Statement": 56755000.0,
        "Selling General And Administration": -1198109000.0,
        "Selling And Marketing Expense": 594349000.0,
        "General And Administrative Expense": 516874000.0,
        "Other Gand A": -637126000.0,
        "Gross Profit": 1431509000.0,
        "Cost Of Revenue": 2784069000.0,
        "Total Revenue": 4215577000.0,
        "Operating Revenue": 4215577000.0
    },
    "2024-03-31": {
        "Tax Effect Of Unusual Items": 3003605.702456,
        "Tax Rate For Calcs": 0.145207,
        "Normalized EBITDA": 479600000.0,
        "Total Unusual Items": 20685000.0,
        "Total Unusual Items Excluding Goodwill": 20685000.0,
        "Net Income From Continuing Operation Net Minority Interest": 254396000.0,
        "Reconciled Depreciation": 56966000.0,
        "Reconciled Cost Of Revenue": 2747949000.0,
        "EBITDA": 500285000.0,
        "EBIT": 443319000.0,
        "Net Interest Income": -131014000.0,
        "Interest Expense": 140923000.0,
        "Interest Income": 9909000.0,
        "Normalized Income": 236714605.702456,
        "Net Income From Continuing And Discontinued Operation": 254396000.0,
        "Total Expenses": 3685889000.0,
        "Total Operating Income As Reported": 428444000.0,
        "Diluted Average Shares": 1495567313.0,
        "Basic Average Shares": 1495567313.0,
        "Diluted EPS": 0.1701,
        "Basic EPS": 0.1701,
        "Diluted NI Availto Com Stockholders": 254396000.0,
        "Net Income Common Stockholders": 254396000.0,
        "Net Income": 254396000.0,
        "Minority Interests": -4091000.0,
        "Net Income Including Noncontrolling Interests": 258486000.0,
        "Net Income Discontinuous Operations": 0.0,
        "Net Income Continuous Operations": 258486000.0,
        "Tax Provision": 43910000.0,
        "Pretax Income": 302396000.0,
        "Other Income Expense": -18210000.0,
        "Other Non Operating Income Expenses": -47494000.0,
        "Earnings From Equity Interest": 8599000.0,
        "Gain On Sale Of Security": 20685000.0,
        "Net Non Operating Interest Income Expense": -131014000.0,
        "Total Other Finance Cost": NaN,
        "Interest Expense Non Operating": 140923000.0,
        "Interest Income Non Operating": 9909000.0,
        "Operating Income": 451621000.0,
        "Operating Expense": 937940000.0,
        "Depreciation Amortization Depletion Income Statement": 56966000.0,
        "Depreciation And Amortization In Income Statement": 56966000.0,
        "Depreciation Income Statement": 56966000.0,
        "Selling General And Administration": 880974000.0,
        "Selling And Marketing Expense": 573887000.0,
        "General And Administrative Expense": 307087000.0,
        "Other Gand A": 307087000.0,
        "Gross Profit": 1389561000.0,
        "Cost Of Revenue": 2747949000.0,
        "Total Revenue": 4137511000.0,
        "Operating Revenue": 4137511000.0
    },
    "2024-06-30": {
        "Tax Effect Of Unusual Items": -50752674.629284,
        "Tax Rate For Calcs": 0.292506,
        "Normalized EBITDA": 729273000.0,
        "Total Unusual Items": -173510000.0,
        "Total Unusual Items Excluding Goodwill": -173510000.0,
        "Net Income From Continuing Operation Net Minority Interest": 250305000.0,
        "Reconciled Depreciation": 56968000.0,
        "Reconciled Cost Of Revenue": 2889981000.0,
        "EBITDA": 555763000.0,
        "EBIT": 498795000.0,
        "Net Interest Income": -129994000.0,
        "Interest Expense": 133421000.0,
        "Interest Income": 3427000.0,
        "Normalized Income": 373062325.370716,
        "Net Income From Continuing And Discontinued Operation": 230388000.0,
        "Total Expenses": 3847108000.0,
        "Total Operating Income As Reported": 665929000.0,
        "Diluted Average Shares": 1439745032.0,
        "Basic Average Shares": 1439745032.0,
        "Diluted EPS": 0.16002,
        "Basic EPS": 0.16002,
        "Diluted NI Availto Com Stockholders": 230388000.0,
        "Net Income Common Stockholders": 230388000.0,
        "Net Income": 230388000.0,
        "Minority Interests": -8195000.0,
        "Net Income Including Noncontrolling Interests": 238583000.0,
        "Net Income Discontinuous Operations": -19917000.0,
        "Net Income Continuous Operations": 258500000.0,
        "Tax Provision": 106874000.0,
        "Pretax Income": 365374000.0,
        "Other Income Expense": -151699000.0,
        "Other Non Operating Income Expenses": -2643000.0,
        "Earnings From Equity Interest": 24454000.0,
        "Gain On Sale Of Security": -173510000.0,
        "Net Non Operating Interest Income Expense": -129994000.0,
        "Total Other Finance Cost": NaN,
        "Interest Expense Non Operating": 133421000.0,
        "Interest Income Non Operating": 3427000.0,
        "Operating Income": 647067000.0,
        "Operating Expense": 957127000.0,
        "Depreciation Amortization Depletion Income Statement": 56968000.0,
        "Depreciation And Amortization In Income Statement": 56968000.0,
        "Depreciation Income Statement": 56968000.0,
        "Selling General And Administration": 900159000.0,
        "Selling And Marketing Expense": 597896000.0,
        "General And Administrative Expense": 302263000.0,
        "Other Gand A": 302263000.0,
        "Gross Profit": 1604194000.0,
        "Cost Of Revenue": 2889981000.0,
        "Total Revenue": 4494175000.0,
        "Operating Revenue": 4494175000.0
    },
    "2024-09-30": {
        "Tax Effect Of Unusual Items": -24530100.0,
        "Tax Rate For Calcs": 0.3,
        "Normalized EBITDA": 474336000.0,
        "Total Unusual Items": -81767000.0,
        "Total Unusual Items Excluding Goodwill": -81767000.0,
        "Net Income From Continuing Operation Net Minority Interest": 210595000.0,
        "Reconciled Depreciation": 56389000.0,
        "Reconciled Cost Of Revenue": 2749718000.0,
        "EBITDA": 392569000.0,
        "EBIT": 336180000.0,
        "Net Interest Income": -133460000.0,
        "Interest Expense": 141485000.0,
        "Interest Income": 8025000.0,
        "Normalized Income": 267831900.0,
        "Net Income From Continuing And Discontinued Operation": 405717000.0,
        "Total Expenses": 3661939000.0,
        "Total Operating Income As Reported": 398366000.0,
        "Diluted Average Shares": 1517833895.0,
        "Basic Average Shares": 1517833895.0,
        "Diluted EPS": 0.2673,
        "Basic EPS": 0.2673,
        "Diluted NI Availto Com Stockholders": 405717000.0,
        "Net Income Common Stockholders": 405717000.0,
        "Net Income": 405717000.0,
        "Minority Interests": -2758000.0,
        "Net Income Including Noncontrolling Interests": 408475000.0,
        "Net Income Discontinuous Operations": 195122000.0,
        "Net Income Continuous Operations": 213353000.0,
        "Tax Provision": -18658000.0,
        "Pretax Income": 194695000.0,
        "Other Income Expense": -99579000.0,
        "Other Non Operating Income Expenses": -53010000.0,
        "Earnings From Equity Interest": 35198000.0,
        "Gain On Sale Of Security": -81767000.0,
        "Net Non Operating Interest Income Expense": -133460000.0,
        "Total Other Finance Cost": NaN,
        "Interest Expense Non Operating": 141485000.0,
        "Interest Income Non Operating": 8025000.0,
        "Operating Income": 427735000.0,
        "Operating Expense": 912221000.0,
        "Depreciation Amortization Depletion Income Statement": 56389000.0,
        "Depreciation And Amortization In Income Statement": 56389000.0,
        "Depreciation Income Statement": 56389000.0,
        "Selling General And Administration": 855832000.0,
        "Selling And Marketing Expense": 557158000.0,
        "General And Administrative Expense": 298674000.0,
        "Other Gand A": 298674000.0,
        "Gross Profit": 1339956000.0,
        "Cost Of Revenue": 2749718000.0,
        "Total Revenue": 4089673000.0,
        "Operating Revenue": 4089673000.0
    }
}