{
    "2023-03-31": {
        "Tax Effect Of Unusual Items": NaN,
        "Tax Rate For Calcs": NaN,
        "Normalized EBITDA": NaN,
        "Total Unusual Items": NaN,
        "Total Unusual Items Excluding Goodwill": NaN,
        "Net Income From Continuing Operation Net Minority Interest": NaN,
        "Reconciled Depreciation": NaN,
        "Reconciled Cost Of Revenue": NaN,
        "EBITDA": NaN,
        "EBIT": NaN,
        "Net Interest Income": NaN,
        "Interest Expense": 1000.0,
        "Interest Income": NaN,
        "Normalized Income": NaN,
        "Net Income From Continuing And Discontinued Operation": NaN,
        "Total Expenses": NaN,
        "Total Operating Income As Reported": NaN,
        "Diluted Average Shares": NaN,
        "Basic Average Shares": NaN,
        "Diluted EPS": NaN,
        "Basic EPS": NaN,
        "Diluted NI Availto Com Stockholders": NaN,
        "Net Income Common Stockholders": NaN,
        "Net Income": NaN,
        "Net Income Including Noncontrolling Interests": NaN,
        "Net Income Continuous Operations": NaN,
        "Tax Provision": NaN,
        "Pretax Income": NaN,
        "Other Income Expense": NaN,
        "Other Non Operating Income Expenses": NaN,
        "Special Income Charges": NaN,
        "Other Special Charges": NaN,
        "Impairment Of Capital Assets": 0.0,
        "Restructuring And Mergern Acquisition": NaN,
        "Gain On Sale Of Security": NaN,
        "Net Non Operating Interest Income Expense": NaN,
        "Total Other Finance Cost": NaN,
        "Interest Expense Non Operating": 1000.0,
        "Interest Income Non Operating": NaN,
        "Operating Income": NaN,
        "Operating Expense": NaN,
        "Depreciation Amortization Depletion Income Statement": NaN,
        "Depreciation And Amortization In Income Statement": NaN,
        "Amortization": NaN,
        "Amortization Of Intangibles Income Statement": NaN,
        "Research And Development": NaN,
        "Selling General And Administration": NaN,
        "Selling And Marketing Expense": NaN,
        "General And Administrative Expense": NaN,
        "Other Gand A": NaN,
        "Salaries And Wages": NaN,
        "Gross Profit": NaN,
        "Cost Of Revenue": NaN,
        "Total Revenue": NaN,
        "Operating Revenue": NaN
    },
    "2022-12-31": {
        "Tax Effect Of Unusual Items": NaN,
        "Tax Rate For Calcs": NaN,
        "Normalized EBITDA": NaN,
        "Total Unusual Items": NaN,
        "Total Unusual Items Excluding Goodwill": NaN,
        "Net Income From Continuing Operation Net Minority Interest": NaN,
        "Reconciled Depreciation": NaN,
        "Reconciled Cost Of Revenue": NaN,
        "EBITDA": NaN,
        "EBIT": NaN,
        "Net Interest Income": NaN,
        "Interest Expense": NaN,
        "Interest Income": 74185.0,
        "Normalized Income": NaN,
        "Net Income From Continuing And Discontinued Operation": NaN,
        "Total Expenses": NaN,
        "Total Operating Income As Reported": NaN,
        "Diluted Average Shares": NaN,
        "Basic Average Shares": NaN,
        "Diluted EPS": NaN,
        "Basic EPS": NaN,
        "Diluted NI Availto Com Stockholders": NaN,
        "Net Income Common Stockholders": NaN,
        "Net Income": NaN,
        "Net Income Including Noncontrolling Interests": NaN,
        "Net Income Continuous Operations": NaN,
        "Tax Provision": NaN,
        "Pretax Income": NaN,
        "Other Income Expense": NaN,
        "Other Non Operating Income Expenses": 0.0,
        "Special Income Charges": NaN,
        "Impairment Of Capital Assets": NaN,
        "Restructuring And Mergern Acquisition": NaN,
        "Gain On Sale Of Security": NaN,
        "Net Non Operating Interest Income Expense": NaN,
        "Total Other Finance Cost": NaN,
        "Interest Expense Non Operating": NaN,
        "Interest Income Non Operating": 74185.0,
        "Operating Income": NaN,
        "Operating Expense": NaN,
        "Depreciation Amortization Depletion Income Statement": NaN,
        "Depreciation And Amortization In Income Statement": NaN,
        "Amortization": NaN,
        "Amortization Of Intangibles Income Statement": NaN,
        "Research And Development": NaN,
        "Selling General And Administration": NaN,
        "Selling And Marketing Expense": NaN,
        "General And Administrative Expense": NaN,
        "Other Gand A": NaN,
        "Salaries And Wages": NaN,
        "Gross Profit": NaN,
        "Cost Of Revenue": NaN,
        "Total Revenue": NaN,
        "Operating Revenue": NaN
    },
    "2022-09-30": {
        "Tax Effect Of Unusual Items": NaN,
        "Tax Rate For Calcs": NaN,
        "Normalized EBITDA": NaN,
        "Total Unusual Items": NaN,
        "Total Unusual Items Excluding Goodwill": NaN,
        "Net Income From Continuing Operation Net Minority Interest": NaN,
        "Reconciled Depreciation": 1219000.0,
        "Reconciled Cost Of Revenue": 251000.0,
        "EBITDA": NaN,
        "EBIT": NaN,
        "Net Interest Income": NaN,
        "Interest Expense": NaN,
        "Interest Income": 46497.0,
        "Normalized Income": NaN,
        "Net Income From Continuing And Discontinued Operation": NaN,
        "Total Expenses": NaN,
        "Total Operating Income As Reported": NaN,
        "Diluted Average Shares": 7838090.0,
        "Basic Average Shares": 7838090.0,
        "Diluted EPS": -1.394345,
        "Basic EPS": -1.394345,
        "Diluted NI Availto Com Stockholders": NaN,
        "Net Income Common Stockholders": NaN,
        "Net Income": NaN,
        "Net Income Including Noncontrolling Interests": NaN,
        "Net Income Continuous Operations": NaN,
        "Tax Provision": NaN,
        "Pretax Income": NaN,
        "Other Income Expense": NaN,
        "Other Non Operating Income Expenses": -1407000.0,
        "Special Income Charges": 0.0,
        "Impairment Of Capital Assets": 0.0,
        "Restructuring And Mergern Acquisition": 0.0,
        "Gain On Sale Of Security": NaN,
        "Net Non Operating Interest Income Expense": NaN,
        "Total Other Finance Cost": 6000.0,
        "Interest Expense Non Operating": NaN,
        "Interest Income Non Operating": 46497.0,
        "Operating Income": NaN,
        "Operating Expense": NaN,
        "Depreciation Amortization Depletion Income Statement": 971000.0,
        "Depreciation And Amortization In Income Statement": 971000.0,
        "Amortization": 971000.0,
        "Amortization Of Intangibles Income Statement": 971000.0,
        "Research And Development": 2508000.0,
        "Selling General And Administration": 7280000.0,
        "Selling And Marketing Expense": 1146000.0,
        "General And Administrative Expense": 6134000.0,
        "Other Gand A": 6134000.0,
        "Salaries And Wages": NaN,
        "Gross Profit": 1243000.0,
        "Cost Of Revenue": 499000.0,
        "Total Revenue": NaN,
        "Operating Revenue": NaN
    },
    "2022-06-30": {
        "Tax Effect Of Unusual Items": 1054.504,
        "Tax Rate For Calcs": 0.0023,
        "Normalized EBITDA": -760213.0,
        "Total Unusual Items": 458480.0,
        "Total Unusual Items Excluding Goodwill": 458480.0,
        "Net Income From Continuing Operation Net Minority Interest": 10071447.0,
        "Reconciled Depreciation": NaN,
        "Reconciled Cost Of Revenue": NaN,
        "EBITDA": -301733.0,
        "EBIT": -301733.0,
        "Net Interest Income": 277566.0,
        "Interest Expense": NaN,
        "Interest Income": 277566.0,
        "Normalized Income": 9614021.504,
        "Net Income From Continuing And Discontinued Operation": 10071447.0,
        "Total Expenses": 301733.0,
        "Total Operating Income As Reported": -301733.0,
        "Diluted Average Shares": 7838090.0,
        "Basic Average Shares": 7838090.0,
        "Diluted EPS": -1.407741,
        "Basic EPS": -1.407741,
        "Diluted NI Availto Com Stockholders": 10071447.0,
        "Net Income Common Stockholders": 10071447.0,
        "Net Income": 10071447.0,
        "Net Income Including Noncontrolling Interests": 10071447.0,
        "Net Income Continuous Operations": 10071447.0,
        "Tax Provision": 22866.0,
        "Pretax Income": 10094313.0,
        "Other Income Expense": 10118480.0,
        "Other Non Operating Income Expenses": 9660000.0,
        "Special Income Charges": NaN,
        "Impairment Of Capital Assets": NaN,
        "Restructuring And Mergern Acquisition": NaN,
        "Gain On Sale Of Security": 458480.0,
        "Net Non Operating Interest Income Expense": 277566.0,
        "Interest Expense Non Operating": NaN,
        "Interest Income Non Operating": 277566.0,
        "Operating Income": -301733.0,
        "Operating Expense": 301733.0,
        "Depreciation Amortization Depletion Income Statement": NaN,
        "Depreciation And Amortization In Income Statement": NaN,
        "Amortization": NaN,
        "Amortization Of Intangibles Income Statement": NaN,
        "Research And Development": NaN,
        "Selling General And Administration": NaN,
        "Selling And Marketing Expense": NaN,
        "General And Administrative Expense": NaN,
        "Other Gand A": NaN,
        "Salaries And Wages": NaN,
        "Gross Profit": NaN,
        "Cost Of Revenue": NaN,
        "Total Revenue": 0.0,
        "Operating Revenue": 0.0
    },
    "2022-03-31": {
        "Diluted EPS": 0.0,
        "Total Revenue": 3,
        "Gross Profit": 2,
        "Operating Income": -2,
        "EBIT": 0,
        "Net Income": -2
    },
    "2021-12-31": {
        "Diluted EPS": 0.12,
        "Total Revenue": NaN,
        "Gross Profit": NaN,
        "Operating Income": 0,
        "EBIT": 0,
        "Net Income": 4
    },
    "2021-09-30": {
        "Diluted EPS": 0.12,
        "Total Revenue": NaN,
        "Gross Profit": NaN,
        "Operating Income": 0,
        "EBIT": 0,
        "Net Income": 4
    },
    "2021-06-30": {
        "Diluted EPS": -0.14,
        "Total Revenue": NaN,
        "Gross Profit": NaN,
        "Operating Income": 0,
        "EBIT": 0,
        "Net Income": -5
    },
    "2021-03-31": {
        "Diluted EPS": 0.17,
        "Total Revenue": NaN,
        "Gross Profit": NaN,
        "Operating Income": 0,
        "EBIT": 0,
        "Net Income": 6
    },
    "2020-12-31": {
        "Diluted EPS": 0.0,
        "Total Revenue": NaN,
        "Gross Profit": NaN,
        "Operating Income": NaN,
        "EBIT": NaN,
        "Net Income": NaN
    },
    "2023-06-30": {
        "Tax Effect Of Unusual Items": NaN,
        "Tax Rate For Calcs": NaN,
        "Normalized EBITDA": NaN,
        "Total Unusual Items": NaN,
        "Total Unusual Items Excluding Goodwill": NaN,
        "Net Income From Continuing Operation Net Minority Interest": NaN,
        "Reconciled Depreciation": NaN,
        "Reconciled Cost Of Revenue": NaN,
        "EBITDA": NaN,
        "EBIT": NaN,
        "Net Interest Income": NaN,
        "Interest Income": 4000.0,
        "Normalized Income": NaN,
        "Net Income From Continuing And Discontinued Operation": NaN,
        "Total Expenses": NaN,
        "Total Operating Income As Reported": NaN,
        "Diluted Average Shares": 14069999.0,
        "Basic Average Shares": 14069999.0,
        "Diluted EPS": -0.85,
        "Basic EPS": -0.85,
        "Diluted NI Availto Com Stockholders": NaN,
        "Net Income Common Stockholders": NaN,
        "Net Income": NaN,
        "Net Income Including Noncontrolling Interests": NaN,
        "Net Income Continuous Operations": NaN,
        "Tax Provision": NaN,
        "Pretax Income": NaN,
        "Other Income Expense": NaN,
        "Other Non Operating Income Expenses": NaN,
        "Special Income Charges": -164000.0,
        "Other Special Charges": NaN,
        "Impairment Of Capital Assets": 0.0,
        "Restructuring And Mergern Acquisition": 164000.0,
        "Gain On Sale Of Security": NaN,
        "Net Non Operating Interest Income Expense": NaN,
        "Total Other Finance Cost": NaN,
        "Interest Income Non Operating": 4000.0,
        "Operating Income": NaN,
        "Operating Expense": NaN,
        "Depreciation Amortization Depletion Income Statement": NaN,
        "Depreciation And Amortization In Income Statement": NaN,
        "Amortization": NaN,
        "Amortization Of Intangibles Income Statement": NaN,
        "Research And Development": NaN,
        "Selling General And Administration": NaN,
        "Selling And Marketing Expense": NaN,
        "General And Administrative Expense": NaN,
        "Other Gand A": NaN,
        "Salaries And Wages": 57000.0,
        "Gross Profit": NaN,
        "Cost Of Revenue": NaN,
        "Total Revenue": NaN,
        "Operating Revenue": NaN
    },
    "2023-09-30": {
        "Tax Effect Of Unusual Items": 1089900.0,
        "Tax Rate For Calcs": 0.21,
        "Normalized EBITDA": -8570000.0,
        "Total Unusual Items": 5190000.0,
        "Total Unusual Items Excluding Goodwill": 5190000.0,
        "Net Income From Continuing Operation Net Minority Interest": 1441000.0,
        "Reconciled Depreciation": 819000.0,
        "Reconciled Cost Of Revenue": 236000.0,
        "EBITDA": -3380000.0,
        "EBIT": -4199000.0,
        "Net Interest Income": 57000.0,
        "Interest Income": NaN,
        "Normalized Income": -2659100.0,
        "Net Income From Continuing And Discontinued Operation": 1441000.0,
        "Total Expenses": 5969000.0,
        "Total Operating Income As Reported": -4229000.0,
        "Diluted Average Shares": 10818000.0,
        "Basic Average Shares": 10818000.0,
        "Diluted EPS": 0.13,
        "Basic EPS": 0.13,
        "Diluted NI Availto Com Stockholders": 1441000.0,
        "Net Income Common Stockholders": 1441000.0,
        "Net Income": 1441000.0,
        "Net Income Including Noncontrolling Interests": 1441000.0,
        "Net Income Continuous Operations": 1441000.0,
        "Tax Provision": -417000.0,
        "Pretax Income": 1024000.0,
        "Other Income Expense": 5166000.0,
        "Other Non Operating Income Expenses": -24000.0,
        "Special Income Charges": -30000.0,
        "Other Special Charges": NaN,
        "Impairment Of Capital Assets": 0.0,
        "Restructuring And Mergern Acquisition": 30000.0,
        "Gain On Sale Of Security": 5220000.0,
        "Net Non Operating Interest Income Expense": 57000.0,
        "Total Other Finance Cost": -57000.0,
        "Interest Income Non Operating": NaN,
        "Operating Income": -4199000.0,
        "Operating Expense": 5611000.0,
        "Depreciation Amortization Depletion Income Statement": 697000.0,
        "Depreciation And Amortization In Income Statement": 697000.0,
        "Amortization": 697000.0,
        "Amortization Of Intangibles Income Statement": 697000.0,
        "Research And Development": 1568000.0,
        "Selling General And Administration": 3346000.0,
        "Selling And Marketing Expense": 1068000.0,
        "General And Administrative Expense": 2278000.0,
        "Other Gand A": 2278000.0,
        "Salaries And Wages": NaN,
        "Gross Profit": 1412000.0,
        "Cost Of Revenue": 358000.0,
        "Total Revenue": 1770000.0,
        "Operating Revenue": 1770000.0
    },
    "2024-03-31": {
        "Tax Effect Of Unusual Items": -56672.0,
        "Tax Rate For Calcs": 0.0385,
        "Normalized EBITDA": -1306000.0,
        "Total Unusual Items": -1472000.0,
        "Total Unusual Items Excluding Goodwill": -1472000.0,
        "Net Income From Continuing Operation Net Minority Interest": -5170000.0,
        "Reconciled Depreciation": 809000.0,
        "Reconciled Cost Of Revenue": 201000.0,
        "EBITDA": -2778000.0,
        "EBIT": -3587000.0,
        "Net Interest Income": -262000.0,
        "Interest Income": NaN,
        "Normalized Income": -3754672.0,
        "Net Income From Continuing And Discontinued Operation": -5170000.0,
        "Total Expenses": 5405000.0,
        "Total Operating Income As Reported": -3587000.0,
        "Diluted Average Shares": 15254389.0,
        "Basic Average Shares": 15254389.0,
        "Diluted EPS": -0.34,
        "Basic EPS": -0.34,
        "Diluted NI Availto Com Stockholders": -5170000.0,
        "Net Income Common Stockholders": -5170000.0,
        "Net Income": -5170000.0,
        "Net Income Including Noncontrolling Interests": -5170000.0,
        "Net Income Continuous Operations": -5170000.0,
        "Tax Provision": -207000.0,
        "Pretax Income": -5377000.0,
        "Other Income Expense": -1528000.0,
        "Other Non Operating Income Expenses": -56000.0,
        "Special Income Charges": NaN,
        "Other Special Charges": NaN,
        "Impairment Of Capital Assets": NaN,
        "Restructuring And Mergern Acquisition": NaN,
        "Gain On Sale Of Security": -1472000.0,
        "Net Non Operating Interest Income Expense": -262000.0,
        "Total Other Finance Cost": 262000.0,
        "Interest Income Non Operating": NaN,
        "Operating Income": -3587000.0,
        "Operating Expense": 5078000.0,
        "Depreciation Amortization Depletion Income Statement": 683000.0,
        "Depreciation And Amortization In Income Statement": 683000.0,
        "Amortization": 683000.0,
        "Amortization Of Intangibles Income Statement": 683000.0,
        "Research And Development": 1599000.0,
        "Selling General And Administration": 2796000.0,
        "Selling And Marketing Expense": 1114000.0,
        "General And Administrative Expense": 1682000.0,
        "Other Gand A": 1682000.0,
        "Salaries And Wages": NaN,
        "Gross Profit": 1491000.0,
        "Cost Of Revenue": 327000.0,
        "Total Revenue": 1818000.0,
        "Operating Revenue": 1818000.0
    },
    "2024-06-30": {
        "Tax Effect Of Unusual Items": -30860.387812,
        "Tax Rate For Calcs": 0.029363,
        "Normalized EBITDA": -1797000.0,
        "Total Unusual Items": -1051000.0,
        "Total Unusual Items Excluding Goodwill": -1051000.0,
        "Net Income From Continuing Operation Net Minority Interest": -5256000.0,
        "Reconciled Depreciation": 802000.0,
        "Reconciled Cost Of Revenue": 234000.0,
        "EBITDA": -2848000.0,
        "EBIT": -3650000.0,
        "Net Interest Income": -684000.0,
        "Interest Income": NaN,
        "Normalized Income": -4235860.387812,
        "Net Income From Continuing And Discontinued Operation": -5256000.0,
        "Total Expenses": 5416000.0,
        "Total Operating Income As Reported": -3650000.0,
        "Diluted Average Shares": 15255218.0,
        "Basic Average Shares": 15255218.0,
        "Diluted EPS": -0.34,
        "Basic EPS": -0.34,
        "Diluted NI Availto Com Stockholders": -5256000.0,
        "Net Income Common Stockholders": -5256000.0,
        "Net Income": -5256000.0,
        "Net Income Including Noncontrolling Interests": -5256000.0,
        "Net Income Continuous Operations": -5256000.0,
        "Tax Provision": -159000.0,
        "Pretax Income": -5415000.0,
        "Other Income Expense": -1081000.0,
        "Other Non Operating Income Expenses": -30000.0,
        "Special Income Charges": 0.0,
        "Other Special Charges": NaN,
        "Impairment Of Capital Assets": NaN,
        "Restructuring And Mergern Acquisition": 0.0,
        "Gain On Sale Of Security": -1051000.0,
        "Net Non Operating Interest Income Expense": -684000.0,
        "Total Other Finance Cost": 684000.0,
        "Interest Income Non Operating": NaN,
        "Operating Income": -3650000.0,
        "Operating Expense": 5063000.0,
        "Depreciation Amortization Depletion Income Statement": 683000.0,
        "Depreciation And Amortization In Income Statement": 683000.0,
        "Amortization": 683000.0,
        "Amortization Of Intangibles Income Statement": 683000.0,
        "Research And Development": 1731000.0,
        "Selling General And Administration": 2649000.0,
        "Selling And Marketing Expense": 874000.0,
        "General And Administrative Expense": 1775000.0,
        "Other Gand A": 1775000.0,
        "Salaries And Wages": NaN,
        "Gross Profit": 1413000.0,
        "Cost Of Revenue": 353000.0,
        "Total Revenue": 1766000.0,
        "Operating Revenue": 1766000.0
    },
    "2024-09-30": {
        "Tax Effect Of Unusual Items": -45290.040769,
        "Tax Rate For Calcs": 0.028538,
        "Normalized EBITDA": -940000.0,
        "Total Unusual Items": -1587000.0,
        "Total Unusual Items Excluding Goodwill": -1587000.0,
        "Net Income From Continuing Operation Net Minority Interest": -5004000.0,
        "Reconciled Depreciation": 799000.0,
        "Reconciled Cost Of Revenue": 256000.0,
        "EBITDA": -2527000.0,
        "EBIT": -3326000.0,
        "Net Interest Income": -312000.0,
        "Interest Income": NaN,
        "Normalized Income": -3462290.040769,
        "Net Income From Continuing And Discontinued Operation": -5004000.0,
        "Total Expenses": 5223000.0,
        "Total Operating Income As Reported": -3326000.0,
        "Diluted Average Shares": 15699685.0,
        "Basic Average Shares": 15699685.0,
        "Diluted EPS": -0.32,
        "Basic EPS": -0.32,
        "Diluted NI Availto Com Stockholders": -5004000.0,
        "Net Income Common Stockholders": -5004000.0,
        "Net Income": -5004000.0,
        "Net Income Including Noncontrolling Interests": -5004000.0,
        "Net Income Continuous Operations": -5004000.0,
        "Tax Provision": -147000.0,
        "Pretax Income": -5151000.0,
        "Other Income Expense": -1513000.0,
        "Other Non Operating Income Expenses": 74000.0,
        "Special Income Charges": -535000.0,
        "Other Special Charges": 535000.0,
        "Impairment Of Capital Assets": NaN,
        "Restructuring And Mergern Acquisition": 0.0,
        "Gain On Sale Of Security": -1052000.0,
        "Net Non Operating Interest Income Expense": -312000.0,
        "Total Other Finance Cost": 312000.0,
        "Interest Income Non Operating": NaN,
        "Operating Income": -3326000.0,
        "Operating Expense": 4851000.0,
        "Depreciation Amortization Depletion Income Statement": 683000.0,
        "Depreciation And Amortization In Income Statement": 683000.0,
        "Amortization": 683000.0,
        "Amortization Of Intangibles Income Statement": 683000.0,
        "Research And Development": 1552000.0,
        "Selling General And Administration": 2616000.0,
        "Selling And Marketing Expense": 689000.0,
        "General And Administrative Expense": 1927000.0,
        "Other Gand A": 1927000.0,
        "Salaries And Wages": NaN,
        "Gross Profit": 1525000.0,
        "Cost Of Revenue": 372000.0,
        "Total Revenue": 1897000.0,
        "Operating Revenue": 1897000.0
    },
    "2023-12-31": {
        "Tax Effect Of Unusual Items": -561908.140688,
        "Tax Rate For Calcs": 0.015615,
        "Normalized EBITDA": 33354000.0,
        "Total Unusual Items": -35985000.0,
        "Total Unusual Items Excluding Goodwill": -35985000.0,
        "Net Income From Continuing Operation Net Minority Interest": -38707000.0,
        "Reconciled Depreciation": 773000.0,
        "Reconciled Cost Of Revenue": 222000.0,
        "EBITDA": -2631000.0,
        "EBIT": -3404000.0,
        "Net Interest Income": 4000.0,
        "Interest Income": NaN,
        "Normalized Income": -3283908.140688,
        "Net Income From Continuing And Discontinued Operation": -38707000.0,
        "Total Expenses": 5123000.0,
        "Total Operating Income As Reported": -39809000.0,
        "Diluted Average Shares": NaN,
        "Basic Average Shares": NaN,
        "Diluted EPS": NaN,
        "Basic EPS": NaN,
        "Diluted NI Availto Com Stockholders": -38707000.0,
        "Net Income Common Stockholders": -38707000.0,
        "Net Income": -38707000.0,
        "Net Income Including Noncontrolling Interests": -38707000.0,
        "Net Income Continuous Operations": -38707000.0,
        "Tax Provision": -614000.0,
        "Pretax Income": -39321000.0,
        "Other Income Expense": -35921000.0,
        "Other Non Operating Income Expenses": 64000.0,
        "Special Income Charges": -36405000.0,
        "Other Special Charges": NaN,
        "Impairment Of Capital Assets": NaN,
        "Restructuring And Mergern Acquisition": 349000.0,
        "Gain On Sale Of Security": 420000.0,
        "Net Non Operating Interest Income Expense": 4000.0,
        "Total Other Finance Cost": -4000.0,
        "Interest Income Non Operating": NaN,
        "Operating Income": -3404000.0,
        "Operating Expense": 4780000.0,
        "Depreciation Amortization Depletion Income Statement": 652000.0,
        "Depreciation And Amortization In Income Statement": 652000.0,
        "Amortization": 652000.0,
        "Amortization Of Intangibles Income Statement": 652000.0,
        "Research And Development": 1862000.0,
        "Selling General And Administration": 2266000.0,
        "Selling And Marketing Expense": 823000.0,
        "General And Administrative Expense": 1443000.0,
        "Other Gand A": 1443000.0,
        "Salaries And Wages": NaN,
        "Gross Profit": 1376000.0,
        "Cost Of Revenue": 343000.0,
        "Total Revenue": 1719000.0,
        "Operating Revenue": 1719000.0
    }
}