{
    "2023-03-31": {
        "Tax Effect Of Unusual Items": NaN,
        "Tax Rate For Calcs": NaN,
        "Normalized EBITDA": NaN,
        "Total Unusual Items": NaN,
        "Total Unusual Items Excluding Goodwill": NaN,
        "Net Income From Continuing Operation Net Minority Interest": NaN,
        "Reconciled Depreciation": NaN,
        "Reconciled Cost Of Revenue": NaN,
        "EBITDA": NaN,
        "EBIT": NaN,
        "Net Interest Income": NaN,
        "Interest Expense": NaN,
        "Normalized Income": NaN,
        "Net Income From Continuing And Discontinued Operation": NaN,
        "Total Expenses": NaN,
        "Total Operating Income As Reported": NaN,
        "Diluted Average Shares": 25734049.0,
        "Basic Average Shares": 25734049.0,
        "Diluted EPS": -0.06,
        "Basic EPS": -0.06,
        "Diluted NI Availto Com Stockholders": NaN,
        "Net Income Common Stockholders": NaN,
        "Net Income": NaN,
        "Net Income Including Noncontrolling Interests": NaN,
        "Net Income Continuous Operations": NaN,
        "Tax Provision": NaN,
        "Pretax Income": NaN,
        "Other Income Expense": NaN,
        "Other Non Operating Income Expenses": NaN,
        "Special Income Charges": NaN,
        "Gain On Sale Of Ppe": NaN,
        "Net Non Operating Interest Income Expense": NaN,
        "Interest Expense Non Operating": NaN,
        "Operating Income": NaN,
        "Operating Expense": NaN,
        "Research And Development": NaN,
        "Selling General And Administration": NaN,
        "Selling And Marketing Expense": NaN,
        "General And Administrative Expense": NaN,
        "Other Gand A": NaN,
        "Gross Profit": NaN,
        "Cost Of Revenue": NaN,
        "Total Revenue": NaN,
        "Operating Revenue": NaN
    },
    "2022-12-31": {
        "Tax Effect Of Unusual Items": NaN,
        "Tax Rate For Calcs": NaN,
        "Normalized EBITDA": NaN,
        "Total Unusual Items": NaN,
        "Total Unusual Items Excluding Goodwill": NaN,
        "Net Income From Continuing Operation Net Minority Interest": NaN,
        "Reconciled Depreciation": NaN,
        "Reconciled Cost Of Revenue": NaN,
        "EBITDA": NaN,
        "EBIT": NaN,
        "Net Interest Income": NaN,
        "Interest Expense": NaN,
        "Interest Income": 0.0,
        "Normalized Income": NaN,
        "Net Income From Continuing And Discontinued Operation": NaN,
        "Total Expenses": NaN,
        "Total Operating Income As Reported": NaN,
        "Diluted Average Shares": NaN,
        "Basic Average Shares": NaN,
        "Diluted EPS": NaN,
        "Basic EPS": NaN,
        "Diluted NI Availto Com Stockholders": NaN,
        "Net Income Common Stockholders": NaN,
        "Net Income": NaN,
        "Net Income Including Noncontrolling Interests": NaN,
        "Net Income Continuous Operations": NaN,
        "Tax Provision": NaN,
        "Pretax Income": NaN,
        "Other Income Expense": NaN,
        "Other Non Operating Income Expenses": NaN,
        "Special Income Charges": NaN,
        "Gain On Sale Of Ppe": NaN,
        "Net Non Operating Interest Income Expense": NaN,
        "Interest Expense Non Operating": NaN,
        "Interest Income Non Operating": 0.0,
        "Operating Income": NaN,
        "Operating Expense": NaN,
        "Research And Development": NaN,
        "Selling General And Administration": NaN,
        "Selling And Marketing Expense": NaN,
        "General And Administrative Expense": NaN,
        "Other Gand A": NaN,
        "Gross Profit": NaN,
        "Cost Of Revenue": NaN,
        "Total Revenue": NaN,
        "Operating Revenue": NaN
    },
    "2022-09-30": {
        "Tax Effect Of Unusual Items": NaN,
        "Tax Rate For Calcs": NaN,
        "Normalized EBITDA": NaN,
        "Total Unusual Items": 0.0,
        "Total Unusual Items Excluding Goodwill": 0.0,
        "Net Income From Continuing Operation Net Minority Interest": NaN,
        "Reconciled Depreciation": NaN,
        "Reconciled Cost Of Revenue": NaN,
        "EBITDA": NaN,
        "EBIT": NaN,
        "Net Interest Income": NaN,
        "Interest Expense": NaN,
        "Interest Income": 0.0,
        "Normalized Income": NaN,
        "Net Income From Continuing And Discontinued Operation": NaN,
        "Total Expenses": NaN,
        "Total Operating Income As Reported": NaN,
        "Diluted Average Shares": 22620703.0,
        "Basic Average Shares": 22620703.0,
        "Diluted EPS": -0.03,
        "Basic EPS": -0.03,
        "Diluted NI Availto Com Stockholders": NaN,
        "Net Income Common Stockholders": NaN,
        "Net Income": NaN,
        "Net Income Including Noncontrolling Interests": NaN,
        "Net Income Continuous Operations": NaN,
        "Tax Provision": NaN,
        "Pretax Income": NaN,
        "Other Income Expense": NaN,
        "Other Non Operating Income Expenses": NaN,
        "Special Income Charges": 0.0,
        "Gain On Sale Of Ppe": 0.0,
        "Net Non Operating Interest Income Expense": NaN,
        "Interest Expense Non Operating": NaN,
        "Interest Income Non Operating": 0.0,
        "Operating Income": NaN,
        "Operating Expense": NaN,
        "Research And Development": NaN,
        "Selling General And Administration": NaN,
        "Selling And Marketing Expense": NaN,
        "General And Administrative Expense": NaN,
        "Other Gand A": NaN,
        "Gross Profit": NaN,
        "Cost Of Revenue": NaN,
        "Total Revenue": NaN,
        "Operating Revenue": NaN
    },
    "2022-06-30": {
        "Tax Effect Of Unusual Items": 0.0,
        "Tax Rate For Calcs": 0.084,
        "Normalized EBITDA": -339000.0,
        "Net Income From Continuing Operation Net Minority Interest": -896000.0,
        "Reconciled Depreciation": 620000.0,
        "Reconciled Cost Of Revenue": 2966000.0,
        "EBITDA": -339000.0,
        "EBIT": -959000.0,
        "Net Interest Income": -19000.0,
        "Interest Expense": 19000.0,
        "Interest Income": 0.0,
        "Normalized Income": -896000.0,
        "Net Income From Continuing And Discontinued Operation": -896000.0,
        "Total Expenses": 9698000.0,
        "Total Operating Income As Reported": -852000.0,
        "Diluted Average Shares": 22456420.0,
        "Basic Average Shares": 22456420.0,
        "Diluted EPS": -0.04,
        "Basic EPS": -0.04,
        "Diluted NI Availto Com Stockholders": -896000.0,
        "Net Income Common Stockholders": -896000.0,
        "Net Income": -896000.0,
        "Net Income Including Noncontrolling Interests": -896000.0,
        "Net Income Continuous Operations": -896000.0,
        "Tax Provision": -82000.0,
        "Pretax Income": -978000.0,
        "Other Income Expense": -107000.0,
        "Other Non Operating Income Expenses": -107000.0,
        "Net Non Operating Interest Income Expense": -19000.0,
        "Interest Expense Non Operating": 19000.0,
        "Interest Income Non Operating": 0.0,
        "Operating Income": -852000.0,
        "Operating Expense": 6732000.0,
        "Research And Development": 1204000.0,
        "Selling General And Administration": 5528000.0,
        "Selling And Marketing Expense": 2771000.0,
        "General And Administrative Expense": 2757000.0,
        "Other Gand A": 2757000.0,
        "Gross Profit": 5880000.0,
        "Cost Of Revenue": 2966000.0,
        "Total Revenue": 8846000.0,
        "Operating Revenue": 8846000.0
    },
    "2022-03-31": {
        "Diluted EPS": -0.05,
        "Total Revenue": 8,
        "Gross Profit": 5,
        "Operating Income": -1,
        "EBIT": -1,
        "Net Income": -1
    },
    "2021-12-31": {
        "Diluted EPS": -0.02,
        "Total Revenue": 9,
        "Gross Profit": 5,
        "Operating Income": -1,
        "EBIT": 0,
        "Net Income": -1
    },
    "2021-09-30": {
        "Diluted EPS": -0.01,
        "Total Revenue": 9,
        "Gross Profit": 5,
        "Operating Income": 0,
        "EBIT": 1,
        "Net Income": 0
    },
    "2021-06-30": {
        "Diluted EPS": -0.05,
        "Total Revenue": 6,
        "Gross Profit": 4,
        "Operating Income": -1,
        "EBIT": -1,
        "Net Income": -1
    },
    "2021-03-31": {
        "Diluted EPS": -0.04,
        "Total Revenue": 5,
        "Gross Profit": 3,
        "Operating Income": -1,
        "EBIT": -1,
        "Net Income": -1
    },
    "2020-12-31": {
        "Diluted EPS": 0.41,
        "Total Revenue": 4,
        "Gross Profit": 3,
        "Operating Income": 0,
        "EBIT": 0,
        "Net Income": 7
    },
    "2020-09-30": {
        "Diluted EPS": 0.01,
        "Total Revenue": 4,
        "Gross Profit": 3,
        "Operating Income": 0,
        "EBIT": 0,
        "Net Income": 0
    },
    "2020-06-30": {
        "Diluted EPS": 0.03,
        "Total Revenue": 4,
        "Gross Profit": 3,
        "Operating Income": 1,
        "EBIT": 1,
        "Net Income": 1
    },
    "2020-03-31": {
        "Diluted EPS": 0.01,
        "Total Revenue": 4,
        "Gross Profit": 3,
        "Operating Income": 0,
        "EBIT": 0,
        "Net Income": 0
    },
    "2019-12-31": {
        "Diluted EPS": 0.01,
        "Total Revenue": 4,
        "Gross Profit": 3,
        "Operating Income": 0,
        "EBIT": 0,
        "Net Income": 0
    },
    "2019-09-30": {
        "Diluted EPS": 0.02,
        "Total Revenue": 4,
        "Gross Profit": 3,
        "Operating Income": 0,
        "EBIT": 0,
        "Net Income": 0
    },
    "2019-06-30": {
        "Diluted EPS": 0.02,
        "Total Revenue": 4,
        "Gross Profit": 2,
        "Operating Income": 0,
        "EBIT": 0,
        "Net Income": 0
    },
    "2019-03-31": {
        "Diluted EPS": 0.02,
        "Total Revenue": 3,
        "Gross Profit": 2,
        "Operating Income": 0,
        "EBIT": 0,
        "Net Income": 0
    },
    "2018-12-31": {
        "Diluted EPS": -0.01,
        "Total Revenue": 3,
        "Gross Profit": 2,
        "Operating Income": 0,
        "EBIT": 0,
        "Net Income": 0
    },
    "2018-09-30": {
        "Diluted EPS": -0.01,
        "Total Revenue": 3,
        "Gross Profit": 2,
        "Operating Income": 0,
        "EBIT": 0,
        "Net Income": 0
    },
    "2018-06-30": {
        "Diluted EPS": 0.0,
        "Total Revenue": 3,
        "Gross Profit": 2,
        "Operating Income": 0,
        "EBIT": 0,
        "Net Income": 0
    },
    "2018-03-31": {
        "Diluted EPS": 0.0,
        "Total Revenue": 3,
        "Gross Profit": 2,
        "Operating Income": 0,
        "EBIT": 0,
        "Net Income": 0
    },
    "2017-12-31": {
        "Diluted EPS": 0.0,
        "Total Revenue": 3,
        "Gross Profit": 2,
        "Operating Income": 0,
        "EBIT": 0,
        "Net Income": 0
    },
    "2017-09-30": {
        "Diluted EPS": -0.01,
        "Total Revenue": 3,
        "Gross Profit": 2,
        "Operating Income": 0,
        "EBIT": 0,
        "Net Income": 0
    },
    "2017-06-30": {
        "Diluted EPS": -0.02,
        "Total Revenue": 2,
        "Gross Profit": 2,
        "Operating Income": 0,
        "EBIT": 0,
        "Net Income": 0
    },
    "2017-03-31": {
        "Diluted EPS": -0.04,
        "Total Revenue": 2,
        "Gross Profit": 2,
        "Operating Income": 0,
        "EBIT": 0,
        "Net Income": -1
    },
    "2016-12-31": {
        "Diluted EPS": -0.03,
        "Total Revenue": 2,
        "Gross Profit": 1,
        "Operating Income": -1,
        "EBIT": 0,
        "Net Income": -1
    },
    "2016-09-30": {
        "Diluted EPS": -0.05,
        "Total Revenue": 2,
        "Gross Profit": 1,
        "Operating Income": -1,
        "EBIT": -1,
        "Net Income": -1
    },
    "2016-06-30": {
        "Diluted EPS": -0.06,
        "Total Revenue": 2,
        "Gross Profit": 1,
        "Operating Income": -1,
        "EBIT": -1,
        "Net Income": -1
    },
    "2016-03-31": {
        "Diluted EPS": -0.07,
        "Total Revenue": 2,
        "Gross Profit": 1,
        "Operating Income": -1,
        "EBIT": -1,
        "Net Income": -1
    },
    "2015-12-31": {
        "Diluted EPS": -0.1,
        "Total Revenue": 2,
        "Gross Profit": 1,
        "Operating Income": -1,
        "EBIT": -1,
        "Net Income": -1
    },
    "2015-09-30": {
        "Diluted EPS": -0.08,
        "Total Revenue": 2,
        "Gross Profit": 1,
        "Operating Income": -1,
        "EBIT": -1,
        "Net Income": -1
    },
    "2015-06-30": {
        "Diluted EPS": -0.08,
        "Total Revenue": 2,
        "Gross Profit": 1,
        "Operating Income": -1,
        "EBIT": -1,
        "Net Income": -1
    },
    "2015-03-31": {
        "Diluted EPS": -0.09,
        "Total Revenue": 2,
        "Gross Profit": 1,
        "Operating Income": -1,
        "EBIT": -1,
        "Net Income": -1
    },
    "2014-12-31": {
        "Diluted EPS": -0.16,
        "Total Revenue": 2,
        "Gross Profit": 1,
        "Operating Income": -2,
        "EBIT": -2,
        "Net Income": -2
    },
    "2014-09-30": {
        "Diluted EPS": -0.13,
        "Total Revenue": 2,
        "Gross Profit": 1,
        "Operating Income": -2,
        "EBIT": -1,
        "Net Income": -2
    },
    "2014-06-30": {
        "Diluted EPS": -0.13,
        "Total Revenue": 2,
        "Gross Profit": 1,
        "Operating Income": -2,
        "EBIT": -1,
        "Net Income": -1
    },
    "2014-03-31": {
        "Diluted EPS": -0.15,
        "Total Revenue": 2,
        "Gross Profit": 1,
        "Operating Income": -2,
        "EBIT": -1,
        "Net Income": -2
    },
    "2013-12-31": {
        "Diluted EPS": -0.17,
        "Total Revenue": 2,
        "Gross Profit": 1,
        "Operating Income": -2,
        "EBIT": -2,
        "Net Income": -2
    },
    "2013-09-30": {
        "Diluted EPS": -0.15,
        "Total Revenue": 2,
        "Gross Profit": 1,
        "Operating Income": -2,
        "EBIT": -1,
        "Net Income": -2
    },
    "2013-06-30": {
        "Diluted EPS": -0.1,
        "Total Revenue": 3,
        "Gross Profit": 2,
        "Operating Income": -1,
        "EBIT": -1,
        "Net Income": -1
    },
    "2013-03-31": {
        "Diluted EPS": -0.04,
        "Total Revenue": 3,
        "Gross Profit": 2,
        "Operating Income": -1,
        "EBIT": -1,
        "Net Income": 0
    },
    "2012-12-31": {
        "Diluted EPS": -0.3,
        "Total Revenue": 3,
        "Gross Profit": 2,
        "Operating Income": -4,
        "EBIT": -3,
        "Net Income": -3
    },
    "2012-09-30": {
        "Diluted EPS": -0.08,
        "Total Revenue": 4,
        "Gross Profit": 3,
        "Operating Income": -1,
        "EBIT": -1,
        "Net Income": -1
    },
    "2012-06-30": {
        "Diluted EPS": -0.01,
        "Total Revenue": 5,
        "Gross Profit": 4,
        "Operating Income": -1,
        "EBIT": 0,
        "Net Income": 0
    },
    "2012-03-31": {
        "Diluted EPS": 0.02,
        "Total Revenue": 5,
        "Gross Profit": 4,
        "Operating Income": -1,
        "EBIT": 0,
        "Net Income": 0
    },
    "2011-12-31": {
        "Diluted EPS": 0.04,
        "Total Revenue": 6,
        "Gross Profit": 4,
        "Operating Income": -1,
        "EBIT": 0,
        "Net Income": 0
    },
    "2011-09-30": {
        "Diluted EPS": 0.42,
        "Total Revenue": 10,
        "Gross Profit": 8,
        "Operating Income": 3,
        "EBIT": 4,
        "Net Income": 5
    },
    "2011-06-30": {
        "Diluted EPS": -0.88,
        "Total Revenue": 17,
        "Gross Profit": 10,
        "Operating Income": -4,
        "EBIT": -4,
        "Net Income": -9
    },
    "2011-03-31": {
        "Diluted EPS": -0.17,
        "Total Revenue": 15,
        "Gross Profit": 8,
        "Operating Income": -4,
        "EBIT": -4,
        "Net Income": -2
    },
    "2010-12-31": {
        "Diluted EPS": -0.2,
        "Total Revenue": 17,
        "Gross Profit": 10,
        "Operating Income": -3,
        "EBIT": -2,
        "Net Income": -2
    },
    "2010-09-30": {
        "Diluted EPS": -0.01,
        "Total Revenue": 14,
        "Gross Profit": 10,
        "Operating Income": -2,
        "EBIT": -2,
        "Net Income": 0
    },
    "2010-06-30": {
        "Diluted EPS": 0.0,
        "Total Revenue": 17,
        "Gross Profit": 12,
        "Operating Income": -1,
        "EBIT": -1,
        "Net Income": 0
    },
    "2010-03-31": {
        "Diluted EPS": 0.01,
        "Total Revenue": 17,
        "Gross Profit": 12,
        "Operating Income": -1,
        "EBIT": -1,
        "Net Income": 0
    },
    "2009-12-31": {
        "Diluted EPS": 0.06,
        "Total Revenue": 18,
        "Gross Profit": 12,
        "Operating Income": 0,
        "EBIT": -1,
        "Net Income": 1
    },
    "2009-09-30": {
        "Diluted EPS": 0.06,
        "Total Revenue": 17,
        "Gross Profit": 12,
        "Operating Income": 0,
        "EBIT": 0,
        "Net Income": 1
    },
    "2009-06-30": {
        "Diluted EPS": 0.74,
        "Total Revenue": 19,
        "Gross Profit": 14,
        "Operating Income": 1,
        "EBIT": 1,
        "Net Income": 9
    },
    "2009-03-31": {
        "Diluted EPS": 0.14,
        "Total Revenue": 21,
        "Gross Profit": 15,
        "Operating Income": 1,
        "EBIT": 2,
        "Net Income": 2
    },
    "2023-06-30": {
        "Tax Effect Of Unusual Items": 0.0,
        "Tax Rate For Calcs": 0.21,
        "Normalized EBITDA": 412000.0,
        "Total Unusual Items": NaN,
        "Total Unusual Items Excluding Goodwill": NaN,
        "Net Income From Continuing Operation Net Minority Interest": -545000.0,
        "Reconciled Depreciation": 900000.0,
        "Reconciled Cost Of Revenue": 5269000.0,
        "EBITDA": 412000.0,
        "EBIT": -488000.0,
        "Net Interest Income": -33000.0,
        "Interest Expense": 33000.0,
        "Normalized Income": -545000.0,
        "Net Income From Continuing And Discontinued Operation": -545000.0,
        "Total Expenses": 13187000.0,
        "Total Operating Income As Reported": -517000.0,
        "Diluted Average Shares": 25972628.0,
        "Basic Average Shares": 25972628.0,
        "Diluted EPS": -0.02,
        "Basic EPS": -0.02,
        "Diluted NI Availto Com Stockholders": -545000.0,
        "Net Income Common Stockholders": -545000.0,
        "Net Income": -545000.0,
        "Net Income Including Noncontrolling Interests": -545000.0,
        "Net Income Continuous Operations": -545000.0,
        "Tax Provision": 24000.0,
        "Pretax Income": -521000.0,
        "Other Income Expense": 29000.0,
        "Other Non Operating Income Expenses": 29000.0,
        "Special Income Charges": NaN,
        "Gain On Sale Of Ppe": NaN,
        "Net Non Operating Interest Income Expense": -33000.0,
        "Interest Expense Non Operating": 33000.0,
        "Operating Income": -517000.0,
        "Operating Expense": 7918000.0,
        "Research And Development": 1138000.0,
        "Selling General And Administration": 6780000.0,
        "Selling And Marketing Expense": 3613000.0,
        "General And Administrative Expense": 3167000.0,
        "Other Gand A": 3167000.0,
        "Gross Profit": 7401000.0,
        "Cost Of Revenue": 5269000.0,
        "Total Revenue": 12670000.0,
        "Operating Revenue": 12670000.0
    },
    "2023-09-30": {
        "Tax Effect Of Unusual Items": 27721.0,
        "Tax Rate For Calcs": 0.019,
        "Normalized EBITDA": 1201000.0,
        "Total Unusual Items": 1459000.0,
        "Total Unusual Items Excluding Goodwill": 1459000.0,
        "Net Income From Continuing Operation Net Minority Interest": 1704000.0,
        "Reconciled Depreciation": 887000.0,
        "Reconciled Cost Of Revenue": 5423000.0,
        "EBITDA": 2660000.0,
        "EBIT": 1773000.0,
        "Net Interest Income": -36000.0,
        "Interest Expense": 36000.0,
        "Normalized Income": 272721.0,
        "Net Income From Continuing And Discontinued Operation": 1704000.0,
        "Total Expenses": 13510000.0,
        "Total Operating Income As Reported": 364000.0,
        "Diluted Average Shares": 27682764.0,
        "Basic Average Shares": 25995507.0,
        "Diluted EPS": 0.06,
        "Basic EPS": 0.07,
        "Diluted NI Availto Com Stockholders": 1704000.0,
        "Net Income Common Stockholders": 1704000.0,
        "Net Income": 1704000.0,
        "Net Income Including Noncontrolling Interests": 1704000.0,
        "Net Income Continuous Operations": 1704000.0,
        "Tax Provision": 33000.0,
        "Pretax Income": 1737000.0,
        "Other Income Expense": 1409000.0,
        "Other Non Operating Income Expenses": -50000.0,
        "Special Income Charges": 1459000.0,
        "Gain On Sale Of Ppe": 1459000.0,
        "Net Non Operating Interest Income Expense": -36000.0,
        "Interest Expense Non Operating": 36000.0,
        "Operating Income": 364000.0,
        "Operating Expense": 8087000.0,
        "Research And Development": 1276000.0,
        "Selling General And Administration": 6811000.0,
        "Selling And Marketing Expense": 3502000.0,
        "General And Administrative Expense": 3309000.0,
        "Other Gand A": 3309000.0,
        "Gross Profit": 8451000.0,
        "Cost Of Revenue": 5423000.0,
        "Total Revenue": 13874000.0,
        "Operating Revenue": 13874000.0
    },
    "2023-12-31": {
        "Tax Effect Of Unusual Items": 0.0,
        "Tax Rate For Calcs": 0.217949,
        "Normalized EBITDA": 960000.0,
        "Total Unusual Items": 0.0,
        "Total Unusual Items Excluding Goodwill": 0.0,
        "Net Income From Continuing Operation Net Minority Interest": 61000.0,
        "Reconciled Depreciation": 878000.0,
        "Reconciled Cost Of Revenue": 5804000.0,
        "EBITDA": 960000.0,
        "EBIT": 82000.0,
        "Net Interest Income": -2000.0,
        "Interest Expense": 4000.0,
        "Normalized Income": 61000.0,
        "Net Income From Continuing And Discontinued Operation": 61000.0,
        "Total Expenses": 14126000.0,
        "Total Operating Income As Reported": 38000.0,
        "Diluted Average Shares": NaN,
        "Basic Average Shares": NaN,
        "Diluted EPS": NaN,
        "Basic EPS": NaN,
        "Diluted NI Availto Com Stockholders": 61000.0,
        "Net Income Common Stockholders": 61000.0,
        "Net Income": 61000.0,
        "Net Income Including Noncontrolling Interests": 61000.0,
        "Net Income Continuous Operations": 61000.0,
        "Tax Provision": 17000.0,
        "Pretax Income": 78000.0,
        "Other Income Expense": 42000.0,
        "Other Non Operating Income Expenses": 42000.0,
        "Special Income Charges": 0.0,
        "Gain On Sale Of Ppe": 0.0,
        "Net Non Operating Interest Income Expense": -2000.0,
        "Interest Expense Non Operating": 4000.0,
        "Operating Income": 38000.0,
        "Operating Expense": 8322000.0,
        "Research And Development": 1255000.0,
        "Selling General And Administration": 7067000.0,
        "Selling And Marketing Expense": 3747000.0,
        "General And Administrative Expense": 3320000.0,
        "Other Gand A": 3320000.0,
        "Gross Profit": 8360000.0,
        "Cost Of Revenue": 5804000.0,
        "Total Revenue": 14164000.0,
        "Operating Revenue": 14164000.0
    },
    "2024-03-31": {
        "Tax Effect Of Unusual Items": 0.0,
        "Tax Rate For Calcs": 0.058,
        "Normalized EBITDA": 1314000.0,
        "Total Unusual Items": NaN,
        "Total Unusual Items Excluding Goodwill": NaN,
        "Net Income From Continuing Operation Net Minority Interest": 434000.0,
        "Reconciled Depreciation": 840000.0,
        "Reconciled Cost Of Revenue": 5231000.0,
        "EBITDA": 1314000.0,
        "EBIT": 474000.0,
        "Net Interest Income": -13000.0,
        "Interest Expense": 13000.0,
        "Normalized Income": 434000.0,
        "Net Income From Continuing And Discontinued Operation": 434000.0,
        "Total Expenses": 13803000.0,
        "Total Operating Income As Reported": 483000.0,
        "Diluted Average Shares": 30142100.0,
        "Basic Average Shares": 26314903.0,
        "Diluted EPS": 0.01,
        "Basic EPS": 0.02,
        "Diluted NI Availto Com Stockholders": 434000.0,
        "Net Income Common Stockholders": 434000.0,
        "Net Income": 434000.0,
        "Net Income Including Noncontrolling Interests": 434000.0,
        "Net Income Continuous Operations": 434000.0,
        "Tax Provision": 27000.0,
        "Pretax Income": 461000.0,
        "Other Income Expense": -9000.0,
        "Other Non Operating Income Expenses": -9000.0,
        "Special Income Charges": NaN,
        "Gain On Sale Of Ppe": NaN,
        "Net Non Operating Interest Income Expense": -13000.0,
        "Interest Expense Non Operating": 13000.0,
        "Operating Income": 483000.0,
        "Operating Expense": 8572000.0,
        "Research And Development": 1249000.0,
        "Selling General And Administration": 7323000.0,
        "Selling And Marketing Expense": 4027000.0,
        "General And Administrative Expense": 3296000.0,
        "Other Gand A": 3296000.0,
        "Gross Profit": 9055000.0,
        "Cost Of Revenue": 5231000.0,
        "Total Revenue": 14286000.0,
        "Operating Revenue": 14286000.0
    },
    "2024-06-30": {
        "Tax Effect Of Unusual Items": 0.0,
        "Tax Rate For Calcs": 0.043902,
        "Normalized EBITDA": 1462000.0,
        "Total Unusual Items": NaN,
        "Total Unusual Items Excluding Goodwill": NaN,
        "Net Income From Continuing Operation Net Minority Interest": 588000.0,
        "Reconciled Depreciation": 836000.0,
        "Reconciled Cost Of Revenue": 5387000.0,
        "EBITDA": 1462000.0,
        "EBIT": 626000.0,
        "Net Interest Income": -11000.0,
        "Interest Expense": 11000.0,
        "Normalized Income": 588000.0,
        "Net Income From Continuing And Discontinued Operation": 588000.0,
        "Total Expenses": 14105000.0,
        "Total Operating Income As Reported": 580000.0,
        "Diluted Average Shares": 29510903.0,
        "Basic Average Shares": 26664220.0,
        "Diluted EPS": 0.02,
        "Basic EPS": 0.02,
        "Diluted NI Availto Com Stockholders": 588000.0,
        "Net Income Common Stockholders": 588000.0,
        "Net Income": 588000.0,
        "Net Income Including Noncontrolling Interests": 588000.0,
        "Net Income Continuous Operations": 588000.0,
        "Tax Provision": 27000.0,
        "Pretax Income": 615000.0,
        "Other Income Expense": 46000.0,
        "Other Non Operating Income Expenses": 46000.0,
        "Special Income Charges": NaN,
        "Gain On Sale Of Ppe": NaN,
        "Net Non Operating Interest Income Expense": -11000.0,
        "Interest Expense Non Operating": 11000.0,
        "Operating Income": 580000.0,
        "Operating Expense": 8718000.0,
        "Research And Development": 1328000.0,
        "Selling General And Administration": 7390000.0,
        "Selling And Marketing Expense": 3958000.0,
        "General And Administrative Expense": 3432000.0,
        "Other Gand A": 3432000.0,
        "Gross Profit": 9298000.0,
        "Cost Of Revenue": 5387000.0,
        "Total Revenue": 14685000.0,
        "Operating Revenue": 14685000.0
    }
}