{
    "2023-03-31": {
        "Tax Effect Of Unusual Items": -16120.157215,
        "Tax Rate For Calcs": 0.185289,
        "Normalized EBITDA": -7224000.0,
        "Total Unusual Items": -87000.0,
        "Total Unusual Items Excluding Goodwill": -87000.0,
        "Net Income From Continuing Operation Net Minority Interest": -5804000.0,
        "Reconciled Depreciation": 8000.0,
        "EBITDA": -7311000.0,
        "EBIT": -7319000.0,
        "Net Interest Income": 116000.0,
        "Interest Income": 116000.0,
        "Normalized Income": -5733120.157215,
        "Net Income From Continuing And Discontinued Operation": -5804000.0,
        "Total Expenses": 7319000.0,
        "Total Operating Income As Reported": -7319000.0,
        "Diluted Average Shares": 12539189.0,
        "Basic Average Shares": 12539189.0,
        "Diluted EPS": -0.47,
        "Basic EPS": -0.47,
        "Diluted NI Availto Com Stockholders": -5854000.0,
        "Net Income Common Stockholders": -5854000.0,
        "Preferred Stock Dividends": 50000.0,
        "Net Income": -5804000.0,
        "Net Income Including Noncontrolling Interests": -5804000.0,
        "Net Income Continuous Operations": -5804000.0,
        "Tax Provision": -1320000.0,
        "Pretax Income": -7124000.0,
        "Other Income Expense": 79000.0,
        "Other Non Operating Income Expenses": 166000.0,
        "Gain On Sale Of Security": -87000.0,
        "Net Non Operating Interest Income Expense": 116000.0,
        "Interest Income Non Operating": 116000.0,
        "Operating Income": -7319000.0,
        "Operating Expense": 7319000.0,
        "Research And Development": 5674000.0,
        "Selling General And Administration": 1645000.0,
        "General And Administrative Expense": 1645000.0,
        "Other Gand A": 1645000.0,
        "Total Revenue": 0.0,
        "Operating Revenue": 0.0
    },
    "2022-12-31": {
        "Tax Effect Of Unusual Items": -49362.333333,
        "Tax Rate For Calcs": 0.175667,
        "Normalized EBITDA": -8564000.0,
        "Total Unusual Items": -281000.0,
        "Total Unusual Items Excluding Goodwill": -281000.0,
        "Net Income From Continuing Operation Net Minority Interest": -7419000.0,
        "Reconciled Depreciation": 8000.0,
        "EBITDA": -8845000.0,
        "EBIT": -8845000.0,
        "Net Interest Income": 122000.0,
        "Interest Income": 122000.0,
        "Normalized Income": -7187362.333333,
        "Net Income From Continuing And Discontinued Operation": -7419000.0,
        "Total Expenses": 8845000.0,
        "Total Operating Income As Reported": -8845000.0,
        "Diluted Average Shares": 12553294.0,
        "Basic Average Shares": 12553294.0,
        "Diluted EPS": -0.6,
        "Basic EPS": -0.6,
        "Diluted NI Availto Com Stockholders": -7469000.0,
        "Net Income Common Stockholders": -7469000.0,
        "Preferred Stock Dividends": 50000.0,
        "Net Income": -7419000.0,
        "Net Income Including Noncontrolling Interests": -7419000.0,
        "Net Income Continuous Operations": -7419000.0,
        "Tax Provision": -1581000.0,
        "Pretax Income": -9000000.0,
        "Other Income Expense": -277000.0,
        "Other Non Operating Income Expenses": 4000.0,
        "Gain On Sale Of Security": -281000.0,
        "Net Non Operating Interest Income Expense": 122000.0,
        "Interest Income Non Operating": 122000.0,
        "Operating Income": -8845000.0,
        "Operating Expense": 8845000.0,
        "Research And Development": 6702000.0,
        "Selling General And Administration": 2143000.0,
        "General And Administrative Expense": 2143000.0,
        "Other Gand A": 2143000.0,
        "Total Revenue": 0.0,
        "Operating Revenue": 0.0
    },
    "2022-09-30": {
        "Tax Effect Of Unusual Items": 45804.255319,
        "Tax Rate For Calcs": 0.165957,
        "Normalized EBITDA": -6736000.0,
        "Total Unusual Items": 276000.0,
        "Total Unusual Items Excluding Goodwill": 276000.0,
        "Net Income From Continuing Operation Net Minority Interest": -5096000.0,
        "Reconciled Depreciation": 7000.0,
        "EBITDA": -6460000.0,
        "EBIT": -6467000.0,
        "Net Interest Income": 67000.0,
        "Interest Income": 67000.0,
        "Normalized Income": -5326195.744681,
        "Net Income From Continuing And Discontinued Operation": -5096000.0,
        "Total Expenses": 6467000.0,
        "Total Operating Income As Reported": -6467000.0,
        "Diluted Average Shares": 12314679.0,
        "Basic Average Shares": 12314679.0,
        "Diluted EPS": -0.42,
        "Basic EPS": -0.42,
        "Diluted NI Availto Com Stockholders": -5146000.0,
        "Net Income Common Stockholders": -5146000.0,
        "Preferred Stock Dividends": 50000.0,
        "Net Income": -5096000.0,
        "Net Income Including Noncontrolling Interests": -5096000.0,
        "Net Income Continuous Operations": -5096000.0,
        "Tax Provision": -1014000.0,
        "Pretax Income": -6110000.0,
        "Other Income Expense": 290000.0,
        "Other Non Operating Income Expenses": 14000.0,
        "Gain On Sale Of Security": 276000.0,
        "Net Non Operating Interest Income Expense": 67000.0,
        "Interest Income Non Operating": 67000.0,
        "Operating Income": -6467000.0,
        "Operating Expense": 6467000.0,
        "Research And Development": 4413000.0,
        "Selling General And Administration": 2054000.0,
        "General And Administrative Expense": 2054000.0,
        "Other Gand A": 2054000.0,
        "Total Revenue": 0.0,
        "Operating Revenue": 0.0
    },
    "2022-06-30": {
        "Tax Effect Of Unusual Items": 36995.143011,
        "Tax Rate For Calcs": 0.17701,
        "Normalized EBITDA": -5994000.0,
        "Total Unusual Items": 209000.0,
        "Total Unusual Items Excluding Goodwill": 209000.0,
        "Net Income From Continuing Operation Net Minority Interest": -4575000.0,
        "Reconciled Depreciation": 8000.0,
        "EBITDA": -5785000.0,
        "EBIT": -5785000.0,
        "Net Interest Income": 17000.0,
        "Interest Income": 17000.0,
        "Normalized Income": -4747004.856989,
        "Net Income From Continuing And Discontinued Operation": -4575000.0,
        "Total Expenses": 5785000.0,
        "Total Operating Income As Reported": -5785000.0,
        "Diluted Average Shares": 10136089.0,
        "Basic Average Shares": 10136089.0,
        "Diluted EPS": -0.46,
        "Basic EPS": -0.46,
        "Diluted NI Availto Com Stockholders": -4625000.0,
        "Net Income Common Stockholders": -4625000.0,
        "Preferred Stock Dividends": 50000.0,
        "Net Income": -4575000.0,
        "Net Income Including Noncontrolling Interests": -4575000.0,
        "Net Income Continuous Operations": -4575000.0,
        "Tax Provision": -984000.0,
        "Pretax Income": -5559000.0,
        "Other Income Expense": 209000.0,
        "Other Non Operating Income Expenses": NaN,
        "Gain On Sale Of Security": 209000.0,
        "Net Non Operating Interest Income Expense": 17000.0,
        "Interest Income Non Operating": 17000.0,
        "Operating Income": -5785000.0,
        "Operating Expense": 5785000.0,
        "Research And Development": 4205000.0,
        "Selling General And Administration": 1580000.0,
        "General And Administrative Expense": 1580000.0,
        "Other Gand A": 1580000.0,
        "Total Revenue": 0.0,
        "Operating Revenue": 0.0
    },
    "2022-03-31": {
        "Diluted EPS": -0.42,
        "Total Revenue": NaN,
        "Gross Profit": NaN,
        "Operating Income": -7,
        "EBIT": -7,
        "Net Income": -4
    },
    "2021-12-31": {
        "Diluted EPS": -0.54,
        "Total Revenue": NaN,
        "Gross Profit": NaN,
        "Operating Income": -7,
        "EBIT": -7,
        "Net Income": -5
    },
    "2021-09-30": {
        "Diluted EPS": -0.54,
        "Total Revenue": NaN,
        "Gross Profit": NaN,
        "Operating Income": -6,
        "EBIT": -6,
        "Net Income": -5
    },
    "2021-06-30": {
        "Diluted EPS": -0.56,
        "Total Revenue": NaN,
        "Gross Profit": NaN,
        "Operating Income": -6,
        "EBIT": -6,
        "Net Income": -5
    },
    "2021-03-31": {
        "Diluted EPS": -0.5,
        "Total Revenue": NaN,
        "Gross Profit": NaN,
        "Operating Income": -4,
        "EBIT": -4,
        "Net Income": -4
    },
    "2020-12-31": {
        "Diluted EPS": -0.89,
        "Total Revenue": NaN,
        "Gross Profit": NaN,
        "Operating Income": -3,
        "EBIT": -3,
        "Net Income": -7
    },
    "2020-09-30": {
        "Diluted EPS": -0.47,
        "Total Revenue": NaN,
        "Gross Profit": NaN,
        "Operating Income": -3,
        "EBIT": -3,
        "Net Income": -2
    },
    "2020-06-30": {
        "Diluted EPS": -0.58,
        "Total Revenue": NaN,
        "Gross Profit": NaN,
        "Operating Income": -2,
        "EBIT": -2,
        "Net Income": -2
    },
    "2020-03-31": {
        "Diluted EPS": -1.48,
        "Total Revenue": NaN,
        "Gross Profit": NaN,
        "Operating Income": -2,
        "EBIT": -2,
        "Net Income": -1
    },
    "2019-12-31": {
        "Diluted EPS": -2.67,
        "Total Revenue": NaN,
        "Gross Profit": NaN,
        "Operating Income": -3,
        "EBIT": -3,
        "Net Income": -2
    },
    "2019-09-30": {
        "Diluted EPS": -2.27,
        "Total Revenue": NaN,
        "Gross Profit": NaN,
        "Operating Income": -2,
        "EBIT": -2,
        "Net Income": -2
    },
    "2019-06-30": {
        "Diluted EPS": -2.13,
        "Total Revenue": NaN,
        "Gross Profit": NaN,
        "Operating Income": -2,
        "EBIT": -2,
        "Net Income": -2
    },
    "2019-03-31": {
        "Diluted EPS": -2.77,
        "Total Revenue": NaN,
        "Gross Profit": NaN,
        "Operating Income": -2,
        "EBIT": -2,
        "Net Income": -2
    },
    "2018-12-31": {
        "Diluted EPS": -3.2,
        "Total Revenue": NaN,
        "Gross Profit": NaN,
        "Operating Income": -3,
        "EBIT": -3,
        "Net Income": -2
    },
    "2018-09-30": {
        "Diluted EPS": -3.6,
        "Total Revenue": NaN,
        "Gross Profit": NaN,
        "Operating Income": -2,
        "EBIT": -2,
        "Net Income": -2
    },
    "2018-06-30": {
        "Diluted EPS": -3.2,
        "Total Revenue": NaN,
        "Gross Profit": NaN,
        "Operating Income": -2,
        "EBIT": -2,
        "Net Income": -2
    },
    "2018-03-31": {
        "Diluted EPS": -2.4,
        "Total Revenue": NaN,
        "Gross Profit": NaN,
        "Operating Income": -2,
        "EBIT": -2,
        "Net Income": -1
    },
    "2017-12-31": {
        "Diluted EPS": -3.2,
        "Total Revenue": NaN,
        "Gross Profit": NaN,
        "Operating Income": -2,
        "EBIT": -2,
        "Net Income": -2
    },
    "2017-09-30": {
        "Diluted EPS": -18.2,
        "Total Revenue": NaN,
        "Gross Profit": NaN,
        "Operating Income": -2,
        "EBIT": -2,
        "Net Income": -9
    },
    "2017-06-30": {
        "Diluted EPS": -10.0,
        "Total Revenue": NaN,
        "Gross Profit": NaN,
        "Operating Income": -2,
        "EBIT": -2,
        "Net Income": -2
    },
    "2017-03-31": {
        "Diluted EPS": -7.6,
        "Total Revenue": NaN,
        "Gross Profit": NaN,
        "Operating Income": -3,
        "EBIT": -3,
        "Net Income": -2
    },
    "2016-12-31": {
        "Diluted EPS": -11.8,
        "Total Revenue": 0,
        "Gross Profit": 0,
        "Operating Income": -3,
        "EBIT": -3,
        "Net Income": -3
    },
    "2016-09-30": {
        "Diluted EPS": -17.2,
        "Total Revenue": 0,
        "Gross Profit": 0,
        "Operating Income": -3,
        "EBIT": -3,
        "Net Income": -3
    },
    "2016-06-30": {
        "Diluted EPS": -20.2,
        "Total Revenue": 0,
        "Gross Profit": 0,
        "Operating Income": -4,
        "EBIT": -4,
        "Net Income": -3
    },
    "2016-03-31": {
        "Diluted EPS": -20.8,
        "Total Revenue": 0,
        "Gross Profit": 0,
        "Operating Income": -4,
        "EBIT": -4,
        "Net Income": -3
    },
    "2015-12-31": {
        "Diluted EPS": -18.78,
        "Total Revenue": 0,
        "Gross Profit": 0,
        "Operating Income": -4,
        "EBIT": -4,
        "Net Income": -3
    },
    "2015-09-30": {
        "Diluted EPS": -19.0,
        "Total Revenue": 1,
        "Gross Profit": 1,
        "Operating Income": -3,
        "EBIT": -3,
        "Net Income": -3
    },
    "2015-06-30": {
        "Diluted EPS": -23.8,
        "Total Revenue": 0,
        "Gross Profit": 0,
        "Operating Income": -4,
        "EBIT": -4,
        "Net Income": -3
    },
    "2015-03-31": {
        "Diluted EPS": -45.62,
        "Total Revenue": 1,
        "Gross Profit": 1,
        "Operating Income": -5,
        "EBIT": -5,
        "Net Income": -5
    },
    "2014-12-31": {
        "Diluted EPS": -48.02,
        "Total Revenue": 0,
        "Gross Profit": 0,
        "Operating Income": -6,
        "EBIT": -6,
        "Net Income": -5
    },
    "2014-09-30": {
        "Diluted EPS": -52.82,
        "Total Revenue": 1,
        "Gross Profit": 1,
        "Operating Income": -6,
        "EBIT": -6,
        "Net Income": -5
    },
    "2014-06-30": {
        "Diluted EPS": -52.82,
        "Total Revenue": 0,
        "Gross Profit": 0,
        "Operating Income": -6,
        "EBIT": -6,
        "Net Income": -5
    },
    "2014-03-31": {
        "Diluted EPS": -60.02,
        "Total Revenue": 0,
        "Gross Profit": 0,
        "Operating Income": -5,
        "EBIT": -5,
        "Net Income": -5
    },
    "2013-12-31": {
        "Diluted EPS": 28.81,
        "Total Revenue": 0,
        "Gross Profit": 0,
        "Operating Income": -4,
        "EBIT": -4,
        "Net Income": -4
    },
    "2013-09-30": {
        "Diluted EPS": -76.83,
        "Total Revenue": 0,
        "Gross Profit": 0,
        "Operating Income": -6,
        "EBIT": -6,
        "Net Income": -6
    },
    "2013-06-30": {
        "Diluted EPS": 24.01,
        "Total Revenue": 0,
        "Gross Profit": 0,
        "Operating Income": -4,
        "EBIT": -4,
        "Net Income": 1
    },
    "2013-03-31": {
        "Diluted EPS": -283.31,
        "Total Revenue": 0,
        "Gross Profit": 0,
        "Operating Income": -4,
        "EBIT": -4,
        "Net Income": -12
    },
    "2012-12-31": {
        "Diluted EPS": -139.26,
        "Total Revenue": 0,
        "Gross Profit": 0,
        "Operating Income": -5,
        "EBIT": -5,
        "Net Income": -5
    },
    "2012-09-30": {
        "Diluted EPS": -60.02,
        "Total Revenue": 0,
        "Gross Profit": 0,
        "Operating Income": -4,
        "EBIT": -4,
        "Net Income": -2
    },
    "2012-06-30": {
        "Diluted EPS": -108.04,
        "Total Revenue": 0,
        "Gross Profit": 0,
        "Operating Income": -4,
        "EBIT": -4,
        "Net Income": -4
    },
    "2012-03-31": {
        "Diluted EPS": -96.04,
        "Total Revenue": NaN,
        "Gross Profit": NaN,
        "Operating Income": -3,
        "EBIT": -3,
        "Net Income": -3
    },
    "2011-12-31": {
        "Diluted EPS": -117.74,
        "Total Revenue": NaN,
        "Gross Profit": NaN,
        "Operating Income": -3,
        "EBIT": -3,
        "Net Income": -4
    },
    "2011-09-30": {
        "Diluted EPS": -112.85,
        "Total Revenue": NaN,
        "Gross Profit": NaN,
        "Operating Income": -4,
        "EBIT": -4,
        "Net Income": -4
    },
    "2011-06-30": {
        "Diluted EPS": -134.41,
        "Total Revenue": 0,
        "Gross Profit": 0,
        "Operating Income": -4,
        "EBIT": -4,
        "Net Income": -4
    },
    "2011-03-31": {
        "Diluted EPS": -168.02,
        "Total Revenue": 0,
        "Gross Profit": 0,
        "Operating Income": -5,
        "EBIT": -5,
        "Net Income": -5
    },
    "2010-12-31": {
        "Diluted EPS": -117.61,
        "Total Revenue": 0,
        "Gross Profit": 0,
        "Operating Income": -3,
        "EBIT": -3,
        "Net Income": -3
    },
    "2010-09-30": {
        "Diluted EPS": -184.82,
        "Total Revenue": 0,
        "Gross Profit": 0,
        "Operating Income": -4,
        "EBIT": -4,
        "Net Income": -4
    },
    "2010-06-30": {
        "Diluted EPS": -302.43,
        "Total Revenue": 0,
        "Gross Profit": 0,
        "Operating Income": -4,
        "EBIT": -4,
        "Net Income": -7
    },
    "2010-03-31": {
        "Diluted EPS": -302.43,
        "Total Revenue": 0,
        "Gross Profit": 0,
        "Operating Income": -4,
        "EBIT": -4,
        "Net Income": -6
    },
    "2009-12-31": {
        "Diluted EPS": -285.63,
        "Total Revenue": 0,
        "Gross Profit": 0,
        "Operating Income": -4,
        "EBIT": -4,
        "Net Income": -5
    },
    "2009-09-30": {
        "Diluted EPS": -252.03,
        "Total Revenue": 0,
        "Gross Profit": 0,
        "Operating Income": -4,
        "EBIT": -3,
        "Net Income": -3
    },
    "2009-06-30": {
        "Diluted EPS": -604.86,
        "Total Revenue": 0,
        "Gross Profit": 0,
        "Operating Income": -5,
        "EBIT": -5,
        "Net Income": -7
    },
    "2009-03-31": {
        "Diluted EPS": -436.84,
        "Total Revenue": 0,
        "Gross Profit": 0,
        "Operating Income": -5,
        "EBIT": -5,
        "Net Income": -5
    },
    "2023-06-30": {
        "Tax Effect Of Unusual Items": -7380.841896,
        "Tax Rate For Calcs": 0.097116,
        "Normalized EBITDA": -5845000.0,
        "Total Unusual Items": -76000.0,
        "Total Unusual Items Excluding Goodwill": -76000.0,
        "Net Income From Continuing Operation Net Minority Interest": -5448000.0,
        "Reconciled Depreciation": 8000.0,
        "EBITDA": -5921000.0,
        "EBIT": -5929000.0,
        "Net Interest Income": 77000.0,
        "Interest Income": 77000.0,
        "Normalized Income": -5379380.841896,
        "Net Income From Continuing And Discontinued Operation": -5448000.0,
        "Total Expenses": 6302000.0,
        "Total Operating Income As Reported": -5929000.0,
        "Diluted Average Shares": 12551794.0,
        "Basic Average Shares": 12551794.0,
        "Diluted EPS": -0.44,
        "Basic EPS": -0.44,
        "Diluted NI Availto Com Stockholders": -5498000.0,
        "Net Income Common Stockholders": -5498000.0,
        "Preferred Stock Dividends": 50000.0,
        "Net Income": -5448000.0,
        "Net Income Including Noncontrolling Interests": -5448000.0,
        "Net Income Continuous Operations": -5448000.0,
        "Tax Provision": -586000.0,
        "Pretax Income": -6034000.0,
        "Other Income Expense": -182000.0,
        "Other Non Operating Income Expenses": -106000.0,
        "Gain On Sale Of Security": -76000.0,
        "Net Non Operating Interest Income Expense": 77000.0,
        "Interest Income Non Operating": 77000.0,
        "Operating Income": -5929000.0,
        "Operating Expense": 6302000.0,
        "Research And Development": 4727000.0,
        "Selling General And Administration": 1575000.0,
        "General And Administrative Expense": 1575000.0,
        "Other Gand A": 1575000.0,
        "Total Revenue": 373000.0,
        "Operating Revenue": 373000.0
    }
}