{
    "2023-06-30": {
        "Tax Effect Of Unusual Items": NaN,
        "Tax Rate For Calcs": NaN,
        "Normalized EBITDA": NaN,
        "Total Unusual Items": NaN,
        "Total Unusual Items Excluding Goodwill": NaN,
        "Net Income From Continuing Operation Net Minority Interest": NaN,
        "Reconciled Depreciation": 0.0,
        "EBITDA": NaN,
        "EBIT": NaN,
        "Net Interest Income": NaN,
        "Interest Income": NaN,
        "Normalized Income": NaN,
        "Net Income From Continuing And Discontinued Operation": NaN,
        "Total Expenses": NaN,
        "Total Operating Income As Reported": NaN,
        "Diluted Average Shares": 2282000.0,
        "Basic Average Shares": 2282000.0,
        "Diluted EPS": -1.83,
        "Basic EPS": -1.83,
        "Diluted NI Availto Com Stockholders": NaN,
        "Net Income Common Stockholders": NaN,
        "Net Income": NaN,
        "Net Income Including Noncontrolling Interests": NaN,
        "Net Income Discontinuous Operations": NaN,
        "Net Income Continuous Operations": NaN,
        "Pretax Income": NaN,
        "Other Income Expense": NaN,
        "Other Non Operating Income Expenses": NaN,
        "Special Income Charges": NaN,
        "Impairment Of Capital Assets": NaN,
        "Net Non Operating Interest Income Expense": NaN,
        "Interest Income Non Operating": NaN,
        "Operating Income": NaN,
        "Operating Expense": NaN,
        "Research And Development": NaN,
        "Selling General And Administration": NaN,
        "General And Administrative Expense": NaN,
        "Other Gand A": NaN,
        "Total Revenue": NaN,
        "Operating Revenue": NaN
    },
    "2023-03-31": {
        "Tax Effect Of Unusual Items": NaN,
        "Tax Rate For Calcs": NaN,
        "Normalized EBITDA": NaN,
        "Total Unusual Items": NaN,
        "Total Unusual Items Excluding Goodwill": NaN,
        "Net Income From Continuing Operation Net Minority Interest": NaN,
        "Reconciled Depreciation": 0.0,
        "EBITDA": NaN,
        "EBIT": NaN,
        "Net Interest Income": NaN,
        "Interest Income": NaN,
        "Normalized Income": NaN,
        "Net Income From Continuing And Discontinued Operation": NaN,
        "Total Expenses": NaN,
        "Total Operating Income As Reported": NaN,
        "Diluted Average Shares": NaN,
        "Basic Average Shares": NaN,
        "Diluted EPS": NaN,
        "Basic EPS": NaN,
        "Diluted NI Availto Com Stockholders": NaN,
        "Net Income Common Stockholders": NaN,
        "Net Income": NaN,
        "Net Income Including Noncontrolling Interests": NaN,
        "Net Income Discontinuous Operations": NaN,
        "Net Income Continuous Operations": NaN,
        "Pretax Income": NaN,
        "Other Income Expense": NaN,
        "Other Non Operating Income Expenses": NaN,
        "Special Income Charges": NaN,
        "Impairment Of Capital Assets": NaN,
        "Net Non Operating Interest Income Expense": NaN,
        "Total Other Finance Cost": -88000.0,
        "Interest Income Non Operating": NaN,
        "Operating Income": NaN,
        "Operating Expense": NaN,
        "Research And Development": NaN,
        "Selling General And Administration": NaN,
        "General And Administrative Expense": NaN,
        "Other Gand A": NaN,
        "Total Revenue": NaN,
        "Operating Revenue": NaN
    },
    "2022-12-31": {
        "Tax Effect Of Unusual Items": NaN,
        "Tax Rate For Calcs": NaN,
        "Normalized EBITDA": NaN,
        "Total Unusual Items": 0.0,
        "Total Unusual Items Excluding Goodwill": 0.0,
        "Net Income From Continuing Operation Net Minority Interest": NaN,
        "Reconciled Depreciation": 0.0,
        "EBITDA": NaN,
        "EBIT": NaN,
        "Net Interest Income": NaN,
        "Interest Income": NaN,
        "Normalized Income": NaN,
        "Net Income From Continuing And Discontinued Operation": NaN,
        "Total Expenses": NaN,
        "Total Operating Income As Reported": NaN,
        "Diluted Average Shares": NaN,
        "Basic Average Shares": NaN,
        "Diluted EPS": NaN,
        "Basic EPS": NaN,
        "Diluted NI Availto Com Stockholders": NaN,
        "Net Income Common Stockholders": NaN,
        "Net Income": NaN,
        "Net Income Including Noncontrolling Interests": NaN,
        "Net Income Discontinuous Operations": NaN,
        "Net Income Continuous Operations": NaN,
        "Pretax Income": NaN,
        "Other Income Expense": NaN,
        "Special Income Charges": 0.0,
        "Impairment Of Capital Assets": NaN,
        "Net Non Operating Interest Income Expense": NaN,
        "Total Other Finance Cost": -132000.0,
        "Interest Income Non Operating": NaN,
        "Operating Income": NaN,
        "Operating Expense": NaN,
        "Other Operating Expenses": -608000.0,
        "Research And Development": NaN,
        "Selling General And Administration": NaN,
        "General And Administrative Expense": NaN,
        "Other Gand A": NaN,
        "Total Revenue": NaN,
        "Operating Revenue": NaN
    },
    "2022-09-30": {
        "Tax Effect Of Unusual Items": NaN,
        "Tax Rate For Calcs": NaN,
        "Normalized EBITDA": NaN,
        "Total Unusual Items": 0.0,
        "Total Unusual Items Excluding Goodwill": 0.0,
        "Net Income From Continuing Operation Net Minority Interest": NaN,
        "Reconciled Depreciation": NaN,
        "EBITDA": NaN,
        "EBIT": NaN,
        "Net Interest Income": NaN,
        "Interest Income": 111000.0,
        "Normalized Income": NaN,
        "Net Income From Continuing And Discontinued Operation": NaN,
        "Total Expenses": NaN,
        "Total Operating Income As Reported": NaN,
        "Diluted Average Shares": 2174000.0,
        "Basic Average Shares": 2174000.0,
        "Diluted EPS": -4.83,
        "Basic EPS": -4.83,
        "Diluted NI Availto Com Stockholders": NaN,
        "Net Income Common Stockholders": NaN,
        "Net Income": NaN,
        "Net Income Including Noncontrolling Interests": NaN,
        "Net Income Discontinuous Operations": -6089000.0,
        "Net Income Continuous Operations": NaN,
        "Pretax Income": NaN,
        "Other Income Expense": NaN,
        "Special Income Charges": 0.0,
        "Impairment Of Capital Assets": 0.0,
        "Net Non Operating Interest Income Expense": NaN,
        "Total Other Finance Cost": -111000.0,
        "Interest Income Non Operating": 111000.0,
        "Operating Income": NaN,
        "Operating Expense": NaN,
        "Other Operating Expenses": NaN,
        "Research And Development": NaN,
        "Selling General And Administration": NaN,
        "General And Administrative Expense": NaN,
        "Other Gand A": NaN,
        "Total Revenue": NaN,
        "Operating Revenue": NaN
    },
    "2022-06-30": {
        "Tax Effect Of Unusual Items": 0.0,
        "Tax Rate For Calcs": 0.0,
        "Normalized EBITDA": -13416000.0,
        "Total Unusual Items": 0.0,
        "Total Unusual Items Excluding Goodwill": 0.0,
        "Net Income From Continuing Operation Net Minority Interest": -13388000.0,
        "Reconciled Depreciation": 17000.0,
        "EBITDA": -13416000.0,
        "EBIT": -13433000.0,
        "Net Interest Income": 45000.0,
        "Interest Income": NaN,
        "Normalized Income": -13388000.0,
        "Net Income From Continuing And Discontinued Operation": -13388000.0,
        "Total Expenses": 13505000.0,
        "Total Operating Income As Reported": -13433000.0,
        "Diluted Average Shares": 2173000.0,
        "Basic Average Shares": 2173000.0,
        "Diluted EPS": -6.16,
        "Basic EPS": -6.16,
        "Diluted NI Availto Com Stockholders": -13388000.0,
        "Net Income Common Stockholders": -13388000.0,
        "Net Income": -13388000.0,
        "Net Income Including Noncontrolling Interests": -13388000.0,
        "Net Income Continuous Operations": -13388000.0,
        "Pretax Income": -13388000.0,
        "Special Income Charges": 0.0,
        "Net Non Operating Interest Income Expense": 45000.0,
        "Total Other Finance Cost": -45000.0,
        "Interest Income Non Operating": NaN,
        "Operating Income": -13433000.0,
        "Operating Expense": 13505000.0,
        "Other Operating Expenses": -234000.0,
        "Research And Development": 10218000.0,
        "Selling General And Administration": 3521000.0,
        "General And Administrative Expense": 3521000.0,
        "Other Gand A": 3521000.0,
        "Total Revenue": 72000.0,
        "Operating Revenue": 72000.0
    },
    "2022-03-31": {
        "Diluted EPS": -6.0,
        "Total Revenue": 1,
        "Gross Profit": 1,
        "Operating Income": -13,
        "EBIT": -13,
        "Net Income": -13
    },
    "2021-12-31": {
        "Diluted EPS": -4.4,
        "Total Revenue": 1,
        "Gross Profit": 1,
        "Operating Income": -14,
        "EBIT": -14,
        "Net Income": -11
    },
    "2021-09-30": {
        "Diluted EPS": -5.2,
        "Total Revenue": 0,
        "Gross Profit": 0,
        "Operating Income": -11,
        "EBIT": -11,
        "Net Income": -11
    },
    "2021-06-30": {
        "Diluted EPS": -9.0,
        "Total Revenue": 3,
        "Gross Profit": 3,
        "Operating Income": -16,
        "EBIT": -16,
        "Net Income": -16
    },
    "2021-03-31": {
        "Diluted EPS": -7.8,
        "Total Revenue": 0,
        "Gross Profit": 0,
        "Operating Income": -13,
        "EBIT": -13,
        "Net Income": -13
    },
    "2020-12-31": {
        "Diluted EPS": -10.8,
        "Total Revenue": 0,
        "Gross Profit": 0,
        "Operating Income": -19,
        "EBIT": -19,
        "Net Income": -19
    },
    "2020-09-30": {
        "Diluted EPS": -11.8,
        "Total Revenue": 0,
        "Gross Profit": 0,
        "Operating Income": -22,
        "EBIT": -21,
        "Net Income": -19
    },
    "2020-06-30": {
        "Diluted EPS": -14.0,
        "Total Revenue": 1,
        "Gross Profit": 1,
        "Operating Income": -20,
        "EBIT": -19,
        "Net Income": -20
    },
    "2020-03-31": {
        "Diluted EPS": -14.6,
        "Total Revenue": 1,
        "Gross Profit": 1,
        "Operating Income": -21,
        "EBIT": -20,
        "Net Income": -20
    },
    "2019-12-31": {
        "Diluted EPS": -18.8,
        "Total Revenue": 1,
        "Gross Profit": 1,
        "Operating Income": -27,
        "EBIT": -26,
        "Net Income": -26
    },
    "2019-09-30": {
        "Diluted EPS": -20.0,
        "Total Revenue": 1,
        "Gross Profit": 1,
        "Operating Income": -28,
        "EBIT": -27,
        "Net Income": -27
    },
    "2019-06-30": {
        "Diluted EPS": -23.6,
        "Total Revenue": 2,
        "Gross Profit": 2,
        "Operating Income": -33,
        "EBIT": -32,
        "Net Income": -32
    },
    "2019-03-31": {
        "Diluted EPS": -27.4,
        "Total Revenue": NaN,
        "Gross Profit": NaN,
        "Operating Income": -37,
        "EBIT": -37,
        "Net Income": -37
    },
    "2018-12-31": {
        "Diluted EPS": -41.0,
        "Total Revenue": NaN,
        "Gross Profit": NaN,
        "Operating Income": -31,
        "EBIT": -30,
        "Net Income": -31
    },
    "2018-09-30": {
        "Diluted EPS": -21.4,
        "Total Revenue": NaN,
        "Gross Profit": NaN,
        "Operating Income": -29,
        "EBIT": -29,
        "Net Income": -29
    },
    "2018-06-30": {
        "Diluted EPS": -21.8,
        "Total Revenue": NaN,
        "Gross Profit": NaN,
        "Operating Income": -30,
        "EBIT": -29,
        "Net Income": -30
    },
    "2018-03-31": {
        "Diluted EPS": 0.0,
        "Total Revenue": NaN,
        "Gross Profit": NaN,
        "Operating Income": -25,
        "EBIT": -25,
        "Net Income": -25
    },
    "2017-12-31": {
        "Diluted EPS": 0.0,
        "Total Revenue": NaN,
        "Gross Profit": NaN,
        "Operating Income": NaN,
        "EBIT": NaN,
        "Net Income": NaN
    },
    "2023-09-30": {
        "Tax Effect Of Unusual Items": 0.0,
        "Tax Rate For Calcs": 0.0,
        "Normalized EBITDA": 593000.0,
        "Total Unusual Items": -3304000.0,
        "Total Unusual Items Excluding Goodwill": -3304000.0,
        "Net Income From Continuing Operation Net Minority Interest": -5908000.0,
        "Reconciled Depreciation": 0.0,
        "EBITDA": -2711000.0,
        "EBIT": -2711000.0,
        "Net Interest Income": 107000.0,
        "Interest Income": 107000.0,
        "Normalized Income": -2604000.0,
        "Net Income From Continuing And Discontinued Operation": 7566000.0,
        "Total Expenses": 2711000.0,
        "Total Operating Income As Reported": -6015000.0,
        "Diluted Average Shares": 2786000.0,
        "Basic Average Shares": 2435000.0,
        "Diluted EPS": 2.72,
        "Basic EPS": 3.1,
        "Diluted NI Availto Com Stockholders": 7566000.0,
        "Net Income Common Stockholders": 7566000.0,
        "Net Income": 7566000.0,
        "Net Income Including Noncontrolling Interests": 7566000.0,
        "Net Income Discontinuous Operations": 13474000.0,
        "Net Income Continuous Operations": -5908000.0,
        "Pretax Income": -5908000.0,
        "Other Income Expense": -3304000.0,
        "Other Non Operating Income Expenses": NaN,
        "Special Income Charges": -3304000.0,
        "Impairment Of Capital Assets": 3304000.0,
        "Net Non Operating Interest Income Expense": 107000.0,
        "Interest Income Non Operating": 107000.0,
        "Operating Income": -2711000.0,
        "Operating Expense": 2711000.0,
        "Research And Development": 580000.0,
        "Selling General And Administration": 2131000.0,
        "General And Administrative Expense": 2131000.0,
        "Other Gand A": 2131000.0,
        "Total Revenue": 0.0,
        "Operating Revenue": 0.0
    },
    "2023-12-31": {
        "Tax Effect Of Unusual Items": 0.0,
        "Tax Rate For Calcs": 0.0,
        "Normalized EBITDA": -1795000.0,
        "Total Unusual Items": 0.0,
        "Total Unusual Items Excluding Goodwill": 0.0,
        "Net Income From Continuing Operation Net Minority Interest": -1694000.0,
        "Reconciled Depreciation": 0.0,
        "EBITDA": -1795000.0,
        "EBIT": -1795000.0,
        "Net Interest Income": 101000.0,
        "Interest Income": 101000.0,
        "Normalized Income": -1694000.0,
        "Net Income From Continuing And Discontinued Operation": -1694000.0,
        "Total Expenses": 1795000.0,
        "Total Operating Income As Reported": -1795000.0,
        "Diluted Average Shares": NaN,
        "Basic Average Shares": NaN,
        "Diluted EPS": NaN,
        "Basic EPS": NaN,
        "Diluted NI Availto Com Stockholders": -1694000.0,
        "Net Income Common Stockholders": -1694000.0,
        "Net Income": -1694000.0,
        "Net Income Including Noncontrolling Interests": -1694000.0,
        "Net Income Discontinuous Operations": 0.0,
        "Net Income Continuous Operations": -1694000.0,
        "Pretax Income": -1694000.0,
        "Other Income Expense": 0.0,
        "Other Non Operating Income Expenses": NaN,
        "Special Income Charges": 0.0,
        "Impairment Of Capital Assets": 0.0,
        "Net Non Operating Interest Income Expense": 101000.0,
        "Interest Income Non Operating": 101000.0,
        "Operating Income": -1795000.0,
        "Operating Expense": 1795000.0,
        "Research And Development": 24000.0,
        "Selling General And Administration": 1771000.0,
        "General And Administrative Expense": 1771000.0,
        "Other Gand A": 1771000.0,
        "Total Revenue": 0.0,
        "Operating Revenue": 0.0
    },
    "2024-03-31": {
        "Tax Effect Of Unusual Items": 0.0,
        "Tax Rate For Calcs": 0.0,
        "Normalized EBITDA": -1618000.0,
        "Total Unusual Items": NaN,
        "Total Unusual Items Excluding Goodwill": NaN,
        "Net Income From Continuing Operation Net Minority Interest": -1542000.0,
        "Reconciled Depreciation": NaN,
        "EBITDA": -1618000.0,
        "EBIT": -1618000.0,
        "Net Interest Income": 76000.0,
        "Interest Income": 76000.0,
        "Normalized Income": -1542000.0,
        "Net Income From Continuing And Discontinued Operation": -1542000.0,
        "Total Expenses": 1618000.0,
        "Total Operating Income As Reported": -1618000.0,
        "Diluted Average Shares": 2494000.0,
        "Basic Average Shares": 2494000.0,
        "Diluted EPS": -0.62,
        "Basic EPS": -0.62,
        "Diluted NI Availto Com Stockholders": -1542000.0,
        "Net Income Common Stockholders": -1542000.0,
        "Net Income": -1542000.0,
        "Net Income Including Noncontrolling Interests": -1542000.0,
        "Net Income Discontinuous Operations": 0.0,
        "Net Income Continuous Operations": -1542000.0,
        "Pretax Income": -1542000.0,
        "Other Income Expense": NaN,
        "Other Non Operating Income Expenses": NaN,
        "Special Income Charges": NaN,
        "Impairment Of Capital Assets": NaN,
        "Net Non Operating Interest Income Expense": 76000.0,
        "Interest Income Non Operating": 76000.0,
        "Operating Income": -1618000.0,
        "Operating Expense": 1618000.0,
        "Research And Development": 44000.0,
        "Selling General And Administration": 1574000.0,
        "General And Administrative Expense": 1574000.0,
        "Other Gand A": 1574000.0,
        "Total Revenue": 0.0,
        "Operating Revenue": 0.0
    },
    "2024-06-30": {
        "Tax Effect Of Unusual Items": 0.0,
        "Tax Rate For Calcs": 0.0,
        "Normalized EBITDA": -1384000.0,
        "Total Unusual Items": NaN,
        "Total Unusual Items Excluding Goodwill": NaN,
        "Net Income From Continuing Operation Net Minority Interest": -1322000.0,
        "Reconciled Depreciation": NaN,
        "EBITDA": -1384000.0,
        "EBIT": -1384000.0,
        "Net Interest Income": 62000.0,
        "Interest Income": 62000.0,
        "Normalized Income": -1322000.0,
        "Net Income From Continuing And Discontinued Operation": -1322000.0,
        "Total Expenses": 1384000.0,
        "Total Operating Income As Reported": -1384000.0,
        "Diluted Average Shares": 2510000.0,
        "Basic Average Shares": 2510000.0,
        "Diluted EPS": -0.53,
        "Basic EPS": -0.53,
        "Diluted NI Availto Com Stockholders": -1322000.0,
        "Net Income Common Stockholders": -1322000.0,
        "Net Income": -1322000.0,
        "Net Income Including Noncontrolling Interests": -1322000.0,
        "Net Income Discontinuous Operations": 0.0,
        "Net Income Continuous Operations": -1322000.0,
        "Pretax Income": -1322000.0,
        "Other Income Expense": NaN,
        "Other Non Operating Income Expenses": NaN,
        "Special Income Charges": NaN,
        "Impairment Of Capital Assets": NaN,
        "Net Non Operating Interest Income Expense": 62000.0,
        "Interest Income Non Operating": 62000.0,
        "Operating Income": -1384000.0,
        "Operating Expense": 1384000.0,
        "Research And Development": 105000.0,
        "Selling General And Administration": 1279000.0,
        "General And Administrative Expense": 1279000.0,
        "Other Gand A": 1279000.0,
        "Total Revenue": 0.0,
        "Operating Revenue": 0.0
    },
    "2024-09-30": {
        "Tax Effect Of Unusual Items": 0.0,
        "Tax Rate For Calcs": 0.0,
        "Normalized EBITDA": -1128000.0,
        "Total Unusual Items": 0.0,
        "Total Unusual Items Excluding Goodwill": 0.0,
        "Net Income From Continuing Operation Net Minority Interest": -723000.0,
        "Reconciled Depreciation": NaN,
        "EBITDA": -1128000.0,
        "EBIT": -1128000.0,
        "Net Interest Income": 42000.0,
        "Interest Income": 42000.0,
        "Normalized Income": -723000.0,
        "Net Income From Continuing And Discontinued Operation": -723000.0,
        "Total Expenses": 1322000.0,
        "Total Operating Income As Reported": -1128000.0,
        "Diluted Average Shares": 2526000.0,
        "Basic Average Shares": 2526000.0,
        "Diluted EPS": -0.29,
        "Basic EPS": -0.29,
        "Diluted NI Availto Com Stockholders": -723000.0,
        "Net Income Common Stockholders": -723000.0,
        "Net Income": -723000.0,
        "Net Income Including Noncontrolling Interests": -723000.0,
        "Net Income Discontinuous Operations": 0.0,
        "Net Income Continuous Operations": -723000.0,
        "Pretax Income": -723000.0,
        "Other Income Expense": 363000.0,
        "Other Non Operating Income Expenses": 363000.0,
        "Special Income Charges": 0.0,
        "Impairment Of Capital Assets": 0.0,
        "Net Non Operating Interest Income Expense": 42000.0,
        "Interest Income Non Operating": 42000.0,
        "Operating Income": -1128000.0,
        "Operating Expense": 1322000.0,
        "Research And Development": 81000.0,
        "Selling General And Administration": 1241000.0,
        "General And Administrative Expense": 1241000.0,
        "Other Gand A": 1241000.0,
        "Total Revenue": 194000.0,
        "Operating Revenue": 194000.0
    }
}