{
    "2023-03-31": {
        "Tax Effect Of Unusual Items": 4620000.0,
        "Tax Rate For Calcs": 0.21,
        "Normalized EBITDA": 323000000.0,
        "Total Unusual Items": 22000000.0,
        "Total Unusual Items Excluding Goodwill": 22000000.0,
        "Net Income From Continuing Operation Net Minority Interest": -51000000.0,
        "Reconciled Depreciation": 132000000.0,
        "Reconciled Cost Of Revenue": 1872000000.0,
        "EBITDA": 345000000.0,
        "EBIT": 213000000.0,
        "Net Interest Income": -207000000.0,
        "Interest Expense": 207000000.0,
        "Normalized Income": -68380000.0,
        "Net Income From Continuing And Discontinued Operation": -51000000.0,
        "Total Expenses": 2920000000.0,
        "Rent Expense Supplemental": 81000000.0,
        "Total Operating Income As Reported": 210000000.0,
        "Diluted Average Shares": 129688917.0,
        "Basic Average Shares": 129688917.0,
        "Diluted EPS": -0.4,
        "Basic EPS": -0.4,
        "Diluted NI Availto Com Stockholders": -51000000.0,
        "Net Income Common Stockholders": -51000000.0,
        "Net Income": -51000000.0,
        "Minority Interests": -31000000.0,
        "Net Income Including Noncontrolling Interests": -20000000.0,
        "Net Income Continuous Operations": -20000000.0,
        "Tax Provision": 26000000.0,
        "Pretax Income": 6000000.0,
        "Other Income Expense": 25000000.0,
        "Special Income Charges": 22000000.0,
        "Gain On Sale Of Business": NaN,
        "Other Special Charges": NaN,
        "Write Off": -22000000.0,
        "Impairment Of Capital Assets": -22000000.0,
        "Earnings From Equity Interest": 3000000.0,
        "Net Non Operating Interest Income Expense": -207000000.0,
        "Interest Expense Non Operating": 207000000.0,
        "Operating Income": 188000000.0,
        "Operating Expense": 1048000000.0,
        "Other Operating Expenses": 835000000.0,
        "Depreciation Amortization Depletion Income Statement": 132000000.0,
        "Depreciation And Amortization In Income Statement": 132000000.0,
        "Selling General And Administration": 81000000.0,
        "General And Administrative Expense": 81000000.0,
        "Rent And Landing Fees": 81000000.0,
        "Gross Profit": 1236000000.0,
        "Cost Of Revenue": 1872000000.0,
        "Total Revenue": 3108000000.0,
        "Operating Revenue": 3108000000.0
    },
    "2022-12-31": {
        "Tax Effect Of Unusual Items": 34650000.0,
        "Tax Rate For Calcs": 0.21,
        "Normalized EBITDA": 504000000.0,
        "Total Unusual Items": 165000000.0,
        "Total Unusual Items Excluding Goodwill": 165000000.0,
        "Net Income From Continuing Operation Net Minority Interest": 415000000.0,
        "Reconciled Depreciation": 136000000.0,
        "Reconciled Cost Of Revenue": 1856000000.0,
        "EBITDA": 669000000.0,
        "EBIT": 533000000.0,
        "Net Interest Income": -206000000.0,
        "Interest Expense": 208000000.0,
        "Normalized Income": 284650000.0,
        "Net Income From Continuing And Discontinued Operation": 415000000.0,
        "Total Expenses": 2898000000.0,
        "Rent Expense Supplemental": 81000000.0,
        "Total Operating Income As Reported": 229000000.0,
        "Diluted Average Shares": 130000000.0,
        "Basic Average Shares": 129000000.0,
        "Diluted EPS": 3.18,
        "Basic EPS": 3.21,
        "Diluted NI Availto Com Stockholders": 415000000.0,
        "Net Income Common Stockholders": 415000000.0,
        "Net Income": 415000000.0,
        "Minority Interests": -31000000.0,
        "Net Income Including Noncontrolling Interests": 446000000.0,
        "Net Income Continuous Operations": 446000000.0,
        "Tax Provision": -121000000.0,
        "Pretax Income": 325000000.0,
        "Other Income Expense": 287000000.0,
        "Special Income Charges": 165000000.0,
        "Gain On Sale Of Business": 0.0,
        "Other Special Charges": -182000000.0,
        "Write Off": 17000000.0,
        "Impairment Of Capital Assets": 17000000.0,
        "Earnings From Equity Interest": 3000000.0,
        "Net Non Operating Interest Income Expense": -206000000.0,
        "Interest Expense Non Operating": 208000000.0,
        "Operating Income": 244000000.0,
        "Operating Expense": 1042000000.0,
        "Other Operating Expenses": 825000000.0,
        "Depreciation Amortization Depletion Income Statement": 136000000.0,
        "Depreciation And Amortization In Income Statement": 136000000.0,
        "Selling General And Administration": 81000000.0,
        "General And Administrative Expense": 81000000.0,
        "Rent And Landing Fees": 81000000.0,
        "Gross Profit": 1286000000.0,
        "Cost Of Revenue": 1856000000.0,
        "Total Revenue": 3142000000.0,
        "Operating Revenue": 3142000000.0
    },
    "2022-09-30": {
        "Tax Effect Of Unusual Items": 12400000.0,
        "Tax Rate For Calcs": 0.4,
        "Normalized EBITDA": 393000000.0,
        "Total Unusual Items": 31000000.0,
        "Total Unusual Items Excluding Goodwill": 31000000.0,
        "Net Income From Continuing Operation Net Minority Interest": -42000000.0,
        "Reconciled Depreciation": 137000000.0,
        "Reconciled Cost Of Revenue": 1844000000.0,
        "EBITDA": 424000000.0,
        "EBIT": 287000000.0,
        "Net Interest Income": -217000000.0,
        "Interest Expense": 217000000.0,
        "Normalized Income": -60600000.0,
        "Net Income From Continuing And Discontinued Operation": -42000000.0,
        "Total Expenses": 2774000000.0,
        "Rent Expense Supplemental": 80000000.0,
        "Total Operating Income As Reported": 204000000.0,
        "Diluted Average Shares": 129141673.0,
        "Basic Average Shares": 129141673.0,
        "Diluted EPS": -0.32,
        "Basic EPS": -0.32,
        "Diluted NI Availto Com Stockholders": -42000000.0,
        "Net Income Common Stockholders": -42000000.0,
        "Net Income": -42000000.0,
        "Minority Interests": -42000000.0,
        "Net Income Including Noncontrolling Interests": 0.0,
        "Net Income Continuous Operations": 0.0,
        "Tax Provision": 70000000.0,
        "Pretax Income": 70000000.0,
        "Other Income Expense": 36000000.0,
        "Other Non Operating Income Expenses": NaN,
        "Special Income Charges": 31000000.0,
        "Gain On Sale Of Business": 0.0,
        "Other Special Charges": -78000000.0,
        "Write Off": 47000000.0,
        "Impairment Of Capital Assets": 47000000.0,
        "Earnings From Equity Interest": 5000000.0,
        "Net Non Operating Interest Income Expense": -217000000.0,
        "Interest Expense Non Operating": 217000000.0,
        "Operating Income": 251000000.0,
        "Operating Expense": 930000000.0,
        "Other Operating Expenses": 713000000.0,
        "Depreciation Amortization Depletion Income Statement": 137000000.0,
        "Depreciation And Amortization In Income Statement": 137000000.0,
        "Selling General And Administration": 80000000.0,
        "General And Administrative Expense": 80000000.0,
        "Rent And Landing Fees": 80000000.0,
        "Gross Profit": 1181000000.0,
        "Cost Of Revenue": 1844000000.0,
        "Total Revenue": 3025000000.0,
        "Operating Revenue": 3025000000.0
    },
    "2022-06-30": {
        "Tax Effect Of Unusual Items": 0.0,
        "Tax Rate For Calcs": 0.4,
        "Normalized EBITDA": 253000000.0,
        "Total Unusual Items": 0.0,
        "Total Unusual Items Excluding Goodwill": 0.0,
        "Net Income From Continuing Operation Net Minority Interest": -326000000.0,
        "Reconciled Depreciation": 133000000.0,
        "Reconciled Cost Of Revenue": 1782000000.0,
        "EBITDA": 253000000.0,
        "EBIT": 120000000.0,
        "Net Interest Income": -218000000.0,
        "Interest Expense": 218000000.0,
        "Normalized Income": -326000000.0,
        "Net Income From Continuing And Discontinued Operation": -326000000.0,
        "Total Expenses": 2815000000.0,
        "Rent Expense Supplemental": 78000000.0,
        "Total Operating Income As Reported": 119000000.0,
        "Diluted Average Shares": 129095571.0,
        "Basic Average Shares": 129095571.0,
        "Diluted EPS": -2.52,
        "Basic EPS": -2.52,
        "Diluted NI Availto Com Stockholders": -326000000.0,
        "Net Income Common Stockholders": -326000000.0,
        "Net Income": -326000000.0,
        "Minority Interests": -28000000.0,
        "Net Income Including Noncontrolling Interests": -298000000.0,
        "Net Income Continuous Operations": -298000000.0,
        "Tax Provision": 200000000.0,
        "Pretax Income": -98000000.0,
        "Other Income Expense": 1000000.0,
        "Other Non Operating Income Expenses": NaN,
        "Special Income Charges": 0.0,
        "Gain On Sale Of Business": NaN,
        "Other Special Charges": -8000000.0,
        "Impairment Of Capital Assets": 0.0,
        "Earnings From Equity Interest": 1000000.0,
        "Net Non Operating Interest Income Expense": -218000000.0,
        "Interest Expense Non Operating": 218000000.0,
        "Operating Income": 119000000.0,
        "Operating Expense": 1033000000.0,
        "Other Operating Expenses": 822000000.0,
        "Depreciation Amortization Depletion Income Statement": 133000000.0,
        "Depreciation And Amortization In Income Statement": 133000000.0,
        "Depreciation Income Statement": 133000000.0,
        "Selling General And Administration": 78000000.0,
        "General And Administrative Expense": 78000000.0,
        "Rent And Landing Fees": 78000000.0,
        "Gross Profit": 1152000000.0,
        "Cost Of Revenue": 1782000000.0,
        "Total Revenue": 2934000000.0,
        "Operating Revenue": 2934000000.0
    },
    "2023-06-30": {
        "Tax Effect Of Unusual Items": 2730000.0,
        "Tax Rate For Calcs": 0.21,
        "Normalized EBITDA": 358000000.0,
        "Total Unusual Items": 13000000.0,
        "Total Unusual Items Excluding Goodwill": 13000000.0,
        "Net Income From Continuing Operation Net Minority Interest": -38000000.0,
        "Reconciled Depreciation": 123000000.0,
        "Reconciled Cost Of Revenue": 1843000000.0,
        "EBITDA": 371000000.0,
        "EBIT": 247000000.0,
        "Net Interest Income": -207000000.0,
        "Interest Expense": 207000000.0,
        "Normalized Income": -48270000.0,
        "Net Income From Continuing And Discontinued Operation": -38000000.0,
        "Total Expenses": 2882000000.0,
        "Rent Expense Supplemental": 80000000.0,
        "Total Operating Income As Reported": 246000000.0,
        "Diluted Average Shares": 130659672.0,
        "Basic Average Shares": 130659672.0,
        "Diluted EPS": -0.29,
        "Basic EPS": -0.29,
        "Diluted NI Availto Com Stockholders": -38000000.0,
        "Net Income Common Stockholders": -38000000.0,
        "Net Income": -38000000.0,
        "Minority Interests": -40000000.0,
        "Net Income Including Noncontrolling Interests": 2000000.0,
        "Net Income Continuous Operations": 2000000.0,
        "Tax Provision": 38000000.0,
        "Pretax Income": 40000000.0,
        "Other Income Expense": 14000000.0,
        "Special Income Charges": 13000000.0,
        "Gain On Sale Of Business": NaN,
        "Other Special Charges": NaN,
        "Write Off": -13000000.0,
        "Impairment Of Capital Assets": -13000000.0,
        "Earnings From Equity Interest": 1000000.0,
        "Net Non Operating Interest Income Expense": -207000000.0,
        "Interest Expense Non Operating": 207000000.0,
        "Operating Income": 233000000.0,
        "Operating Expense": 1040000000.0,
        "Other Operating Expenses": 836000000.0,
        "Depreciation Amortization Depletion Income Statement": 124000000.0,
        "Depreciation And Amortization In Income Statement": 124000000.0,
        "Selling General And Administration": 80000000.0,
        "General And Administrative Expense": 80000000.0,
        "Rent And Landing Fees": 80000000.0,
        "Gross Profit": 1273000000.0,
        "Cost Of Revenue": 1842000000.0,
        "Total Revenue": 3115000000.0,
        "Operating Revenue": 3115000000.0
    },
    "2022-03-31": {
        "Diluted EPS": -0.01,
        "Total Revenue": NaN,
        "Gross Profit": NaN,
        "Operating Income": 270,
        "EBIT": 398,
        "Net Income": -1
    },
    "2021-12-31": {
        "Diluted EPS": 1.38,
        "Total Revenue": NaN,
        "Gross Profit": NaN,
        "Operating Income": 422,
        "EBIT": 554,
        "Net Income": 177
    },
    "2021-09-30": {
        "Diluted EPS": 0.85,
        "Total Revenue": NaN,
        "Gross Profit": NaN,
        "Operating Income": 340,
        "EBIT": 476,
        "Net Income": 111
    },
    "2021-06-30": {
        "Diluted EPS": 0.04,
        "Total Revenue": NaN,
        "Gross Profit": NaN,
        "Operating Income": 314,
        "EBIT": 448,
        "Net Income": 6
    },
    "2021-03-31": {
        "Diluted EPS": -0.51,
        "Total Revenue": NaN,
        "Gross Profit": NaN,
        "Operating Income": 326,
        "EBIT": 464,
        "Net Income": -64
    },
    "2020-12-31": {
        "Diluted EPS": 2.66,
        "Total Revenue": NaN,
        "Gross Profit": NaN,
        "Operating Income": 435,
        "EBIT": 569,
        "Net Income": 311
    },
    "2020-09-30": {
        "Diluted EPS": 0.97,
        "Total Revenue": NaN,
        "Gross Profit": NaN,
        "Operating Income": 285,
        "EBIT": 424,
        "Net Income": 112
    },
    "2020-06-30": {
        "Diluted EPS": 0.61,
        "Total Revenue": NaN,
        "Gross Profit": NaN,
        "Operating Income": 296,
        "EBIT": 437,
        "Net Income": 70
    },
    "2020-03-31": {
        "Diluted EPS": 0.15,
        "Total Revenue": NaN,
        "Gross Profit": NaN,
        "Operating Income": 110,
        "EBIT": 254,
        "Net Income": 18
    },
    "2019-12-31": {
        "Diluted EPS": -3.27,
        "Total Revenue": NaN,
        "Gross Profit": NaN,
        "Operating Income": 166,
        "EBIT": 318,
        "Net Income": -373
    },
    "2019-09-30": {
        "Diluted EPS": -0.15,
        "Total Revenue": NaN,
        "Gross Profit": NaN,
        "Operating Income": 184,
        "EBIT": 335,
        "Net Income": -17
    },
    "2019-06-30": {
        "Diluted EPS": -1.47,
        "Total Revenue": NaN,
        "Gross Profit": NaN,
        "Operating Income": 111,
        "EBIT": 263,
        "Net Income": -167
    },
    "2019-03-31": {
        "Diluted EPS": -1.04,
        "Total Revenue": NaN,
        "Gross Profit": NaN,
        "Operating Income": 189,
        "EBIT": 342,
        "Net Income": -118
    },
    "2018-12-31": {
        "Diluted EPS": -2.92,
        "Total Revenue": NaN,
        "Gross Profit": NaN,
        "Operating Income": -115,
        "EBIT": 54,
        "Net Income": -328
    },
    "2018-09-30": {
        "Diluted EPS": -2.88,
        "Total Revenue": NaN,
        "Gross Profit": NaN,
        "Operating Income": 74,
        "EBIT": 247,
        "Net Income": -325
    },
    "2018-06-30": {
        "Diluted EPS": -0.97,
        "Total Revenue": NaN,
        "Gross Profit": NaN,
        "Operating Income": 37,
        "EBIT": 214,
        "Net Income": -110
    },
    "2018-03-31": {
        "Diluted EPS": -0.22,
        "Total Revenue": NaN,
        "Gross Profit": NaN,
        "Operating Income": 212,
        "EBIT": 393,
        "Net Income": -25
    },
    "2017-12-31": {
        "Diluted EPS": -18.01,
        "Total Revenue": NaN,
        "Gross Profit": NaN,
        "Operating Income": NaN,
        "EBIT": NaN,
        "Net Income": NaN
    },
    "2017-09-30": {
        "Diluted EPS": -0.98,
        "Total Revenue": NaN,
        "Gross Profit": NaN,
        "Operating Income": 90,
        "EBIT": 297,
        "Net Income": -110
    },
    "2017-06-30": {
        "Diluted EPS": -1.22,
        "Total Revenue": NaN,
        "Gross Profit": NaN,
        "Operating Income": 113,
        "EBIT": 335,
        "Net Income": -137
    },
    "2017-03-31": {
        "Diluted EPS": -1.79,
        "Total Revenue": NaN,
        "Gross Profit": NaN,
        "Operating Income": 71,
        "EBIT": 307,
        "Net Income": -199
    },
    "2016-12-31": {
        "Diluted EPS": -2.02,
        "Total Revenue": NaN,
        "Gross Profit": NaN,
        "Operating Income": 75,
        "EBIT": 336,
        "Net Income": -221
    },
    "2016-09-30": {
        "Diluted EPS": -0.71,
        "Total Revenue": NaN,
        "Gross Profit": NaN,
        "Operating Income": 146,
        "EBIT": 411,
        "Net Income": -79
    },
    "2016-06-30": {
        "Diluted EPS": -12.91,
        "Total Revenue": NaN,
        "Gross Profit": NaN,
        "Operating Income": NaN,
        "EBIT": NaN,
        "Net Income": NaN
    },
    "2016-03-31": {
        "Diluted EPS": 0.1,
        "Total Revenue": NaN,
        "Gross Profit": NaN,
        "Operating Income": 294,
        "EBIT": 592,
        "Net Income": 11
    },
    "2015-12-31": {
        "Diluted EPS": -0.7,
        "Total Revenue": NaN,
        "Gross Profit": NaN,
        "Operating Income": 146,
        "EBIT": 444,
        "Net Income": -84
    },
    "2015-09-30": {
        "Diluted EPS": 0.44,
        "Total Revenue": NaN,
        "Gross Profit": NaN,
        "Operating Income": 351,
        "EBIT": 639,
        "Net Income": 52
    },
    "2015-06-30": {
        "Diluted EPS": 0.95,
        "Total Revenue": NaN,
        "Gross Profit": NaN,
        "Operating Income": 441,
        "EBIT": 733,
        "Net Income": 111
    },
    "2015-03-31": {
        "Diluted EPS": 0.68,
        "Total Revenue": NaN,
        "Gross Profit": NaN,
        "Operating Income": 399,
        "EBIT": 695,
        "Net Income": 79
    },
    "2014-12-31": {
        "Diluted EPS": 0.96,
        "Total Revenue": NaN,
        "Gross Profit": NaN,
        "Operating Income": 439,
        "EBIT": 729,
        "Net Income": 100
    },
    "2014-09-30": {
        "Diluted EPS": 0.54,
        "Total Revenue": NaN,
        "Gross Profit": NaN,
        "Operating Income": 370,
        "EBIT": 650,
        "Net Income": 62
    },
    "2014-06-30": {
        "Diluted EPS": 0.37,
        "Total Revenue": NaN,
        "Gross Profit": NaN,
        "Operating Income": 352,
        "EBIT": 667,
        "Net Income": 42
    },
    "2014-03-31": {
        "Diluted EPS": -1.05,
        "Total Revenue": NaN,
        "Gross Profit": NaN,
        "Operating Income": 178,
        "EBIT": 480,
        "Net Income": -112
    },
    "2013-12-31": {
        "Diluted EPS": 0.29,
        "Total Revenue": NaN,
        "Gross Profit": NaN,
        "Operating Income": 233,
        "EBIT": 433,
        "Net Income": 28
    },
    "2013-09-30": {
        "Diluted EPS": 0.04,
        "Total Revenue": NaN,
        "Gross Profit": NaN,
        "Operating Income": 177,
        "EBIT": 373,
        "Net Income": 4
    },
    "2013-06-30": {
        "Diluted EPS": 0.32,
        "Total Revenue": NaN,
        "Gross Profit": NaN,
        "Operating Income": 219,
        "EBIT": 414,
        "Net Income": 30
    },
    "2013-03-31": {
        "Diluted EPS": 0.86,
        "Total Revenue": NaN,
        "Gross Profit": NaN,
        "Operating Income": 288,
        "EBIT": 480,
        "Net Income": 79
    },
    "2012-12-31": {
        "Diluted EPS": 0.69,
        "Total Revenue": NaN,
        "Gross Profit": NaN,
        "Operating Income": 299,
        "EBIT": 489,
        "Net Income": 63
    },
    "2012-09-30": {
        "Diluted EPS": 0.49,
        "Total Revenue": NaN,
        "Gross Profit": NaN,
        "Operating Income": 288,
        "EBIT": 470,
        "Net Income": 44
    },
    "2012-06-30": {
        "Diluted EPS": 0.93,
        "Total Revenue": NaN,
        "Gross Profit": NaN,
        "Operating Income": 290,
        "EBIT": 470,
        "Net Income": 83
    },
    "2012-03-31": {
        "Diluted EPS": 0.85,
        "Total Revenue": NaN,
        "Gross Profit": NaN,
        "Operating Income": 349,
        "EBIT": 523,
        "Net Income": 75
    },
    "2011-12-31": {
        "Diluted EPS": 0.35,
        "Total Revenue": NaN,
        "Gross Profit": NaN,
        "Operating Income": 281,
        "EBIT": 453,
        "Net Income": 31
    },
    "2011-09-30": {
        "Diluted EPS": 0.83,
        "Total Revenue": NaN,
        "Gross Profit": NaN,
        "Operating Income": 284,
        "EBIT": 445,
        "Net Income": 74
    },
    "2011-06-30": {
        "Diluted EPS": 0.39,
        "Total Revenue": NaN,
        "Gross Profit": NaN,
        "Operating Income": 289,
        "EBIT": 452,
        "Net Income": 35
    },
    "2011-03-31": {
        "Diluted EPS": 0.67,
        "Total Revenue": NaN,
        "Gross Profit": NaN,
        "Operating Income": 281,
        "EBIT": 442,
        "Net Income": 61
    },
    "2010-12-31": {
        "Diluted EPS": 0.76,
        "Total Revenue": NaN,
        "Gross Profit": NaN,
        "Operating Income": 285,
        "EBIT": 442,
        "Net Income": 70
    },
    "2010-09-30": {
        "Diluted EPS": 0.76,
        "Total Revenue": NaN,
        "Gross Profit": NaN,
        "Operating Income": 285,
        "EBIT": 436,
        "Net Income": 70
    },
    "2010-06-30": {
        "Diluted EPS": 0.74,
        "Total Revenue": NaN,
        "Gross Profit": NaN,
        "Operating Income": 281,
        "EBIT": 434,
        "Net Income": 70
    },
    "2010-03-31": {
        "Diluted EPS": 0.75,
        "Total Revenue": NaN,
        "Gross Profit": NaN,
        "Operating Income": 275,
        "EBIT": 423,
        "Net Income": 70
    },
    "2009-12-31": {
        "Diluted EPS": 0.71,
        "Total Revenue": NaN,
        "Gross Profit": NaN,
        "Operating Income": 281,
        "EBIT": 426,
        "Net Income": 65
    },
    "2009-09-30": {
        "Diluted EPS": 0.65,
        "Total Revenue": NaN,
        "Gross Profit": NaN,
        "Operating Income": 267,
        "EBIT": 411,
        "Net Income": 60
    },
    "2009-06-30": {
        "Diluted EPS": 0.65,
        "Total Revenue": NaN,
        "Gross Profit": NaN,
        "Operating Income": 261,
        "EBIT": 404,
        "Net Income": 59
    },
    "2009-03-31": {
        "Diluted EPS": 0.65,
        "Total Revenue": NaN,
        "Gross Profit": NaN,
        "Operating Income": 255,
        "EBIT": 391,
        "Net Income": 59
    },
    "2023-09-30": {
        "Tax Effect Of Unusual Items": -5460000.0,
        "Tax Rate For Calcs": 0.21,
        "Normalized EBITDA": 330000000.0,
        "Total Unusual Items": -26000000.0,
        "Total Unusual Items Excluding Goodwill": -26000000.0,
        "Net Income From Continuing Operation Net Minority Interest": -91000000.0,
        "Reconciled Depreciation": 129000000.0,
        "Reconciled Cost Of Revenue": 1826000000.0,
        "EBITDA": 304000000.0,
        "EBIT": 175000000.0,
        "Net Interest Income": -208000000.0,
        "Interest Expense": 208000000.0,
        "Normalized Income": -70460000.0,
        "Net Income From Continuing And Discontinued Operation": -91000000.0,
        "Total Expenses": 2887000000.0,
        "Rent Expense Supplemental": 79000000.0,
        "Total Operating Income As Reported": 173000000.0,
        "Diluted Average Shares": 130698907.0,
        "Basic Average Shares": 130698907.0,
        "Diluted EPS": -0.69,
        "Basic EPS": -0.69,
        "Diluted NI Availto Com Stockholders": -91000000.0,
        "Net Income Common Stockholders": -91000000.0,
        "Net Income": -91000000.0,
        "Minority Interests": -39000000.0,
        "Net Income Including Noncontrolling Interests": -52000000.0,
        "Net Income Continuous Operations": -52000000.0,
        "Tax Provision": 19000000.0,
        "Pretax Income": -33000000.0,
        "Other Income Expense": -24000000.0,
        "Special Income Charges": -26000000.0,
        "Gain On Sale Of Business": NaN,
        "Other Special Charges": NaN,
        "Write Off": NaN,
        "Impairment Of Capital Assets": 26000000.0,
        "Earnings From Equity Interest": 2000000.0,
        "Net Non Operating Interest Income Expense": -208000000.0,
        "Interest Expense Non Operating": 208000000.0,
        "Operating Income": 199000000.0,
        "Operating Expense": 1060000000.0,
        "Other Operating Expenses": 853000000.0,
        "Depreciation Amortization Depletion Income Statement": 128000000.0,
        "Depreciation And Amortization In Income Statement": 128000000.0,
        "Selling General And Administration": 79000000.0,
        "General And Administrative Expense": 79000000.0,
        "Rent And Landing Fees": 79000000.0,
        "Gross Profit": 1259000000.0,
        "Cost Of Revenue": 1827000000.0,
        "Total Revenue": 3086000000.0,
        "Operating Revenue": 3086000000.0
    }
}