{
    "2023-03-31": {
        "Tax Effect Of Unusual Items": NaN,
        "Tax Rate For Calcs": NaN,
        "Normalized EBITDA": NaN,
        "Net Income From Continuing Operation Net Minority Interest": NaN,
        "Reconciled Depreciation": NaN,
        "Reconciled Cost Of Revenue": NaN,
        "EBITDA": NaN,
        "EBIT": NaN,
        "Net Interest Income": NaN,
        "Interest Income": 46902.0,
        "Normalized Income": NaN,
        "Net Income From Continuing And Discontinued Operation": NaN,
        "Total Expenses": NaN,
        "Total Operating Income As Reported": NaN,
        "Diluted Average Shares": 376854.0,
        "Basic Average Shares": 376854.0,
        "Diluted EPS": -15.0,
        "Basic EPS": -15.0,
        "Diluted NI Availto Com Stockholders": NaN,
        "Net Income Common Stockholders": NaN,
        "Net Income": NaN,
        "Net Income Including Noncontrolling Interests": NaN,
        "Net Income Continuous Operations": NaN,
        "Pretax Income": NaN,
        "Other Income Expense": NaN,
        "Other Non Operating Income Expenses": NaN,
        "Net Non Operating Interest Income Expense": NaN,
        "Total Other Finance Cost": -46902.0,
        "Interest Income Non Operating": 46902.0,
        "Operating Income": NaN,
        "Operating Expense": NaN,
        "Research And Development": NaN,
        "Selling General And Administration": NaN,
        "General And Administrative Expense": NaN,
        "Other Gand A": NaN,
        "Gross Profit": NaN,
        "Cost Of Revenue": NaN,
        "Total Revenue": NaN,
        "Operating Revenue": NaN
    },
    "2022-12-31": {
        "Tax Effect Of Unusual Items": NaN,
        "Tax Rate For Calcs": NaN,
        "Normalized EBITDA": NaN,
        "Net Income From Continuing Operation Net Minority Interest": NaN,
        "Reconciled Depreciation": NaN,
        "Reconciled Cost Of Revenue": NaN,
        "EBITDA": NaN,
        "EBIT": NaN,
        "Net Interest Income": NaN,
        "Interest Income": NaN,
        "Normalized Income": NaN,
        "Net Income From Continuing And Discontinued Operation": NaN,
        "Total Expenses": NaN,
        "Total Operating Income As Reported": NaN,
        "Diluted Average Shares": NaN,
        "Basic Average Shares": NaN,
        "Diluted EPS": NaN,
        "Basic EPS": NaN,
        "Diluted NI Availto Com Stockholders": NaN,
        "Net Income Common Stockholders": NaN,
        "Net Income": NaN,
        "Net Income Including Noncontrolling Interests": NaN,
        "Net Income Continuous Operations": NaN,
        "Pretax Income": NaN,
        "Other Income Expense": NaN,
        "Other Non Operating Income Expenses": NaN,
        "Net Non Operating Interest Income Expense": NaN,
        "Total Other Finance Cost": -41409.0,
        "Interest Income Non Operating": NaN,
        "Operating Income": NaN,
        "Operating Expense": NaN,
        "Research And Development": NaN,
        "Selling General And Administration": NaN,
        "General And Administrative Expense": NaN,
        "Other Gand A": NaN,
        "Gross Profit": NaN,
        "Cost Of Revenue": NaN,
        "Total Revenue": NaN,
        "Operating Revenue": NaN
    },
    "2022-09-30": {
        "Tax Effect Of Unusual Items": NaN,
        "Tax Rate For Calcs": NaN,
        "Normalized EBITDA": NaN,
        "Net Income From Continuing Operation Net Minority Interest": NaN,
        "Reconciled Depreciation": NaN,
        "Reconciled Cost Of Revenue": NaN,
        "EBITDA": NaN,
        "EBIT": NaN,
        "Net Interest Income": NaN,
        "Interest Income": 4677.0,
        "Normalized Income": NaN,
        "Net Income From Continuing And Discontinued Operation": NaN,
        "Total Expenses": NaN,
        "Total Operating Income As Reported": NaN,
        "Diluted Average Shares": NaN,
        "Basic Average Shares": NaN,
        "Diluted EPS": NaN,
        "Basic EPS": NaN,
        "Diluted NI Availto Com Stockholders": NaN,
        "Net Income Common Stockholders": NaN,
        "Net Income": NaN,
        "Net Income Including Noncontrolling Interests": NaN,
        "Net Income Continuous Operations": NaN,
        "Pretax Income": NaN,
        "Other Income Expense": NaN,
        "Other Non Operating Income Expenses": NaN,
        "Net Non Operating Interest Income Expense": NaN,
        "Total Other Finance Cost": -4677.0,
        "Interest Income Non Operating": 4677.0,
        "Operating Income": NaN,
        "Operating Expense": NaN,
        "Research And Development": NaN,
        "Selling General And Administration": NaN,
        "General And Administrative Expense": NaN,
        "Other Gand A": NaN,
        "Gross Profit": NaN,
        "Cost Of Revenue": NaN,
        "Total Revenue": NaN,
        "Operating Revenue": NaN
    },
    "2022-06-30": {
        "Tax Effect Of Unusual Items": 0.0,
        "Tax Rate For Calcs": 0.0,
        "Normalized EBITDA": -4450306.0,
        "Total Unusual Items": NaN,
        "Total Unusual Items Excluding Goodwill": NaN,
        "Net Income From Continuing Operation Net Minority Interest": -4611961.0,
        "Reconciled Depreciation": 160048.0,
        "Reconciled Cost Of Revenue": NaN,
        "EBITDA": -4450306.0,
        "EBIT": -4610354.0,
        "Net Interest Income": -1607.0,
        "Interest Expense": 1607.0,
        "Interest Income": NaN,
        "Normalized Income": -4611961.0,
        "Net Income From Continuing And Discontinued Operation": -4611961.0,
        "Total Expenses": 4612913.0,
        "Total Operating Income As Reported": -4612913.0,
        "Diluted Average Shares": 30706235.0,
        "Basic Average Shares": 30706235.0,
        "Diluted EPS": -0.15,
        "Basic EPS": -0.15,
        "Diluted NI Availto Com Stockholders": -4611961.0,
        "Net Income Common Stockholders": -4611961.0,
        "Net Income": -4611961.0,
        "Net Income Including Noncontrolling Interests": -4611961.0,
        "Net Income Continuous Operations": -4611961.0,
        "Pretax Income": -4611961.0,
        "Other Income Expense": 2559.0,
        "Other Non Operating Income Expenses": 2559.0,
        "Special Income Charges": NaN,
        "Net Non Operating Interest Income Expense": -1607.0,
        "Total Other Finance Cost": NaN,
        "Interest Expense Non Operating": 1607.0,
        "Interest Income Non Operating": NaN,
        "Operating Income": -4612913.0,
        "Operating Expense": 4612913.0,
        "Research And Development": 2255666.0,
        "Selling General And Administration": 2357247.0,
        "General And Administrative Expense": 2357247.0,
        "Other Gand A": 2357247.0,
        "Gross Profit": NaN,
        "Cost Of Revenue": NaN,
        "Total Revenue": 0.0,
        "Operating Revenue": 0.0
    },
    "2022-03-31": {
        "Diluted EPS": -0.14,
        "Total Revenue": NaN,
        "Gross Profit": NaN,
        "Operating Income": -4,
        "EBIT": -4,
        "Net Income": -4
    },
    "2021-12-31": {
        "Diluted EPS": 4.67,
        "Total Revenue": NaN,
        "Gross Profit": NaN,
        "Operating Income": -4,
        "EBIT": -4,
        "Net Income": -2
    },
    "2021-09-30": {
        "Diluted EPS": -2.17,
        "Total Revenue": NaN,
        "Gross Profit": NaN,
        "Operating Income": -2,
        "EBIT": -2,
        "Net Income": -2
    },
    "2021-06-30": {
        "Diluted EPS": -2.2,
        "Total Revenue": NaN,
        "Gross Profit": NaN,
        "Operating Income": -2,
        "EBIT": -2,
        "Net Income": -2
    },
    "2021-03-31": {
        "Diluted EPS": -1.63,
        "Total Revenue": NaN,
        "Gross Profit": NaN,
        "Operating Income": -2,
        "EBIT": -2,
        "Net Income": -2
    },
    "2020-12-31": {
        "Diluted EPS": 0.0,
        "Total Revenue": NaN,
        "Gross Profit": NaN,
        "Operating Income": NaN,
        "EBIT": NaN,
        "Net Income": NaN
    },
    "2020-09-30": {
        "Diluted EPS": -1.85,
        "Total Revenue": NaN,
        "Gross Profit": NaN,
        "Operating Income": -2,
        "EBIT": -2,
        "Net Income": -2
    },
    "2023-06-30": {
        "Tax Effect Of Unusual Items": 0.0,
        "Tax Rate For Calcs": 0.0,
        "Normalized EBITDA": -6248453.0,
        "Net Income From Continuing Operation Net Minority Interest": -6353399.0,
        "Reconciled Depreciation": 246959.0,
        "Reconciled Cost Of Revenue": 462624.0,
        "EBITDA": -6248453.0,
        "EBIT": -6495412.0,
        "Net Interest Income": 18891.0,
        "Interest Income": 18891.0,
        "Normalized Income": -6353399.0,
        "Net Income From Continuing And Discontinued Operation": -6353399.0,
        "Total Expenses": 7046364.0,
        "Total Operating Income As Reported": -6495412.0,
        "Diluted Average Shares": 489947.0,
        "Basic Average Shares": 489947.0,
        "Diluted EPS": -12.97,
        "Basic EPS": -12.97,
        "Diluted NI Availto Com Stockholders": -6353399.0,
        "Net Income Common Stockholders": -6353399.0,
        "Net Income": -6353399.0,
        "Net Income Including Noncontrolling Interests": -6353399.0,
        "Net Income Continuous Operations": -6353399.0,
        "Pretax Income": -6353399.0,
        "Other Income Expense": 123122.0,
        "Other Non Operating Income Expenses": 123122.0,
        "Net Non Operating Interest Income Expense": 18891.0,
        "Total Other Finance Cost": -18891.0,
        "Interest Income Non Operating": 18891.0,
        "Operating Income": -6495412.0,
        "Operating Expense": 6583740.0,
        "Research And Development": 3737818.0,
        "Selling General And Administration": 2845922.0,
        "General And Administrative Expense": 2845922.0,
        "Other Gand A": 2845922.0,
        "Gross Profit": 88328.0,
        "Cost Of Revenue": 462624.0,
        "Total Revenue": 550952.0,
        "Operating Revenue": 550952.0
    },
    "2023-09-30": {
        "Tax Effect Of Unusual Items": 0.0,
        "Tax Rate For Calcs": 0.0,
        "Normalized EBITDA": -5377354.0,
        "Net Income From Continuing Operation Net Minority Interest": -5471512.0,
        "Reconciled Depreciation": 232347.0,
        "Reconciled Cost Of Revenue": 42414.0,
        "EBITDA": -5377354.0,
        "EBIT": -5609701.0,
        "Net Interest Income": 32905.0,
        "Interest Income": 32905.0,
        "Normalized Income": -5471512.0,
        "Net Income From Continuing And Discontinued Operation": -5471512.0,
        "Total Expenses": 5634911.0,
        "Total Operating Income As Reported": -5609701.0,
        "Diluted Average Shares": 415491.0,
        "Basic Average Shares": 415491.0,
        "Diluted EPS": -12.727273,
        "Basic EPS": -12.727273,
        "Diluted NI Availto Com Stockholders": -5471512.0,
        "Net Income Common Stockholders": -5471512.0,
        "Net Income": -5471512.0,
        "Net Income Including Noncontrolling Interests": -5471512.0,
        "Net Income Continuous Operations": -5471512.0,
        "Pretax Income": -5471512.0,
        "Other Income Expense": 105284.0,
        "Other Non Operating Income Expenses": 105284.0,
        "Net Non Operating Interest Income Expense": 32905.0,
        "Total Other Finance Cost": NaN,
        "Interest Income Non Operating": 32905.0,
        "Operating Income": -5609701.0,
        "Operating Expense": 5592497.0,
        "Research And Development": 2929225.0,
        "Selling General And Administration": 2663272.0,
        "General And Administrative Expense": 2663272.0,
        "Other Gand A": 2663272.0,
        "Gross Profit": -17204.0,
        "Cost Of Revenue": 42414.0,
        "Total Revenue": 25210.0,
        "Operating Revenue": 25210.0
    },
    "2023-12-31": {
        "Tax Effect Of Unusual Items": 0.0,
        "Tax Rate For Calcs": 0.0,
        "Normalized EBITDA": -5142015.0,
        "Net Income From Continuing Operation Net Minority Interest": -5357561.0,
        "Reconciled Depreciation": 253944.0,
        "Reconciled Cost Of Revenue": 100589.0,
        "EBITDA": -5142015.0,
        "EBIT": -5395959.0,
        "Net Interest Income": 39189.0,
        "Interest Income": NaN,
        "Normalized Income": -5357561.0,
        "Net Income From Continuing And Discontinued Operation": -5357561.0,
        "Total Expenses": 5436315.0,
        "Total Operating Income As Reported": -5395959.0,
        "Diluted Average Shares": NaN,
        "Basic Average Shares": NaN,
        "Diluted EPS": NaN,
        "Basic EPS": NaN,
        "Diluted NI Availto Com Stockholders": -5357561.0,
        "Net Income Common Stockholders": -5357561.0,
        "Net Income": -5357561.0,
        "Net Income Including Noncontrolling Interests": -5357561.0,
        "Net Income Continuous Operations": -5357561.0,
        "Pretax Income": -5357561.0,
        "Other Income Expense": -791.0,
        "Other Non Operating Income Expenses": -791.0,
        "Net Non Operating Interest Income Expense": 39189.0,
        "Total Other Finance Cost": NaN,
        "Interest Income Non Operating": NaN,
        "Operating Income": -5395959.0,
        "Operating Expense": 5335726.0,
        "Research And Development": 3022884.0,
        "Selling General And Administration": 2312842.0,
        "General And Administrative Expense": 2312842.0,
        "Other Gand A": 2312842.0,
        "Gross Profit": -60233.0,
        "Cost Of Revenue": 100589.0,
        "Total Revenue": 40356.0,
        "Operating Revenue": 40356.0
    },
    "2024-03-31": {
        "Tax Effect Of Unusual Items": 0.0,
        "Tax Rate For Calcs": 0.0,
        "Normalized EBITDA": -5740769.0,
        "Net Income From Continuing Operation Net Minority Interest": -5970079.0,
        "Reconciled Depreciation": 225590.0,
        "Reconciled Cost Of Revenue": 113776.0,
        "EBITDA": -5740769.0,
        "EBIT": -5966359.0,
        "Net Interest Income": 1327.0,
        "Interest Income": 1327.0,
        "Normalized Income": -5970079.0,
        "Net Income From Continuing And Discontinued Operation": -5970079.0,
        "Total Expenses": 5971872.0,
        "Total Operating Income As Reported": -5966359.0,
        "Diluted Average Shares": 770811.0,
        "Basic Average Shares": 770811.0,
        "Diluted EPS": -8.0,
        "Basic EPS": -8.0,
        "Diluted NI Availto Com Stockholders": -5970079.0,
        "Net Income Common Stockholders": -5970079.0,
        "Net Income": -5970079.0,
        "Net Income Including Noncontrolling Interests": -5970079.0,
        "Net Income Continuous Operations": -5970079.0,
        "Pretax Income": -5970079.0,
        "Other Income Expense": -5047.0,
        "Other Non Operating Income Expenses": -5047.0,
        "Net Non Operating Interest Income Expense": 1327.0,
        "Total Other Finance Cost": NaN,
        "Interest Income Non Operating": 1327.0,
        "Operating Income": -5966359.0,
        "Operating Expense": 5858096.0,
        "Research And Development": 3154695.0,
        "Selling General And Administration": 2703401.0,
        "General And Administrative Expense": 2703401.0,
        "Other Gand A": 2703401.0,
        "Gross Profit": -108263.0,
        "Cost Of Revenue": 113776.0,
        "Total Revenue": 5513.0,
        "Operating Revenue": 5513.0
    },
    "2024-06-30": {
        "Tax Effect Of Unusual Items": 0.0,
        "Tax Rate For Calcs": 0.0,
        "Normalized EBITDA": -5581915.0,
        "Net Income From Continuing Operation Net Minority Interest": -5818952.0,
        "Reconciled Depreciation": 230289.0,
        "Reconciled Cost Of Revenue": 14922.0,
        "EBITDA": -5581915.0,
        "EBIT": -5812204.0,
        "Net Interest Income": -1669.0,
        "Interest Income": NaN,
        "Normalized Income": -5818952.0,
        "Net Income From Continuing And Discontinued Operation": -5818952.0,
        "Total Expenses": 5820869.0,
        "Total Operating Income As Reported": -5812204.0,
        "Diluted Average Shares": 1416758.0,
        "Basic Average Shares": 1416758.0,
        "Diluted EPS": -4.11,
        "Basic EPS": -4.11,
        "Diluted NI Availto Com Stockholders": -5818952.0,
        "Net Income Common Stockholders": -5818952.0,
        "Net Income": -5818952.0,
        "Net Income Including Noncontrolling Interests": -5818952.0,
        "Net Income Continuous Operations": -5818952.0,
        "Pretax Income": -5818952.0,
        "Other Income Expense": -5079.0,
        "Other Non Operating Income Expenses": -5079.0,
        "Net Non Operating Interest Income Expense": -1669.0,
        "Total Other Finance Cost": 1669.0,
        "Interest Income Non Operating": NaN,
        "Operating Income": -5812204.0,
        "Operating Expense": 5805947.0,
        "Research And Development": 3199078.0,
        "Selling General And Administration": 2606869.0,
        "General And Administrative Expense": 2606869.0,
        "Other Gand A": 2606869.0,
        "Gross Profit": -6257.0,
        "Cost Of Revenue": 14922.0,
        "Total Revenue": 8665.0,
        "Operating Revenue": 8665.0
    }
}