{
    "2023-03-31": {
        "Tax Effect Of Unusual Items": 518070.0,
        "Tax Rate For Calcs": 0.21,
        "Normalized EBITDA": 364000.0,
        "Total Unusual Items": 2467000.0,
        "Total Unusual Items Excluding Goodwill": 2467000.0,
        "Net Income From Continuing Operation Net Minority Interest": -5574000.0,
        "Reconciled Depreciation": 6404000.0,
        "Reconciled Cost Of Revenue": 35745000.0,
        "EBITDA": 2831000.0,
        "EBIT": -3573000.0,
        "Net Interest Income": -1509000.0,
        "Interest Expense": 1509000.0,
        "Normalized Income": -7522930.0,
        "Net Income From Continuing And Discontinued Operation": -5574000.0,
        "Total Expenses": 72862000.0,
        "Total Operating Income As Reported": -10045000.0,
        "Diluted Average Shares": 48362501.0,
        "Basic Average Shares": 48362501.0,
        "Diluted EPS": -0.16,
        "Basic EPS": -0.16,
        "Diluted NI Availto Com Stockholders": -7574000.0,
        "Net Income Common Stockholders": -7574000.0,
        "Preferred Stock Dividends": 2000000.0,
        "Net Income": -5574000.0,
        "Net Income Including Noncontrolling Interests": -5574000.0,
        "Net Income Continuous Operations": -5574000.0,
        "Tax Provision": 492000.0,
        "Pretax Income": -5082000.0,
        "Other Income Expense": 6472000.0,
        "Other Non Operating Income Expenses": 4005000.0,
        "Special Income Charges": NaN,
        "Other Special Charges": NaN,
        "Gain On Sale Of Security": 2467000.0,
        "Net Non Operating Interest Income Expense": -1509000.0,
        "Interest Expense Non Operating": 1509000.0,
        "Operating Income": -10045000.0,
        "Operating Expense": 37117000.0,
        "Research And Development": 3876000.0,
        "Selling General And Administration": 33241000.0,
        "Gross Profit": 27072000.0,
        "Cost Of Revenue": 35745000.0,
        "Total Revenue": 62817000.0,
        "Operating Revenue": 62817000.0
    },
    "2022-12-31": {
        "Tax Effect Of Unusual Items": 562170.0,
        "Tax Rate For Calcs": 0.21,
        "Normalized EBITDA": -3046000.0,
        "Total Unusual Items": 2677000.0,
        "Total Unusual Items Excluding Goodwill": 2677000.0,
        "Net Income From Continuing Operation Net Minority Interest": -9436000.0,
        "Reconciled Depreciation": 6134000.0,
        "Reconciled Cost Of Revenue": 34081000.0,
        "EBITDA": -369000.0,
        "EBIT": -6503000.0,
        "Net Interest Income": -1456000.0,
        "Interest Expense": 1456000.0,
        "Normalized Income": -11550830.0,
        "Net Income From Continuing And Discontinued Operation": -9436000.0,
        "Total Expenses": 71393000.0,
        "Total Operating Income As Reported": -11035000.0,
        "Diluted Average Shares": 48508766.0,
        "Basic Average Shares": 48508766.0,
        "Diluted EPS": -0.24,
        "Basic EPS": -0.24,
        "Diluted NI Availto Com Stockholders": -11436000.0,
        "Net Income Common Stockholders": -11436000.0,
        "Preferred Stock Dividends": 2000000.0,
        "Net Income": -9436000.0,
        "Net Income Including Noncontrolling Interests": -9436000.0,
        "Net Income Continuous Operations": -9436000.0,
        "Tax Provision": 1477000.0,
        "Pretax Income": -7959000.0,
        "Other Income Expense": 4532000.0,
        "Other Non Operating Income Expenses": 1855000.0,
        "Special Income Charges": NaN,
        "Other Special Charges": NaN,
        "Gain On Sale Of Security": 2677000.0,
        "Net Non Operating Interest Income Expense": -1456000.0,
        "Interest Expense Non Operating": 1456000.0,
        "Operating Income": -11035000.0,
        "Operating Expense": 37312000.0,
        "Research And Development": 4677000.0,
        "Selling General And Administration": 32635000.0,
        "Gross Profit": 26277000.0,
        "Cost Of Revenue": 34081000.0,
        "Total Revenue": 60358000.0,
        "Operating Revenue": 60358000.0
    },
    "2022-09-30": {
        "Tax Effect Of Unusual Items": NaN,
        "Tax Rate For Calcs": NaN,
        "Normalized EBITDA": NaN,
        "Total Unusual Items": NaN,
        "Total Unusual Items Excluding Goodwill": NaN,
        "Net Income From Continuing Operation Net Minority Interest": NaN,
        "Reconciled Depreciation": NaN,
        "Reconciled Cost Of Revenue": NaN,
        "EBITDA": NaN,
        "EBIT": NaN,
        "Net Interest Income": NaN,
        "Interest Expense": NaN,
        "Normalized Income": NaN,
        "Net Income From Continuing And Discontinued Operation": NaN,
        "Total Expenses": NaN,
        "Total Operating Income As Reported": NaN,
        "Diluted Average Shares": NaN,
        "Basic Average Shares": NaN,
        "Diluted EPS": NaN,
        "Basic EPS": NaN,
        "Diluted NI Availto Com Stockholders": NaN,
        "Net Income Common Stockholders": NaN,
        "Preferred Stock Dividends": NaN,
        "Net Income": NaN,
        "Net Income Including Noncontrolling Interests": NaN,
        "Net Income Continuous Operations": NaN,
        "Tax Provision": NaN,
        "Pretax Income": NaN,
        "Other Income Expense": NaN,
        "Other Non Operating Income Expenses": NaN,
        "Special Income Charges": 0.0,
        "Other Special Charges": NaN,
        "Gain On Sale Of Security": NaN,
        "Net Non Operating Interest Income Expense": NaN,
        "Interest Expense Non Operating": NaN,
        "Operating Income": NaN,
        "Operating Expense": NaN,
        "Research And Development": NaN,
        "Selling General And Administration": NaN,
        "Gross Profit": NaN,
        "Cost Of Revenue": NaN,
        "Total Revenue": NaN,
        "Operating Revenue": NaN
    },
    "2022-06-30": {
        "Tax Effect Of Unusual Items": 819200.0,
        "Tax Rate For Calcs": 0.4,
        "Normalized EBITDA": -3795000.0,
        "Total Unusual Items": 2048000.0,
        "Total Unusual Items Excluding Goodwill": 2048000.0,
        "Net Income From Continuing Operation Net Minority Interest": -9177000.0,
        "Reconciled Depreciation": 5480000.0,
        "Reconciled Cost Of Revenue": 35315000.0,
        "EBITDA": -1747000.0,
        "EBIT": -7227000.0,
        "Net Interest Income": -1586000.0,
        "Interest Expense": 1586000.0,
        "Normalized Income": -10405800.0,
        "Net Income From Continuing And Discontinued Operation": -9177000.0,
        "Total Expenses": 69400000.0,
        "Total Operating Income As Reported": -5247000.0,
        "Diluted Average Shares": 48792559.0,
        "Basic Average Shares": 48792559.0,
        "Diluted EPS": -0.23,
        "Basic EPS": -0.23,
        "Diluted NI Availto Com Stockholders": -11177000.0,
        "Net Income Common Stockholders": -11177000.0,
        "Preferred Stock Dividends": 2000000.0,
        "Net Income": -9177000.0,
        "Net Income Including Noncontrolling Interests": -9177000.0,
        "Net Income Continuous Operations": -9177000.0,
        "Tax Provision": 364000.0,
        "Pretax Income": -8813000.0,
        "Other Income Expense": -1980000.0,
        "Other Non Operating Income Expenses": -4028000.0,
        "Special Income Charges": NaN,
        "Gain On Sale Of Security": 2048000.0,
        "Net Non Operating Interest Income Expense": -1586000.0,
        "Interest Expense Non Operating": 1586000.0,
        "Operating Income": -5247000.0,
        "Operating Expense": 34085000.0,
        "Research And Development": 3522000.0,
        "Selling General And Administration": 30563000.0,
        "Gross Profit": 28838000.0,
        "Cost Of Revenue": 35315000.0,
        "Total Revenue": 64153000.0,
        "Operating Revenue": 64153000.0
    },
    "2022-03-31": {
        "Diluted EPS": -0.31,
        "Total Revenue": 52,
        "Gross Profit": 22,
        "Operating Income": -8,
        "EBIT": -2,
        "Net Income": -15
    },
    "2021-12-31": {
        "Diluted EPS": -5.71,
        "Total Revenue": 56,
        "Gross Profit": 23,
        "Operating Income": -8,
        "EBIT": -3,
        "Net Income": -262
    },
    "2021-09-30": {
        "Diluted EPS": -0.18,
        "Total Revenue": 57,
        "Gross Profit": 24,
        "Operating Income": -5,
        "EBIT": 1,
        "Net Income": -9
    },
    "2021-06-30": {
        "Diluted EPS": -0.16,
        "Total Revenue": 56,
        "Gross Profit": 25,
        "Operating Income": -4,
        "EBIT": 1,
        "Net Income": -7
    },
    "2021-03-31": {
        "Diluted EPS": -0.13,
        "Total Revenue": 53,
        "Gross Profit": 25,
        "Operating Income": -1,
        "EBIT": 4,
        "Net Income": -6
    },
    "2020-12-31": {
        "Diluted EPS": -1.39,
        "Total Revenue": 48,
        "Gross Profit": 20,
        "Operating Income": -10,
        "EBIT": -2,
        "Net Income": -54
    },
    "2020-09-30": {
        "Diluted EPS": -0.29,
        "Total Revenue": 11,
        "Gross Profit": 6,
        "Operating Income": -11,
        "EBIT": -10,
        "Net Income": -11
    },
    "2020-06-30": {
        "Diluted EPS": -0.15,
        "Total Revenue": 9,
        "Gross Profit": 5,
        "Operating Income": -6,
        "EBIT": -5,
        "Net Income": -6
    },
    "2020-03-31": {
        "Diluted EPS": -0.11,
        "Total Revenue": 10,
        "Gross Profit": 5,
        "Operating Income": -4,
        "EBIT": -3,
        "Net Income": -4
    },
    "2019-12-31": {
        "Diluted EPS": -0.04,
        "Total Revenue": 9,
        "Gross Profit": 5,
        "Operating Income": -1,
        "EBIT": 0,
        "Net Income": -1
    },
    "2019-09-30": {
        "Diluted EPS": -0.35,
        "Total Revenue": 10,
        "Gross Profit": 5,
        "Operating Income": -12,
        "EBIT": -12,
        "Net Income": -12
    },
    "2019-06-30": {
        "Diluted EPS": -0.08,
        "Total Revenue": 8,
        "Gross Profit": 4,
        "Operating Income": -2,
        "EBIT": -2,
        "Net Income": -3
    },
    "2019-03-31": {
        "Diluted EPS": -0.08,
        "Total Revenue": 7,
        "Gross Profit": 3,
        "Operating Income": -2,
        "EBIT": -2,
        "Net Income": -2
    },
    "2018-12-31": {
        "Diluted EPS": -0.08,
        "Total Revenue": 6,
        "Gross Profit": 3,
        "Operating Income": -2,
        "EBIT": -2,
        "Net Income": -2
    },
    "2018-09-30": {
        "Diluted EPS": -0.07,
        "Total Revenue": 5,
        "Gross Profit": 3,
        "Operating Income": -2,
        "EBIT": -2,
        "Net Income": -2
    },
    "2018-06-30": {
        "Diluted EPS": -0.09,
        "Total Revenue": 5,
        "Gross Profit": 3,
        "Operating Income": -2,
        "EBIT": -2,
        "Net Income": -2
    },
    "2018-03-31": {
        "Diluted EPS": -0.1,
        "Total Revenue": 4,
        "Gross Profit": 2,
        "Operating Income": -2,
        "EBIT": -2,
        "Net Income": -3
    },
    "2017-12-31": {
        "Diluted EPS": -0.08,
        "Total Revenue": 3,
        "Gross Profit": 2,
        "Operating Income": -2,
        "EBIT": -2,
        "Net Income": -2
    },
    "2017-09-30": {
        "Diluted EPS": -0.08,
        "Total Revenue": 3,
        "Gross Profit": 2,
        "Operating Income": -2,
        "EBIT": -2,
        "Net Income": -2
    },
    "2017-06-30": {
        "Diluted EPS": -0.08,
        "Total Revenue": 3,
        "Gross Profit": 1,
        "Operating Income": -2,
        "EBIT": -2,
        "Net Income": -2
    },
    "2017-03-31": {
        "Diluted EPS": -0.1,
        "Total Revenue": 3,
        "Gross Profit": 1,
        "Operating Income": -2,
        "EBIT": -2,
        "Net Income": -2
    },
    "2016-12-31": {
        "Diluted EPS": -0.25,
        "Total Revenue": 2,
        "Gross Profit": 1,
        "Operating Income": -2,
        "EBIT": -2,
        "Net Income": -4
    },
    "2016-09-30": {
        "Diluted EPS": -0.14,
        "Total Revenue": 2,
        "Gross Profit": 1,
        "Operating Income": -2,
        "EBIT": -2,
        "Net Income": -2
    },
    "2016-06-30": {
        "Diluted EPS": -0.28,
        "Total Revenue": 2,
        "Gross Profit": 1,
        "Operating Income": -2,
        "EBIT": -2,
        "Net Income": -4
    },
    "2016-03-31": {
        "Diluted EPS": -0.26,
        "Total Revenue": 2,
        "Gross Profit": 1,
        "Operating Income": -3,
        "EBIT": -2,
        "Net Income": -3
    },
    "2015-12-31": {
        "Diluted EPS": -0.42,
        "Total Revenue": 1,
        "Gross Profit": 0,
        "Operating Income": 1,
        "EBIT": 2,
        "Net Income": -3
    },
    "2015-09-30": {
        "Diluted EPS": -0.41,
        "Total Revenue": 1,
        "Gross Profit": 0,
        "Operating Income": -2,
        "EBIT": -2,
        "Net Income": -3
    },
    "2015-06-30": {
        "Diluted EPS": -1.31,
        "Total Revenue": 1,
        "Gross Profit": 0,
        "Operating Income": -2,
        "EBIT": -2,
        "Net Income": -7
    },
    "2015-03-31": {
        "Diluted EPS": 0.0,
        "Total Revenue": NaN,
        "Gross Profit": NaN,
        "Operating Income": NaN,
        "EBIT": NaN,
        "Net Income": NaN
    },
    "2014-12-31": {
        "Diluted EPS": -0.4,
        "Total Revenue": 1,
        "Gross Profit": 0,
        "Operating Income": 1,
        "EBIT": 1,
        "Net Income": -2
    },
    "2014-09-30": {
        "Diluted EPS": -0.64,
        "Total Revenue": 1,
        "Gross Profit": 0,
        "Operating Income": -1,
        "EBIT": -1,
        "Net Income": -3
    },
    "2014-06-30": {
        "Diluted EPS": -0.61,
        "Total Revenue": 1,
        "Gross Profit": 0,
        "Operating Income": -1,
        "EBIT": -1,
        "Net Income": -3
    },
    "2014-03-31": {
        "Diluted EPS": 0.0,
        "Total Revenue": NaN,
        "Gross Profit": NaN,
        "Operating Income": NaN,
        "EBIT": NaN,
        "Net Income": NaN
    },
    "2013-12-31": {
        "Diluted EPS": -0.36,
        "Total Revenue": 1,
        "Gross Profit": 0,
        "Operating Income": 1,
        "EBIT": 1,
        "Net Income": -2
    },
    "2013-09-30": {
        "Diluted EPS": -4.56,
        "Total Revenue": 1,
        "Gross Profit": 0,
        "Operating Income": -1,
        "EBIT": -1,
        "Net Income": -15
    },
    "2013-06-30": {
        "Diluted EPS": -0.36,
        "Total Revenue": 0,
        "Gross Profit": 0,
        "Operating Income": -1,
        "EBIT": -1,
        "Net Income": -1
    },
    "2013-03-31": {
        "Diluted EPS": 0.0,
        "Total Revenue": NaN,
        "Gross Profit": NaN,
        "Operating Income": NaN,
        "EBIT": NaN,
        "Net Income": NaN
    },
    "2012-12-31": {
        "Diluted EPS": -0.48,
        "Total Revenue": 0,
        "Gross Profit": 0,
        "Operating Income": 0,
        "EBIT": 0,
        "Net Income": -2
    },
    "2012-09-30": {
        "Diluted EPS": -0.48,
        "Total Revenue": 0,
        "Gross Profit": 0,
        "Operating Income": -2,
        "EBIT": -1,
        "Net Income": -2
    },
    "2012-06-30": {
        "Diluted EPS": -0.48,
        "Total Revenue": 0,
        "Gross Profit": 0,
        "Operating Income": -2,
        "EBIT": -2,
        "Net Income": -2
    },
    "2012-03-31": {
        "Diluted EPS": 0.0,
        "Total Revenue": NaN,
        "Gross Profit": NaN,
        "Operating Income": NaN,
        "EBIT": NaN,
        "Net Income": NaN
    },
    "2011-12-31": {
        "Diluted EPS": -0.84,
        "Total Revenue": 0,
        "Gross Profit": 0,
        "Operating Income": 0,
        "EBIT": 0,
        "Net Income": -2
    },
    "2011-09-30": {
        "Diluted EPS": -0.84,
        "Total Revenue": 0,
        "Gross Profit": 0,
        "Operating Income": -2,
        "EBIT": -2,
        "Net Income": -2
    },
    "2011-06-30": {
        "Diluted EPS": -0.84,
        "Total Revenue": 0,
        "Gross Profit": 0,
        "Operating Income": -2,
        "EBIT": -2,
        "Net Income": -2
    },
    "2011-03-31": {
        "Diluted EPS": 0.0,
        "Total Revenue": NaN,
        "Gross Profit": NaN,
        "Operating Income": NaN,
        "EBIT": NaN,
        "Net Income": NaN
    },
    "2010-12-31": {
        "Diluted EPS": -1.32,
        "Total Revenue": 0,
        "Gross Profit": 0,
        "Operating Income": 0,
        "EBIT": 0,
        "Net Income": -1
    },
    "2010-09-30": {
        "Diluted EPS": -1.8,
        "Total Revenue": 0,
        "Gross Profit": 0,
        "Operating Income": -1,
        "EBIT": -1,
        "Net Income": -2
    },
    "2010-06-30": {
        "Diluted EPS": -1.92,
        "Total Revenue": 0,
        "Gross Profit": 0,
        "Operating Income": -1,
        "EBIT": -1,
        "Net Income": -1
    },
    "2010-03-31": {
        "Diluted EPS": 0.0,
        "Total Revenue": NaN,
        "Gross Profit": NaN,
        "Operating Income": NaN,
        "EBIT": NaN,
        "Net Income": NaN
    },
    "2009-12-31": {
        "Diluted EPS": 3.12,
        "Total Revenue": 0,
        "Gross Profit": 0,
        "Operating Income": 0,
        "EBIT": 1,
        "Net Income": 2
    },
    "2009-09-30": {
        "Diluted EPS": -18.73,
        "Total Revenue": 0,
        "Gross Profit": 0,
        "Operating Income": -1,
        "EBIT": 0,
        "Net Income": -7
    },
    "2009-06-30": {
        "Diluted EPS": -0.96,
        "Total Revenue": 0,
        "Gross Profit": 0,
        "Operating Income": -1,
        "EBIT": -1,
        "Net Income": 0
    },
    "2009-03-31": {
        "Diluted EPS": 0.0,
        "Total Revenue": NaN,
        "Gross Profit": NaN,
        "Operating Income": NaN,
        "EBIT": NaN,
        "Net Income": NaN
    },
    "2023-06-30": {
        "Tax Effect Of Unusual Items": NaN,
        "Tax Rate For Calcs": NaN,
        "Normalized EBITDA": NaN,
        "Total Unusual Items": NaN,
        "Total Unusual Items Excluding Goodwill": NaN,
        "Net Income From Continuing Operation Net Minority Interest": NaN,
        "Reconciled Depreciation": NaN,
        "Reconciled Cost Of Revenue": NaN,
        "EBITDA": NaN,
        "EBIT": NaN,
        "Net Interest Income": NaN,
        "Interest Expense": NaN,
        "Normalized Income": NaN,
        "Net Income From Continuing And Discontinued Operation": NaN,
        "Total Expenses": NaN,
        "Total Operating Income As Reported": NaN,
        "Diluted Average Shares": NaN,
        "Basic Average Shares": NaN,
        "Diluted EPS": NaN,
        "Basic EPS": NaN,
        "Diluted NI Availto Com Stockholders": NaN,
        "Net Income Common Stockholders": NaN,
        "Preferred Stock Dividends": NaN,
        "Net Income": NaN,
        "Net Income Including Noncontrolling Interests": NaN,
        "Net Income Continuous Operations": NaN,
        "Tax Provision": NaN,
        "Pretax Income": NaN,
        "Other Income Expense": NaN,
        "Other Non Operating Income Expenses": NaN,
        "Special Income Charges": 0.0,
        "Other Special Charges": NaN,
        "Impairment Of Capital Assets": 0.0,
        "Gain On Sale Of Security": NaN,
        "Net Non Operating Interest Income Expense": NaN,
        "Interest Expense Non Operating": NaN,
        "Operating Income": NaN,
        "Operating Expense": NaN,
        "Research And Development": NaN,
        "Selling General And Administration": NaN,
        "Gross Profit": NaN,
        "Cost Of Revenue": NaN,
        "Total Revenue": NaN,
        "Operating Revenue": NaN
    },
    "2023-09-30": {
        "Tax Effect Of Unusual Items": 1790670.0,
        "Tax Rate For Calcs": 0.21,
        "Normalized EBITDA": -13057000.0,
        "Total Unusual Items": 8527000.0,
        "Total Unusual Items Excluding Goodwill": 8527000.0,
        "Net Income From Continuing Operation Net Minority Interest": -13269000.0,
        "Reconciled Depreciation": 6911000.0,
        "Reconciled Cost Of Revenue": 31891000.0,
        "EBITDA": -4530000.0,
        "EBIT": -11441000.0,
        "Net Interest Income": -1357000.0,
        "Interest Expense": 1357000.0,
        "Normalized Income": -20005330.0,
        "Net Income From Continuing And Discontinued Operation": -13269000.0,
        "Total Expenses": 73066000.0,
        "Total Operating Income As Reported": -16909000.0,
        "Diluted Average Shares": 48904102.0,
        "Basic Average Shares": 48904102.0,
        "Diluted EPS": -0.31,
        "Basic EPS": -0.31,
        "Diluted NI Availto Com Stockholders": -15269000.0,
        "Net Income Common Stockholders": -15269000.0,
        "Preferred Stock Dividends": 2000000.0,
        "Net Income": -13269000.0,
        "Net Income Including Noncontrolling Interests": -13269000.0,
        "Net Income Continuous Operations": -13269000.0,
        "Tax Provision": 471000.0,
        "Pretax Income": -12798000.0,
        "Other Income Expense": 5468000.0,
        "Other Non Operating Income Expenses": -3059000.0,
        "Special Income Charges": 5679000.0,
        "Other Special Charges": -5679000.0,
        "Impairment Of Capital Assets": 0.0,
        "Gain On Sale Of Security": 2848000.0,
        "Net Non Operating Interest Income Expense": -1357000.0,
        "Interest Expense Non Operating": 1357000.0,
        "Operating Income": -16909000.0,
        "Operating Expense": 41175000.0,
        "Research And Development": 5152000.0,
        "Selling General And Administration": 36023000.0,
        "Gross Profit": 24266000.0,
        "Cost Of Revenue": 31891000.0,
        "Total Revenue": 56157000.0,
        "Operating Revenue": 56157000.0
    },
    "2023-12-31": {
        "Tax Effect Of Unusual Items": -1000980.2033,
        "Tax Rate For Calcs": 0.021318,
        "Normalized EBITDA": -8039000.0,
        "Total Unusual Items": -46954000.0,
        "Total Unusual Items Excluding Goodwill": -46954000.0,
        "Net Income From Continuing Operation Net Minority Interest": -62389000.0,
        "Reconciled Depreciation": 7449000.0,
        "Reconciled Cost Of Revenue": 33999000.0,
        "EBITDA": -54993000.0,
        "EBIT": -62442000.0,
        "Net Interest Income": -1306000.0,
        "Interest Expense": 1306000.0,
        "Normalized Income": -16435980.2033,
        "Net Income From Continuing And Discontinued Operation": -62389000.0,
        "Total Expenses": 77562000.0,
        "Total Operating Income As Reported": -69871000.0,
        "Diluted Average Shares": 48965068.0,
        "Basic Average Shares": 48965068.0,
        "Diluted EPS": -1.31,
        "Basic EPS": -1.31,
        "Diluted NI Availto Com Stockholders": -64389000.0,
        "Net Income Common Stockholders": -64389000.0,
        "Preferred Stock Dividends": 2000000.0,
        "Net Income": -62389000.0,
        "Net Income Including Noncontrolling Interests": -62389000.0,
        "Net Income Continuous Operations": -62389000.0,
        "Tax Provision": -1359000.0,
        "Pretax Income": -63748000.0,
        "Other Income Expense": -42140000.0,
        "Other Non Operating Income Expenses": 4814000.0,
        "Special Income Charges": -49569000.0,
        "Other Special Charges": 0.0,
        "Impairment Of Capital Assets": NaN,
        "Gain On Sale Of Security": 2615000.0,
        "Net Non Operating Interest Income Expense": -1306000.0,
        "Interest Expense Non Operating": 1306000.0,
        "Operating Income": -20302000.0,
        "Operating Expense": 43563000.0,
        "Research And Development": 4749000.0,
        "Selling General And Administration": 38814000.0,
        "Gross Profit": 23261000.0,
        "Cost Of Revenue": 33999000.0,
        "Total Revenue": 57260000.0,
        "Operating Revenue": 57260000.0
    },
    "2024-03-31": {
        "Tax Effect Of Unusual Items": 546000.0,
        "Tax Rate For Calcs": 0.21,
        "Normalized EBITDA": -12473000.0,
        "Total Unusual Items": 2600000.0,
        "Total Unusual Items Excluding Goodwill": 2600000.0,
        "Net Income From Continuing Operation Net Minority Interest": -18895000.0,
        "Reconciled Depreciation": 7469000.0,
        "Reconciled Cost Of Revenue": 32817000.0,
        "EBITDA": -9873000.0,
        "EBIT": -17342000.0,
        "Net Interest Income": -1338000.0,
        "Interest Expense": 1338000.0,
        "Normalized Income": -20949000.0,
        "Net Income From Continuing And Discontinued Operation": -18895000.0,
        "Total Expenses": 75873000.0,
        "Total Operating Income As Reported": -21281000.0,
        "Diluted Average Shares": 49019964.0,
        "Basic Average Shares": 49019964.0,
        "Diluted EPS": -0.43,
        "Basic EPS": -0.43,
        "Diluted NI Availto Com Stockholders": -20895000.0,
        "Net Income Common Stockholders": -20895000.0,
        "Preferred Stock Dividends": 2000000.0,
        "Net Income": -18895000.0,
        "Net Income Including Noncontrolling Interests": -18895000.0,
        "Net Income Continuous Operations": -18895000.0,
        "Tax Provision": 215000.0,
        "Pretax Income": -18680000.0,
        "Other Income Expense": 3939000.0,
        "Other Non Operating Income Expenses": 1339000.0,
        "Special Income Charges": NaN,
        "Other Special Charges": NaN,
        "Impairment Of Capital Assets": NaN,
        "Gain On Sale Of Security": 2600000.0,
        "Net Non Operating Interest Income Expense": -1338000.0,
        "Interest Expense Non Operating": 1338000.0,
        "Operating Income": -21281000.0,
        "Operating Expense": 43056000.0,
        "Research And Development": 4752000.0,
        "Selling General And Administration": 38304000.0,
        "Gross Profit": 21775000.0,
        "Cost Of Revenue": 32817000.0,
        "Total Revenue": 54592000.0,
        "Operating Revenue": 54592000.0
    },
    "2024-06-30": {
        "Tax Effect Of Unusual Items": -12562410.0,
        "Tax Rate For Calcs": 0.21,
        "Normalized EBITDA": -8982000.0,
        "Total Unusual Items": -59821000.0,
        "Total Unusual Items Excluding Goodwill": -59821000.0,
        "Net Income From Continuing Operation Net Minority Interest": -77989000.0,
        "Reconciled Depreciation": 7558000.0,
        "Reconciled Cost Of Revenue": 32407000.0,
        "EBITDA": -68803000.0,
        "EBIT": -76361000.0,
        "Net Interest Income": -1245000.0,
        "Interest Expense": 1245000.0,
        "Normalized Income": -30730410.0,
        "Net Income From Continuing And Discontinued Operation": -77989000.0,
        "Total Expenses": 73016000.0,
        "Total Operating Income As Reported": -79228000.0,
        "Diluted Average Shares": 49345644.0,
        "Basic Average Shares": 49345644.0,
        "Diluted EPS": -1.62,
        "Basic EPS": -1.62,
        "Diluted NI Availto Com Stockholders": -79989000.0,
        "Net Income Common Stockholders": -79989000.0,
        "Preferred Stock Dividends": 2000000.0,
        "Net Income": -77989000.0,
        "Net Income Including Noncontrolling Interests": -77989000.0,
        "Net Income Continuous Operations": -77989000.0,
        "Tax Provision": 383000.0,
        "Pretax Income": -77606000.0,
        "Other Income Expense": -60942000.0,
        "Other Non Operating Income Expenses": -1121000.0,
        "Special Income Charges": -62630000.0,
        "Other Special Charges": -1179000.0,
        "Impairment Of Capital Assets": 63809000.0,
        "Gain On Sale Of Security": 2809000.0,
        "Net Non Operating Interest Income Expense": -1245000.0,
        "Interest Expense Non Operating": 1245000.0,
        "Operating Income": -15419000.0,
        "Operating Expense": 40609000.0,
        "Research And Development": 4646000.0,
        "Selling General And Administration": 35963000.0,
        "Gross Profit": 25190000.0,
        "Cost Of Revenue": 32407000.0,
        "Total Revenue": 57597000.0,
        "Operating Revenue": 57597000.0
    },
    "2024-09-30": {
        "Tax Effect Of Unusual Items": 4280850.0,
        "Tax Rate For Calcs": 0.21,
        "Normalized EBITDA": -10206000.0,
        "Total Unusual Items": 20385000.0,
        "Total Unusual Items Excluding Goodwill": 20385000.0,
        "Net Income From Continuing Operation Net Minority Interest": 805000.0,
        "Reconciled Depreciation": 7836000.0,
        "Reconciled Cost Of Revenue": 31279000.0,
        "EBITDA": 10179000.0,
        "EBIT": 2343000.0,
        "Net Interest Income": -889000.0,
        "Interest Expense": 889000.0,
        "Normalized Income": -15299150.0,
        "Net Income From Continuing And Discontinued Operation": 805000.0,
        "Total Expenses": 73090000.0,
        "Total Operating Income As Reported": -16426000.0,
        "Diluted Average Shares": 49417757.0,
        "Basic Average Shares": 49417757.0,
        "Diluted EPS": -0.02,
        "Basic EPS": -0.02,
        "Diluted NI Availto Com Stockholders": -1195000.0,
        "Net Income Common Stockholders": -1195000.0,
        "Preferred Stock Dividends": 2000000.0,
        "Net Income": 805000.0,
        "Net Income Including Noncontrolling Interests": 805000.0,
        "Net Income Continuous Operations": 805000.0,
        "Tax Provision": 649000.0,
        "Pretax Income": 1454000.0,
        "Other Income Expense": 18769000.0,
        "Other Non Operating Income Expenses": -1616000.0,
        "Special Income Charges": 17326000.0,
        "Other Special Charges": -17326000.0,
        "Impairment Of Capital Assets": 0.0,
        "Gain On Sale Of Security": 3059000.0,
        "Net Non Operating Interest Income Expense": -889000.0,
        "Interest Expense Non Operating": 889000.0,
        "Operating Income": -16426000.0,
        "Operating Expense": 41811000.0,
        "Research And Development": 4157000.0,
        "Selling General And Administration": 37654000.0,
        "Gross Profit": 25385000.0,
        "Cost Of Revenue": 31279000.0,
        "Total Revenue": 56664000.0,
        "Operating Revenue": 56664000.0
    }
}