{
    "2023-03-31": {
        "Tax Effect Of Unusual Items": 0.0,
        "Tax Rate For Calcs": 0.0,
        "Normalized EBITDA": -5002360.0,
        "Total Unusual Items": 47.0,
        "Total Unusual Items Excluding Goodwill": 47.0,
        "Net Income From Continuing Operation Net Minority Interest": -5007085.0,
        "Reconciled Depreciation": 4819.0,
        "Reconciled Cost Of Revenue": 10196.0,
        "EBIT": -5007132.0,
        "Normalized Income": -5007132.0,
        "Net Income From Continuing And Discontinued Operation": -5007085.0,
        "Total Expenses": 5159543.0,
        "Total Operating Income As Reported": -5007132.0,
        "Diluted Average Shares": 11003588.0,
        "Basic Average Shares": 11003588.0,
        "Diluted EPS": -0.46,
        "Basic EPS": -0.46,
        "Diluted NI Availto Com Stockholders": -5007085.0,
        "Net Income Common Stockholders": -5007085.0,
        "Net Income": -5007085.0,
        "Net Income Including Noncontrolling Interests": -5007085.0,
        "Net Income Continuous Operations": -5007085.0,
        "Tax Provision": 0.0,
        "Pretax Income": -5007085.0,
        "Other Income Expense": 47.0,
        "Special Income Charges": 0.0,
        "Other Special Charges": NaN,
        "Gain On Sale Of Security": 47.0,
        "Operating Income": -5007132.0,
        "Operating Expense": 5149347.0,
        "Other Operating Expenses": 1252.0,
        "Depreciation Amortization Depletion Income Statement": 4819.0,
        "Depreciation And Amortization In Income Statement": 4819.0,
        "Depreciation Income Statement": 4819.0,
        "Research And Development": 3398167.0,
        "Selling General And Administration": 1745109.0,
        "Selling And Marketing Expense": 819.0,
        "General And Administrative Expense": 1744290.0,
        "Other Gand A": 765210.0,
        "Salaries And Wages": 979080.0,
        "Gross Profit": 142215.0,
        "Cost Of Revenue": 10196.0,
        "Total Revenue": 152411.0,
        "Operating Revenue": 152411.0
    },
    "2022-12-31": {
        "Tax Effect Of Unusual Items": 0.0,
        "Tax Rate For Calcs": 0.0,
        "Normalized EBITDA": -4959969.0,
        "Total Unusual Items": -7794.0,
        "Total Unusual Items Excluding Goodwill": -7794.0,
        "Net Income From Continuing Operation Net Minority Interest": -4980427.0,
        "Reconciled Depreciation": 4870.0,
        "Reconciled Cost Of Revenue": 15766.0,
        "EBIT": -4972633.0,
        "Normalized Income": -4972633.0,
        "Net Income From Continuing And Discontinued Operation": -4980427.0,
        "Total Expenses": 5159436.0,
        "Total Operating Income As Reported": -4982905.0,
        "Diluted Average Shares": NaN,
        "Basic Average Shares": NaN,
        "Diluted EPS": NaN,
        "Basic EPS": NaN,
        "Diluted NI Availto Com Stockholders": -4980427.0,
        "Net Income Common Stockholders": -4980427.0,
        "Net Income": -4980427.0,
        "Net Income Including Noncontrolling Interests": -4980427.0,
        "Net Income Continuous Operations": -4980427.0,
        "Tax Provision": 0.0,
        "Pretax Income": -4980427.0,
        "Other Income Expense": -7794.0,
        "Special Income Charges": -10272.0,
        "Other Special Charges": 0.0,
        "Gain On Sale Of Security": 2478.0,
        "Operating Income": -4972633.0,
        "Operating Expense": 5143670.0,
        "Other Operating Expenses": 844.0,
        "Depreciation Amortization Depletion Income Statement": 4870.0,
        "Depreciation And Amortization In Income Statement": 4870.0,
        "Depreciation Income Statement": 4870.0,
        "Research And Development": 3184948.0,
        "Selling General And Administration": 1953008.0,
        "Selling And Marketing Expense": 1241.0,
        "General And Administrative Expense": 1951767.0,
        "Other Gand A": 978629.0,
        "Salaries And Wages": 973138.0,
        "Gross Profit": 171037.0,
        "Cost Of Revenue": 15766.0,
        "Total Revenue": 186803.0,
        "Operating Revenue": 186803.0
    },
    "2022-09-30": {
        "Tax Effect Of Unusual Items": 0.0,
        "Tax Rate For Calcs": 0.0,
        "Normalized EBITDA": -4244991.0,
        "Total Unusual Items": 1620.0,
        "Total Unusual Items Excluding Goodwill": 1620.0,
        "Net Income From Continuing Operation Net Minority Interest": -4246880.0,
        "Reconciled Depreciation": 5129.0,
        "Reconciled Cost Of Revenue": 33032.0,
        "EBIT": -4248500.0,
        "Normalized Income": -4248500.0,
        "Net Income From Continuing And Discontinued Operation": -4246880.0,
        "Total Expenses": 4700667.0,
        "Total Operating Income As Reported": -4248500.0,
        "Diluted Average Shares": 8447630.0,
        "Basic Average Shares": 8447630.0,
        "Diluted EPS": -0.5,
        "Basic EPS": -0.5,
        "Diluted NI Availto Com Stockholders": -4246880.0,
        "Net Income Common Stockholders": -4246880.0,
        "Net Income": -4246880.0,
        "Net Income Including Noncontrolling Interests": -4246880.0,
        "Net Income Continuous Operations": -4246880.0,
        "Tax Provision": 0.0,
        "Pretax Income": -4246880.0,
        "Other Income Expense": 1620.0,
        "Special Income Charges": 0.0,
        "Other Special Charges": NaN,
        "Gain On Sale Of Security": 1620.0,
        "Operating Income": -4248500.0,
        "Operating Expense": 4667635.0,
        "Other Operating Expenses": 2177.0,
        "Depreciation Amortization Depletion Income Statement": 5129.0,
        "Depreciation And Amortization In Income Statement": 5129.0,
        "Depreciation Income Statement": 5129.0,
        "Research And Development": 2856160.0,
        "Selling General And Administration": 1804169.0,
        "Selling And Marketing Expense": 2198.0,
        "General And Administrative Expense": 1801971.0,
        "Other Gand A": 816339.0,
        "Salaries And Wages": 985632.0,
        "Gross Profit": 419135.0,
        "Cost Of Revenue": 33032.0,
        "Total Revenue": 452167.0,
        "Operating Revenue": 452167.0
    },
    "2022-06-30": {
        "Tax Effect Of Unusual Items": 0.0,
        "Tax Rate For Calcs": 0.0,
        "Normalized EBITDA": -3455317.0,
        "Total Unusual Items": 4034.0,
        "Total Unusual Items Excluding Goodwill": 4034.0,
        "Net Income From Continuing Operation Net Minority Interest": -3451990.0,
        "Reconciled Depreciation": 4741.0,
        "Reconciled Cost Of Revenue": 73667.0,
        "EBIT": -3456024.0,
        "Normalized Income": -3456024.0,
        "Net Income From Continuing And Discontinued Operation": -3451990.0,
        "Total Expenses": 3997910.0,
        "Total Operating Income As Reported": -3456024.0,
        "Diluted Average Shares": 8424003.0,
        "Basic Average Shares": 8424003.0,
        "Diluted EPS": -0.41,
        "Basic EPS": -0.41,
        "Diluted NI Availto Com Stockholders": -3451990.0,
        "Net Income Common Stockholders": -3451990.0,
        "Net Income": -3451990.0,
        "Net Income Including Noncontrolling Interests": -3451990.0,
        "Net Income Continuous Operations": -3451990.0,
        "Tax Provision": 0.0,
        "Pretax Income": -3451990.0,
        "Other Income Expense": 4034.0,
        "Special Income Charges": 0.0,
        "Other Special Charges": NaN,
        "Gain On Sale Of Security": 4034.0,
        "Operating Income": -3456024.0,
        "Operating Expense": 3924243.0,
        "Other Operating Expenses": 3675.0,
        "Depreciation Amortization Depletion Income Statement": 4741.0,
        "Depreciation And Amortization In Income Statement": 4741.0,
        "Depreciation Income Statement": 4741.0,
        "Research And Development": 1874383.0,
        "Selling General And Administration": 2041444.0,
        "Selling And Marketing Expense": 5101.0,
        "General And Administrative Expense": 2036343.0,
        "Other Gand A": 941453.0,
        "Salaries And Wages": 1094890.0,
        "Gross Profit": 468219.0,
        "Cost Of Revenue": 73667.0,
        "Total Revenue": 541886.0,
        "Operating Revenue": 541886.0
    },
    "2022-03-31": {
        "Diluted EPS": -0.33,
        "Total Revenue": 0,
        "Gross Profit": 0,
        "Operating Income": -3,
        "EBIT": -3,
        "Net Income": -3
    },
    "2021-12-31": {
        "Diluted EPS": -0.32,
        "Total Revenue": 1,
        "Gross Profit": 1,
        "Operating Income": -3,
        "EBIT": -3,
        "Net Income": -3
    },
    "2021-09-30": {
        "Diluted EPS": -0.6,
        "Total Revenue": 0,
        "Gross Profit": 0,
        "Operating Income": -4,
        "EBIT": -4,
        "Net Income": -4
    },
    "2021-06-30": {
        "Diluted EPS": -0.56,
        "Total Revenue": 0,
        "Gross Profit": 0,
        "Operating Income": -4,
        "EBIT": -4,
        "Net Income": -4
    },
    "2021-03-31": {
        "Diluted EPS": -0.76,
        "Total Revenue": 0,
        "Gross Profit": 0,
        "Operating Income": -4,
        "EBIT": -4,
        "Net Income": -4
    },
    "2020-12-31": {
        "Diluted EPS": -0.89,
        "Total Revenue": 0,
        "Gross Profit": 0,
        "Operating Income": -3,
        "EBIT": -3,
        "Net Income": -3
    },
    "2020-09-30": {
        "Diluted EPS": -0.94,
        "Total Revenue": 0,
        "Gross Profit": 0,
        "Operating Income": -1,
        "EBIT": -1,
        "Net Income": -1
    },
    "2020-06-30": {
        "Diluted EPS": -1.6,
        "Total Revenue": 0,
        "Gross Profit": 0,
        "Operating Income": -2,
        "EBIT": -2,
        "Net Income": -2
    },
    "2020-03-31": {
        "Diluted EPS": -2.17,
        "Total Revenue": 0,
        "Gross Profit": 0,
        "Operating Income": -3,
        "EBIT": -3,
        "Net Income": -3
    },
    "2019-12-31": {
        "Diluted EPS": -2.97,
        "Total Revenue": 0,
        "Gross Profit": 0,
        "Operating Income": -3,
        "EBIT": -3,
        "Net Income": -3
    },
    "2019-09-30": {
        "Diluted EPS": -1.0,
        "Total Revenue": 0,
        "Gross Profit": 0,
        "Operating Income": -2,
        "EBIT": -2,
        "Net Income": -2
    },
    "2019-06-30": {
        "Diluted EPS": -1.0,
        "Total Revenue": 0,
        "Gross Profit": 0,
        "Operating Income": -1,
        "EBIT": -1,
        "Net Income": -1
    },
    "2019-03-31": {
        "Diluted EPS": -2.0,
        "Total Revenue": 0,
        "Gross Profit": 0,
        "Operating Income": -2,
        "EBIT": -2,
        "Net Income": -2
    },
    "2018-12-31": {
        "Diluted EPS": -1.0,
        "Total Revenue": 0,
        "Gross Profit": 0,
        "Operating Income": -1,
        "EBIT": -1,
        "Net Income": -1
    },
    "2018-09-30": {
        "Diluted EPS": -1.0,
        "Total Revenue": 0,
        "Gross Profit": 0,
        "Operating Income": -1,
        "EBIT": -1,
        "Net Income": -1
    },
    "2018-06-30": {
        "Diluted EPS": -2.0,
        "Total Revenue": 0,
        "Gross Profit": 0,
        "Operating Income": -1,
        "EBIT": -1,
        "Net Income": -1
    },
    "2018-03-31": {
        "Diluted EPS": -1.0,
        "Total Revenue": 0,
        "Gross Profit": 0,
        "Operating Income": -1,
        "EBIT": -1,
        "Net Income": -1
    },
    "2017-12-31": {
        "Diluted EPS": -2.0,
        "Total Revenue": 0,
        "Gross Profit": 0,
        "Operating Income": -1,
        "EBIT": -1,
        "Net Income": -1
    },
    "2017-09-30": {
        "Diluted EPS": -1.0,
        "Total Revenue": 0,
        "Gross Profit": 0,
        "Operating Income": -1,
        "EBIT": -1,
        "Net Income": -1
    },
    "2017-06-30": {
        "Diluted EPS": -1.0,
        "Total Revenue": 1,
        "Gross Profit": 0,
        "Operating Income": -1,
        "EBIT": -1,
        "Net Income": -1
    },
    "2017-03-31": {
        "Diluted EPS": -1.0,
        "Total Revenue": 0,
        "Gross Profit": 0,
        "Operating Income": -1,
        "EBIT": -1,
        "Net Income": -1
    },
    "2016-12-31": {
        "Diluted EPS": -2.0,
        "Total Revenue": 1,
        "Gross Profit": 0,
        "Operating Income": -1,
        "EBIT": -1,
        "Net Income": -1
    },
    "2016-09-30": {
        "Diluted EPS": -2.0,
        "Total Revenue": 0,
        "Gross Profit": 0,
        "Operating Income": -2,
        "EBIT": -1,
        "Net Income": -2
    },
    "2016-06-30": {
        "Diluted EPS": -2.0,
        "Total Revenue": 0,
        "Gross Profit": 0,
        "Operating Income": -1,
        "EBIT": -1,
        "Net Income": -1
    },
    "2016-03-31": {
        "Diluted EPS": -1.0,
        "Total Revenue": 0,
        "Gross Profit": 0,
        "Operating Income": -1,
        "EBIT": -1,
        "Net Income": -1
    },
    "2015-12-31": {
        "Diluted EPS": -2.0,
        "Total Revenue": 0,
        "Gross Profit": 0,
        "Operating Income": -1,
        "EBIT": -1,
        "Net Income": -1
    },
    "2015-09-30": {
        "Diluted EPS": -1.0,
        "Total Revenue": 0,
        "Gross Profit": 0,
        "Operating Income": -1,
        "EBIT": -1,
        "Net Income": -1
    },
    "2015-06-30": {
        "Diluted EPS": -1.0,
        "Total Revenue": 0,
        "Gross Profit": 0,
        "Operating Income": 0,
        "EBIT": 0,
        "Net Income": 0
    },
    "2015-03-31": {
        "Diluted EPS": -1.0,
        "Total Revenue": 0,
        "Gross Profit": 0,
        "Operating Income": 0,
        "EBIT": 0,
        "Net Income": 0
    },
    "2014-12-31": {
        "Diluted EPS": 0.0,
        "Total Revenue": 0,
        "Gross Profit": 0,
        "Operating Income": 0,
        "EBIT": 0,
        "Net Income": 0
    },
    "2014-09-30": {
        "Diluted EPS": 0.0,
        "Total Revenue": 0,
        "Gross Profit": 0,
        "Operating Income": 0,
        "EBIT": 0,
        "Net Income": 0
    },
    "2014-06-30": {
        "Diluted EPS": 0.0,
        "Total Revenue": 0,
        "Gross Profit": 0,
        "Operating Income": 0,
        "EBIT": 0,
        "Net Income": 0
    },
    "2014-03-31": {
        "Diluted EPS": 0.0,
        "Total Revenue": 1,
        "Gross Profit": 1,
        "Operating Income": 1,
        "EBIT": 1,
        "Net Income": 0
    },
    "2013-12-31": {
        "Diluted EPS": 0.0,
        "Total Revenue": NaN,
        "Gross Profit": NaN,
        "Operating Income": NaN,
        "EBIT": NaN,
        "Net Income": NaN
    },
    "2013-09-30": {
        "Diluted EPS": 0.0,
        "Total Revenue": NaN,
        "Gross Profit": NaN,
        "Operating Income": NaN,
        "EBIT": NaN,
        "Net Income": NaN
    },
    "2013-06-30": {
        "Diluted EPS": 1.0,
        "Total Revenue": 1,
        "Gross Profit": 1,
        "Operating Income": 1,
        "EBIT": 1,
        "Net Income": 0
    },
    "2013-03-31": {
        "Diluted EPS": 0.0,
        "Total Revenue": 1,
        "Gross Profit": 1,
        "Operating Income": 1,
        "EBIT": 1,
        "Net Income": 0
    },
    "2012-12-31": {
        "Diluted EPS": 0.0,
        "Total Revenue": NaN,
        "Gross Profit": NaN,
        "Operating Income": NaN,
        "EBIT": NaN,
        "Net Income": NaN
    },
    "2012-09-30": {
        "Diluted EPS": 0.0,
        "Total Revenue": NaN,
        "Gross Profit": NaN,
        "Operating Income": NaN,
        "EBIT": NaN,
        "Net Income": NaN
    },
    "2012-06-30": {
        "Diluted EPS": 0.0,
        "Total Revenue": 0,
        "Gross Profit": 0,
        "Operating Income": 0,
        "EBIT": 0,
        "Net Income": 0
    },
    "2012-03-31": {
        "Diluted EPS": 0.0,
        "Total Revenue": 0,
        "Gross Profit": 0,
        "Operating Income": 0,
        "EBIT": 0,
        "Net Income": 0
    },
    "2011-12-31": {
        "Diluted EPS": -1.0,
        "Total Revenue": 0,
        "Gross Profit": 0,
        "Operating Income": 0,
        "EBIT": 0,
        "Net Income": 0
    },
    "2011-09-30": {
        "Diluted EPS": 0.0,
        "Total Revenue": 0,
        "Gross Profit": 0,
        "Operating Income": 0,
        "EBIT": 0,
        "Net Income": 0
    },
    "2011-06-30": {
        "Diluted EPS": 0.0,
        "Total Revenue": 0,
        "Gross Profit": 0,
        "Operating Income": 0,
        "EBIT": 0,
        "Net Income": 0
    },
    "2011-03-31": {
        "Diluted EPS": 0.0,
        "Total Revenue": 0,
        "Gross Profit": 0,
        "Operating Income": 0,
        "EBIT": 0,
        "Net Income": 0
    },
    "2010-12-31": {
        "Diluted EPS": 0.0,
        "Total Revenue": 0,
        "Gross Profit": 0,
        "Operating Income": 0,
        "EBIT": 0,
        "Net Income": 0
    },
    "2010-09-30": {
        "Diluted EPS": 0.0,
        "Total Revenue": 0,
        "Gross Profit": 0,
        "Operating Income": 0,
        "EBIT": 0,
        "Net Income": 0
    },
    "2010-06-30": {
        "Diluted EPS": 0.0,
        "Total Revenue": 0,
        "Gross Profit": 0,
        "Operating Income": 0,
        "EBIT": 0,
        "Net Income": 0
    },
    "2010-03-31": {
        "Diluted EPS": 0.0,
        "Total Revenue": 0,
        "Gross Profit": 0,
        "Operating Income": 0,
        "EBIT": 0,
        "Net Income": 0
    },
    "2009-12-31": {
        "Diluted EPS": 0.0,
        "Total Revenue": 0,
        "Gross Profit": 0,
        "Operating Income": 0,
        "EBIT": 0,
        "Net Income": 0
    },
    "2009-09-30": {
        "Diluted EPS": 0.0,
        "Total Revenue": 0,
        "Gross Profit": 0,
        "Operating Income": 0,
        "EBIT": 0,
        "Net Income": 0
    },
    "2009-06-30": {
        "Diluted EPS": 0.0,
        "Total Revenue": 0,
        "Gross Profit": 0,
        "Operating Income": 0,
        "EBIT": 0,
        "Net Income": 0
    },
    "2009-03-31": {
        "Diluted EPS": 0.0,
        "Total Revenue": 0,
        "Gross Profit": 0,
        "Operating Income": 0,
        "EBIT": 0,
        "Net Income": 0
    },
    "2023-06-30": {
        "Tax Effect Of Unusual Items": 0.0,
        "Tax Rate For Calcs": 0.0,
        "Normalized EBITDA": -4624610.0,
        "Total Unusual Items": -3513.0,
        "Total Unusual Items Excluding Goodwill": -3513.0,
        "Net Income From Continuing Operation Net Minority Interest": -4636455.0,
        "Reconciled Depreciation": 4819.0,
        "Reconciled Cost Of Revenue": 19909.0,
        "EBIT": -4632942.0,
        "Normalized Income": -4632942.0,
        "Net Income From Continuing And Discontinued Operation": -4636455.0,
        "Total Expenses": 4750060.0,
        "Total Operating Income As Reported": -4632942.0,
        "Diluted Average Shares": 14042214.0,
        "Basic Average Shares": 14042214.0,
        "Diluted EPS": -0.33,
        "Basic EPS": -0.33,
        "Diluted NI Availto Com Stockholders": -4636455.0,
        "Net Income Common Stockholders": -4636455.0,
        "Net Income": -4636455.0,
        "Net Income Including Noncontrolling Interests": -4636455.0,
        "Net Income Continuous Operations": -4636455.0,
        "Tax Provision": 0.0,
        "Pretax Income": -4636455.0,
        "Other Income Expense": -3513.0,
        "Special Income Charges": 0.0,
        "Other Special Charges": NaN,
        "Gain On Sale Of Security": -3513.0,
        "Operating Income": -4632942.0,
        "Operating Expense": 4730151.0,
        "Other Operating Expenses": 280003.0,
        "Depreciation Amortization Depletion Income Statement": 4819.0,
        "Depreciation And Amortization In Income Statement": 4819.0,
        "Depreciation Income Statement": 4819.0,
        "Research And Development": 3170199.0,
        "Selling General And Administration": 1275130.0,
        "Selling And Marketing Expense": 403.0,
        "General And Administrative Expense": 1274727.0,
        "Other Gand A": 414402.0,
        "Salaries And Wages": 860325.0,
        "Gross Profit": 97209.0,
        "Cost Of Revenue": 19909.0,
        "Total Revenue": 117118.0,
        "Operating Revenue": 117118.0
    }
}