{
    "2023-03-31": {
        "Tax Effect Of Unusual Items": NaN,
        "Tax Rate For Calcs": NaN,
        "Normalized EBITDA": NaN,
        "Total Unusual Items": NaN,
        "Total Unusual Items Excluding Goodwill": NaN,
        "Net Income From Continuing Operation Net Minority Interest": NaN,
        "Reconciled Depreciation": NaN,
        "Reconciled Cost Of Revenue": NaN,
        "EBITDA": NaN,
        "EBIT": NaN,
        "Net Interest Income": NaN,
        "Interest Expense": NaN,
        "Normalized Income": NaN,
        "Net Income From Continuing And Discontinued Operation": NaN,
        "Total Expenses": NaN,
        "Total Operating Income As Reported": NaN,
        "Diluted Average Shares": NaN,
        "Basic Average Shares": NaN,
        "Diluted EPS": NaN,
        "Basic EPS": NaN,
        "Diluted NI Availto Com Stockholders": NaN,
        "Average Dilution Earnings": 0.0,
        "Net Income Common Stockholders": NaN,
        "Preferred Stock Dividends": 20000000.0,
        "Net Income": NaN,
        "Minority Interests": NaN,
        "Net Income Including Noncontrolling Interests": NaN,
        "Net Income Discontinuous Operations": NaN,
        "Net Income Continuous Operations": NaN,
        "Tax Provision": NaN,
        "Pretax Income": NaN,
        "Other Income Expense": NaN,
        "Other Non Operating Income Expenses": NaN,
        "Special Income Charges": NaN,
        "Gain On Sale Of Ppe": NaN,
        "Write Off": 98000000.0,
        "Impairment Of Capital Assets": NaN,
        "Earnings From Equity Interest": 80000000.0,
        "Net Non Operating Interest Income Expense": NaN,
        "Total Other Finance Cost": 479000000.0,
        "Interest Expense Non Operating": NaN,
        "Operating Income": NaN,
        "Operating Expense": NaN,
        "Other Taxes": NaN,
        "Depreciation Amortization Depletion Income Statement": NaN,
        "Depreciation And Amortization In Income Statement": 622000000.0,
        "Gross Profit": NaN,
        "Cost Of Revenue": NaN,
        "Total Revenue": NaN,
        "Operating Revenue": NaN
    },
    "2022-12-31": {
        "Tax Effect Of Unusual Items": NaN,
        "Tax Rate For Calcs": NaN,
        "Normalized EBITDA": NaN,
        "Total Unusual Items": NaN,
        "Total Unusual Items Excluding Goodwill": NaN,
        "Net Income From Continuing Operation Net Minority Interest": NaN,
        "Reconciled Depreciation": NaN,
        "Reconciled Cost Of Revenue": NaN,
        "EBITDA": NaN,
        "EBIT": NaN,
        "Net Interest Income": NaN,
        "Interest Expense": NaN,
        "Normalized Income": NaN,
        "Net Income From Continuing And Discontinued Operation": NaN,
        "Total Expenses": NaN,
        "Total Operating Income As Reported": NaN,
        "Diluted Average Shares": NaN,
        "Basic Average Shares": NaN,
        "Diluted EPS": NaN,
        "Basic EPS": NaN,
        "Diluted NI Availto Com Stockholders": NaN,
        "Average Dilution Earnings": -12000000.0,
        "Net Income Common Stockholders": NaN,
        "Preferred Stock Dividends": 21000000.0,
        "Net Income": NaN,
        "Minority Interests": NaN,
        "Net Income Including Noncontrolling Interests": NaN,
        "Net Income Discontinuous Operations": NaN,
        "Net Income Continuous Operations": NaN,
        "Tax Provision": NaN,
        "Pretax Income": NaN,
        "Other Income Expense": NaN,
        "Other Non Operating Income Expenses": NaN,
        "Special Income Charges": NaN,
        "Gain On Sale Of Ppe": NaN,
        "Write Off": 1637000000.0,
        "Impairment Of Capital Assets": NaN,
        "Earnings From Equity Interest": 44000000.0,
        "Net Non Operating Interest Income Expense": NaN,
        "Total Other Finance Cost": NaN,
        "Interest Expense Non Operating": NaN,
        "Operating Income": NaN,
        "Operating Expense": NaN,
        "Other Taxes": NaN,
        "Depreciation Amortization Depletion Income Statement": NaN,
        "Depreciation And Amortization In Income Statement": NaN,
        "Gross Profit": NaN,
        "Cost Of Revenue": NaN,
        "Total Revenue": NaN,
        "Operating Revenue": NaN
    },
    "2022-09-30": {
        "Tax Effect Of Unusual Items": NaN,
        "Tax Rate For Calcs": NaN,
        "Normalized EBITDA": NaN,
        "Total Unusual Items": NaN,
        "Total Unusual Items Excluding Goodwill": NaN,
        "Net Income From Continuing Operation Net Minority Interest": NaN,
        "Reconciled Depreciation": NaN,
        "Reconciled Cost Of Revenue": NaN,
        "EBITDA": NaN,
        "EBIT": NaN,
        "Net Interest Income": NaN,
        "Normalized Income": NaN,
        "Net Income From Continuing And Discontinued Operation": NaN,
        "Total Expenses": NaN,
        "Total Operating Income As Reported": NaN,
        "Diluted Average Shares": NaN,
        "Basic Average Shares": NaN,
        "Diluted EPS": NaN,
        "Basic EPS": NaN,
        "Diluted NI Availto Com Stockholders": NaN,
        "Average Dilution Earnings": 0.0,
        "Net Income Common Stockholders": NaN,
        "Preferred Stock Dividends": 20000000.0,
        "Net Income": NaN,
        "Minority Interests": NaN,
        "Net Income Including Noncontrolling Interests": NaN,
        "Net Income Discontinuous Operations": NaN,
        "Net Income Continuous Operations": NaN,
        "Tax Provision": NaN,
        "Pretax Income": NaN,
        "Other Income Expense": NaN,
        "Other Non Operating Income Expenses": NaN,
        "Special Income Charges": NaN,
        "Gain On Sale Of Ppe": NaN,
        "Write Off": 21000000.0,
        "Impairment Of Capital Assets": NaN,
        "Earnings From Equity Interest": 92000000.0,
        "Net Non Operating Interest Income Expense": NaN,
        "Total Other Finance Cost": NaN,
        "Operating Income": NaN,
        "Operating Expense": NaN,
        "Other Taxes": NaN,
        "Depreciation Amortization Depletion Income Statement": NaN,
        "Depreciation And Amortization In Income Statement": NaN,
        "Gross Profit": NaN,
        "Cost Of Revenue": NaN,
        "Total Revenue": NaN,
        "Operating Revenue": NaN
    },
    "2022-06-30": {
        "Tax Effect Of Unusual Items": -216110720.56239,
        "Tax Rate For Calcs": 0.205624,
        "Normalized EBITDA": 2546000000.0,
        "Total Unusual Items": -1051000000.0,
        "Total Unusual Items Excluding Goodwill": -1051000000.0,
        "Net Income From Continuing Operation Net Minority Interest": -452000000.0,
        "Reconciled Depreciation": 762000000.0,
        "Reconciled Cost Of Revenue": 1866000000.0,
        "EBITDA": 1495000000.0,
        "EBIT": 733000000.0,
        "Net Interest Income": -47000000.0,
        "Interest Expense": NaN,
        "Normalized Income": 382889279.43761,
        "Net Income From Continuing And Discontinued Operation": -453000000.0,
        "Total Expenses": 2863000000.0,
        "Total Operating Income As Reported": -318000000.0,
        "Diluted Average Shares": 818400000.0,
        "Basic Average Shares": 818400000.0,
        "Diluted EPS": -0.58,
        "Basic EPS": -0.58,
        "Diluted NI Availto Com Stockholders": -477000000.0,
        "Average Dilution Earnings": 0.0,
        "Net Income Common Stockholders": -477000000.0,
        "Preferred Stock Dividends": 25000000.0,
        "Net Income": -453000000.0,
        "Minority Interests": 0.0,
        "Net Income Including Noncontrolling Interests": -453000000.0,
        "Net Income Discontinuous Operations": -1000000.0,
        "Net Income Continuous Operations": -452000000.0,
        "Tax Provision": -117000000.0,
        "Pretax Income": -569000000.0,
        "Other Income Expense": -1255000000.0,
        "Other Non Operating Income Expenses": -287000000.0,
        "Special Income Charges": -1051000000.0,
        "Gain On Sale Of Ppe": -636000000.0,
        "Write Off": 415000000.0,
        "Earnings From Equity Interest": 83000000.0,
        "Net Non Operating Interest Income Expense": -47000000.0,
        "Total Other Finance Cost": 47000000.0,
        "Interest Expense Non Operating": NaN,
        "Operating Income": 733000000.0,
        "Operating Expense": 930000000.0,
        "Other Taxes": 235000000.0,
        "Depreciation Amortization Depletion Income Statement": 695000000.0,
        "Gross Profit": 1663000000.0,
        "Cost Of Revenue": 1933000000.0,
        "Total Revenue": 3596000000.0,
        "Operating Revenue": 3794000000.0
    },
    "2023-06-30": {
        "Tax Effect Of Unusual Items": -5305516.265912,
        "Tax Rate For Calcs": 0.171146,
        "Normalized EBITDA": 1490000000.0,
        "Total Unusual Items": -31000000.0,
        "Total Unusual Items Excluding Goodwill": -31000000.0,
        "Net Income From Continuing Operation Net Minority Interest": 586000000.0,
        "Reconciled Depreciation": 158000000.0,
        "Reconciled Cost Of Revenue": 2661000000.0,
        "EBITDA": 1459000000.0,
        "EBIT": 753000000.0,
        "Net Interest Income": -430000000.0,
        "Interest Expense": NaN,
        "Normalized Income": 611694483.734088,
        "Net Income From Continuing And Discontinued Operation": 599000000.0,
        "Total Expenses": 3041000000.0,
        "Total Operating Income As Reported": 722000000.0,
        "Diluted Average Shares": 836200000.0,
        "Basic Average Shares": 836000000.0,
        "Diluted EPS": 0.67,
        "Basic EPS": 0.67,
        "Diluted NI Availto Com Stockholders": 599000000.0,
        "Average Dilution Earnings": NaN,
        "Net Income Common Stockholders": 599000000.0,
        "Preferred Stock Dividends": NaN,
        "Net Income": 599000000.0,
        "Minority Interests": 0.0,
        "Net Income Including Noncontrolling Interests": 599000000.0,
        "Net Income Discontinuous Operations": 13000000.0,
        "Net Income Continuous Operations": 586000000.0,
        "Tax Provision": 121000000.0,
        "Pretax Income": 707000000.0,
        "Other Income Expense": 384000000.0,
        "Other Non Operating Income Expenses": 325000000.0,
        "Special Income Charges": -31000000.0,
        "Gain On Sale Of Ppe": 22000000.0,
        "Write Off": 53000000.0,
        "Impairment Of Capital Assets": 53000000.0,
        "Earnings From Equity Interest": 90000000.0,
        "Net Non Operating Interest Income Expense": -430000000.0,
        "Total Other Finance Cost": 430000000.0,
        "Interest Expense Non Operating": NaN,
        "Operating Income": 753000000.0,
        "Operating Expense": 928000000.0,
        "Other Taxes": 222000000.0,
        "Depreciation Amortization Depletion Income Statement": 706000000.0,
        "Depreciation And Amortization In Income Statement": NaN,
        "Gross Profit": 1681000000.0,
        "Cost Of Revenue": 2113000000.0,
        "Total Revenue": 3794000000.0,
        "Operating Revenue": 3794000000.0
    },
    "2023-09-30": {
        "Tax Effect Of Unusual Items": 1214682.98109,
        "Tax Rate For Calcs": 0.202447,
        "Normalized EBITDA": 2422000000.0,
        "Total Unusual Items": 6000000.0,
        "Total Unusual Items Excluding Goodwill": 6000000.0,
        "Net Income From Continuing Operation Net Minority Interest": 717000000.0,
        "Reconciled Depreciation": 1399000000.0,
        "Reconciled Cost Of Revenue": 1220000000.0,
        "EBITDA": 2428000000.0,
        "EBIT": 1029000000.0,
        "Net Interest Income": -192000000.0,
        "Interest Expense": NaN,
        "Normalized Income": 712214682.98109,
        "Net Income From Continuing And Discontinued Operation": 163000000.0,
        "Total Expenses": 2781000000.0,
        "Total Operating Income As Reported": 1035000000.0,
        "Diluted Average Shares": 836800000.0,
        "Basic Average Shares": 836800000.0,
        "Diluted EPS": 0.17,
        "Basic EPS": 0.17,
        "Diluted NI Availto Com Stockholders": 163000000.0,
        "Average Dilution Earnings": 0.0,
        "Net Income Common Stockholders": 163000000.0,
        "Preferred Stock Dividends": NaN,
        "Net Income": 163000000.0,
        "Minority Interests": 0.0,
        "Net Income Including Noncontrolling Interests": 163000000.0,
        "Net Income Discontinuous Operations": -554000000.0,
        "Net Income Continuous Operations": 717000000.0,
        "Tax Provision": 182000000.0,
        "Pretax Income": 899000000.0,
        "Other Income Expense": 62000000.0,
        "Other Non Operating Income Expenses": 56000000.0,
        "Special Income Charges": 6000000.0,
        "Gain On Sale Of Ppe": 0.0,
        "Write Off": NaN,
        "Impairment Of Capital Assets": -6000000.0,
        "Earnings From Equity Interest": NaN,
        "Net Non Operating Interest Income Expense": -192000000.0,
        "Total Other Finance Cost": 192000000.0,
        "Interest Expense Non Operating": NaN,
        "Operating Income": 1029000000.0,
        "Operating Expense": 825000000.0,
        "Other Taxes": 162000000.0,
        "Depreciation Amortization Depletion Income Statement": 663000000.0,
        "Depreciation And Amortization In Income Statement": NaN,
        "Gross Profit": 1854000000.0,
        "Cost Of Revenue": 1956000000.0,
        "Total Revenue": 3810000000.0,
        "Operating Revenue": 3758000000.0
    },
    "2023-12-31": {
        "Tax Effect Of Unusual Items": -54772935.779817,
        "Tax Rate For Calcs": 0.327982,
        "Normalized EBITDA": 1800000000.0,
        "Total Unusual Items": -167000000.0,
        "Total Unusual Items Excluding Goodwill": -167000000.0,
        "Net Income From Continuing Operation Net Minority Interest": 293000000.0,
        "Reconciled Depreciation": 768000000.0,
        "Reconciled Cost Of Revenue": 1734000000.0,
        "EBITDA": 1633000000.0,
        "EBIT": 865000000.0,
        "Net Interest Income": -608000000.0,
        "Interest Expense": NaN,
        "Normalized Income": 405227064.220183,
        "Net Income From Continuing And Discontinued Operation": 235000000.0,
        "Total Expenses": 2669000000.0,
        "Total Operating Income As Reported": 698000000.0,
        "Diluted Average Shares": 838000000.0,
        "Basic Average Shares": 838000000.0,
        "Diluted EPS": 0.3,
        "Basic EPS": 0.325776,
        "Diluted NI Availto Com Stockholders": 154000000.0,
        "Average Dilution Earnings": 0.0,
        "Net Income Common Stockholders": 154000000.0,
        "Preferred Stock Dividends": NaN,
        "Net Income": 235000000.0,
        "Minority Interests": 0.0,
        "Net Income Including Noncontrolling Interests": 235000000.0,
        "Net Income Discontinuous Operations": -58000000.0,
        "Net Income Continuous Operations": 293000000.0,
        "Tax Provision": 143000000.0,
        "Pretax Income": 436000000.0,
        "Other Income Expense": 179000000.0,
        "Other Non Operating Income Expenses": 346000000.0,
        "Special Income Charges": -167000000.0,
        "Gain On Sale Of Ppe": 4000000.0,
        "Write Off": NaN,
        "Impairment Of Capital Assets": 171000000.0,
        "Earnings From Equity Interest": NaN,
        "Net Non Operating Interest Income Expense": -608000000.0,
        "Total Other Finance Cost": 608000000.0,
        "Interest Expense Non Operating": NaN,
        "Operating Income": 865000000.0,
        "Operating Expense": 863000000.0,
        "Other Taxes": 167000000.0,
        "Depreciation Amortization Depletion Income Statement": 696000000.0,
        "Depreciation And Amortization In Income Statement": NaN,
        "Gross Profit": 1728000000.0,
        "Cost Of Revenue": 1806000000.0,
        "Total Revenue": 3534000000.0,
        "Operating Revenue": 3197000000.0
    },
    "2024-03-31": {
        "Tax Effect Of Unusual Items": -5599423.631124,
        "Tax Rate For Calcs": 0.193084,
        "Normalized EBITDA": 1585000000.0,
        "Total Unusual Items": -29000000.0,
        "Total Unusual Items Excluding Goodwill": -29000000.0,
        "Net Income From Continuing Operation Net Minority Interest": 560000000.0,
        "Reconciled Depreciation": 694000000.0,
        "Reconciled Cost Of Revenue": 1874000000.0,
        "EBITDA": 1556000000.0,
        "EBIT": 862000000.0,
        "Net Interest Income": -574000000.0,
        "Interest Expense": NaN,
        "Normalized Income": 583400576.368876,
        "Net Income From Continuing And Discontinued Operation": 674000000.0,
        "Total Expenses": 2770000000.0,
        "Total Operating Income As Reported": 833000000.0,
        "Diluted Average Shares": 837600000.0,
        "Basic Average Shares": 837600000.0,
        "Diluted EPS": 0.78,
        "Basic EPS": 0.78,
        "Diluted NI Availto Com Stockholders": 654000000.0,
        "Average Dilution Earnings": NaN,
        "Net Income Common Stockholders": 654000000.0,
        "Preferred Stock Dividends": 20000000.0,
        "Net Income": 674000000.0,
        "Minority Interests": 0.0,
        "Net Income Including Noncontrolling Interests": 674000000.0,
        "Net Income Discontinuous Operations": 114000000.0,
        "Net Income Continuous Operations": 560000000.0,
        "Tax Provision": 134000000.0,
        "Pretax Income": 694000000.0,
        "Other Income Expense": 406000000.0,
        "Other Non Operating Income Expenses": 435000000.0,
        "Special Income Charges": -29000000.0,
        "Gain On Sale Of Ppe": 1000000.0,
        "Write Off": NaN,
        "Impairment Of Capital Assets": 30000000.0,
        "Earnings From Equity Interest": NaN,
        "Net Non Operating Interest Income Expense": -574000000.0,
        "Total Other Finance Cost": 574000000.0,
        "Interest Expense Non Operating": NaN,
        "Operating Income": 862000000.0,
        "Operating Expense": 823000000.0,
        "Other Taxes": 202000000.0,
        "Depreciation Amortization Depletion Income Statement": 621000000.0,
        "Depreciation And Amortization In Income Statement": 621000000.0,
        "Gross Profit": 1685000000.0,
        "Cost Of Revenue": 1947000000.0,
        "Total Revenue": 3632000000.0,
        "Operating Revenue": 3524000000.0
    },
    "2024-06-30": {
        "Tax Effect Of Unusual Items": -10699658.703072,
        "Tax Rate For Calcs": 0.162116,
        "Normalized EBITDA": 1816000000.0,
        "Total Unusual Items": -66000000.0,
        "Total Unusual Items Excluding Goodwill": -66000000.0,
        "Net Income From Continuing Operation Net Minority Interest": 491000000.0,
        "Reconciled Depreciation": 695000000.0,
        "Reconciled Cost Of Revenue": 1750000000.0,
        "EBITDA": 1750000000.0,
        "EBIT": 1055000000.0,
        "Net Interest Income": -469000000.0,
        "Interest Expense": 469000000.0,
        "Normalized Income": 546300341.296928,
        "Net Income From Continuing And Discontinued Operation": 572000000.0,
        "Total Expenses": 2615000000.0,
        "Total Operating Income As Reported": 805000000.0,
        "Diluted Average Shares": 838300000.0,
        "Basic Average Shares": 838300000.0,
        "Diluted EPS": 0.65,
        "Basic EPS": 0.65,
        "Diluted NI Availto Com Stockholders": 544000000.0,
        "Average Dilution Earnings": NaN,
        "Net Income Common Stockholders": 544000000.0,
        "Preferred Stock Dividends": 28000000.0,
        "Net Income": 572000000.0,
        "Minority Interests": 0.0,
        "Net Income Including Noncontrolling Interests": 572000000.0,
        "Net Income Discontinuous Operations": 81000000.0,
        "Net Income Continuous Operations": 491000000.0,
        "Tax Provision": 95000000.0,
        "Pretax Income": 586000000.0,
        "Other Income Expense": 184000000.0,
        "Other Non Operating Income Expenses": 250000000.0,
        "Special Income Charges": -66000000.0,
        "Gain On Sale Of Ppe": 1000000.0,
        "Write Off": NaN,
        "Impairment Of Capital Assets": 67000000.0,
        "Earnings From Equity Interest": NaN,
        "Net Non Operating Interest Income Expense": -469000000.0,
        "Total Other Finance Cost": NaN,
        "Interest Expense Non Operating": 469000000.0,
        "Operating Income": 871000000.0,
        "Operating Expense": 791000000.0,
        "Other Taxes": 170000000.0,
        "Depreciation Amortization Depletion Income Statement": 621000000.0,
        "Depreciation And Amortization In Income Statement": 621000000.0,
        "Gross Profit": 1662000000.0,
        "Cost Of Revenue": 1824000000.0,
        "Total Revenue": 3486000000.0,
        "Operating Revenue": 3455000000.0
    }
}