{
    "2023-06-30": {
        "Tax Effect Of Unusual Items": 52234.718826,
        "Tax Rate For Calcs": 0.266504,
        "Normalized EBITDA": 99000.0,
        "Total Unusual Items": 196000.0,
        "Total Unusual Items Excluding Goodwill": 196000.0,
        "Net Income From Continuing Operation Net Minority Interest": 300000.0,
        "Reconciled Depreciation": 131000.0,
        "Reconciled Cost Of Revenue": 3025000.0,
        "EBITDA": 295000.0,
        "EBIT": 164000.0,
        "Net Interest Income": 49000.0,
        "Interest Income": 49000.0,
        "Normalized Income": 156234.718826,
        "Net Income From Continuing And Discontinued Operation": 300000.0,
        "Total Expenses": 7234000.0,
        "Total Operating Income As Reported": 164000.0,
        "Diluted Average Shares": 9075000.0,
        "Basic Average Shares": 8904000.0,
        "Diluted EPS": 0.03,
        "Basic EPS": 0.03,
        "Diluted NI Availto Com Stockholders": 300000.0,
        "Net Income Common Stockholders": 300000.0,
        "Net Income": 300000.0,
        "Net Income Including Noncontrolling Interests": 300000.0,
        "Net Income Continuous Operations": 300000.0,
        "Tax Provision": 109000.0,
        "Pretax Income": 409000.0,
        "Other Income Expense": 196000.0,
        "Special Income Charges": 0.0,
        "Gain On Sale Of Ppe": 0.0,
        "Gain On Sale Of Security": 196000.0,
        "Net Non Operating Interest Income Expense": 49000.0,
        "Interest Income Non Operating": 49000.0,
        "Operating Income": 164000.0,
        "Operating Expense": 4209000.0,
        "Research And Development": 1720000.0,
        "Selling General And Administration": 2489000.0,
        "General And Administrative Expense": 2489000.0,
        "Other Gand A": 2220000.0,
        "Salaries And Wages": 269000.0,
        "Gross Profit": 4373000.0,
        "Cost Of Revenue": 3025000.0,
        "Total Revenue": 7398000.0,
        "Operating Revenue": 7398000.0
    },
    "2023-03-31": {
        "Tax Effect Of Unusual Items": -19923.076923,
        "Tax Rate For Calcs": 0.269231,
        "Normalized EBITDA": 401000.0,
        "Total Unusual Items": -74000.0,
        "Total Unusual Items Excluding Goodwill": -74000.0,
        "Net Income From Continuing Operation Net Minority Interest": 95000.0,
        "Reconciled Depreciation": 158000.0,
        "Reconciled Cost Of Revenue": 2929000.0,
        "EBITDA": 327000.0,
        "EBIT": 169000.0,
        "Net Interest Income": 35000.0,
        "Interest Income": 35000.0,
        "Normalized Income": 149076.923077,
        "Net Income From Continuing And Discontinued Operation": 95000.0,
        "Total Expenses": 7062000.0,
        "Total Operating Income As Reported": 169000.0,
        "Diluted Average Shares": 9029000.0,
        "Basic Average Shares": 8818000.0,
        "Diluted EPS": 0.01,
        "Basic EPS": 0.01,
        "Diluted NI Availto Com Stockholders": 95000.0,
        "Net Income Common Stockholders": 95000.0,
        "Net Income": 95000.0,
        "Net Income Including Noncontrolling Interests": 95000.0,
        "Net Income Continuous Operations": 95000.0,
        "Tax Provision": 35000.0,
        "Pretax Income": 130000.0,
        "Other Income Expense": -74000.0,
        "Special Income Charges": 0.0,
        "Gain On Sale Of Ppe": 0.0,
        "Gain On Sale Of Security": -74000.0,
        "Net Non Operating Interest Income Expense": 35000.0,
        "Interest Income Non Operating": 35000.0,
        "Operating Income": 169000.0,
        "Operating Expense": 4133000.0,
        "Research And Development": 1625000.0,
        "Selling General And Administration": 2508000.0,
        "General And Administrative Expense": NaN,
        "Other Gand A": NaN,
        "Salaries And Wages": NaN,
        "Gross Profit": 4302000.0,
        "Cost Of Revenue": 2929000.0,
        "Total Revenue": 7231000.0,
        "Operating Revenue": 7231000.0
    },
    "2022-12-31": {
        "Tax Effect Of Unusual Items": -32970.0,
        "Tax Rate For Calcs": 0.21,
        "Normalized EBITDA": 903000.0,
        "Total Unusual Items": -157000.0,
        "Total Unusual Items Excluding Goodwill": -157000.0,
        "Net Income From Continuing Operation Net Minority Interest": 510000.0,
        "Reconciled Depreciation": 119000.0,
        "Reconciled Cost Of Revenue": 3233000.0,
        "EBITDA": 746000.0,
        "EBIT": 627000.0,
        "Net Interest Income": 23000.0,
        "Interest Income": 23000.0,
        "Normalized Income": 634030.0,
        "Net Income From Continuing And Discontinued Operation": 510000.0,
        "Total Expenses": 6644000.0,
        "Total Operating Income As Reported": 627000.0,
        "Diluted Average Shares": 8942000.0,
        "Basic Average Shares": 8816000.0,
        "Diluted EPS": 0.06,
        "Basic EPS": 0.06,
        "Diluted NI Availto Com Stockholders": 510000.0,
        "Net Income Common Stockholders": 510000.0,
        "Net Income": 510000.0,
        "Net Income Including Noncontrolling Interests": 510000.0,
        "Net Income Continuous Operations": 510000.0,
        "Tax Provision": -17000.0,
        "Pretax Income": 493000.0,
        "Other Income Expense": -157000.0,
        "Special Income Charges": 0.0,
        "Gain On Sale Of Ppe": 0.0,
        "Gain On Sale Of Security": -157000.0,
        "Net Non Operating Interest Income Expense": 23000.0,
        "Interest Income Non Operating": 23000.0,
        "Operating Income": 627000.0,
        "Operating Expense": 3411000.0,
        "Research And Development": 1478000.0,
        "Selling General And Administration": 1933000.0,
        "General And Administrative Expense": NaN,
        "Other Gand A": NaN,
        "Salaries And Wages": NaN,
        "Gross Profit": 4038000.0,
        "Cost Of Revenue": 3233000.0,
        "Total Revenue": 7271000.0,
        "Operating Revenue": 7271000.0
    },
    "2022-09-30": {
        "Tax Effect Of Unusual Items": 54053.501946,
        "Tax Rate For Calcs": 0.17607,
        "Normalized EBITDA": 405000.0,
        "Total Unusual Items": 307000.0,
        "Total Unusual Items Excluding Goodwill": 307000.0,
        "Net Income From Continuing Operation Net Minority Interest": 847000.0,
        "Reconciled Depreciation": 148000.0,
        "Reconciled Cost Of Revenue": 3101000.0,
        "EBITDA": 712000.0,
        "EBIT": 712000.0,
        "Net Interest Income": 9000.0,
        "Interest Income": 9000.0,
        "Normalized Income": 594053.501946,
        "Net Income From Continuing And Discontinued Operation": 847000.0,
        "Total Expenses": 6500000.0,
        "Total Operating Income As Reported": 712000.0,
        "Diluted Average Shares": 8859000.0,
        "Basic Average Shares": 8816000.0,
        "Diluted EPS": 0.1,
        "Basic EPS": 0.1,
        "Diluted NI Availto Com Stockholders": 847000.0,
        "Net Income Common Stockholders": 847000.0,
        "Net Income": 847000.0,
        "Net Income Including Noncontrolling Interests": 847000.0,
        "Net Income Continuous Operations": 847000.0,
        "Tax Provision": 181000.0,
        "Pretax Income": 1028000.0,
        "Other Income Expense": 307000.0,
        "Special Income Charges": 0.0,
        "Gain On Sale Of Ppe": 0.0,
        "Gain On Sale Of Security": 307000.0,
        "Net Non Operating Interest Income Expense": 9000.0,
        "Interest Income Non Operating": 9000.0,
        "Operating Income": 712000.0,
        "Operating Expense": 3399000.0,
        "Research And Development": 1432000.0,
        "Selling General And Administration": 1967000.0,
        "General And Administrative Expense": NaN,
        "Other Gand A": NaN,
        "Salaries And Wages": NaN,
        "Gross Profit": 4111000.0,
        "Cost Of Revenue": 3101000.0,
        "Total Revenue": 7212000.0,
        "Operating Revenue": 7212000.0
    },
    "2022-06-30": {
        "Tax Effect Of Unusual Items": 52000.0,
        "Tax Rate For Calcs": 0.4,
        "Normalized EBITDA": -857000.0,
        "Total Unusual Items": 130000.0,
        "Total Unusual Items Excluding Goodwill": 130000.0,
        "Net Income From Continuing Operation Net Minority Interest": -657000.0,
        "Reconciled Depreciation": 153000.0,
        "Reconciled Cost Of Revenue": 2011000.0,
        "EBITDA": -727000.0,
        "EBIT": -727000.0,
        "Net Interest Income": 1000.0,
        "Interest Income": 1000.0,
        "Normalized Income": -735000.0,
        "Net Income From Continuing And Discontinued Operation": -657000.0,
        "Total Expenses": 5496000.0,
        "Total Operating Income As Reported": -727000.0,
        "Diluted Average Shares": 8709000.0,
        "Basic Average Shares": 8709000.0,
        "Diluted EPS": -0.08,
        "Basic EPS": -0.08,
        "Diluted NI Availto Com Stockholders": -657000.0,
        "Net Income Common Stockholders": -657000.0,
        "Net Income": -657000.0,
        "Net Income Including Noncontrolling Interests": -657000.0,
        "Net Income Continuous Operations": -657000.0,
        "Tax Provision": 61000.0,
        "Pretax Income": -596000.0,
        "Other Income Expense": 130000.0,
        "Special Income Charges": 0.0,
        "Gain On Sale Of Ppe": 0.0,
        "Gain On Sale Of Security": 130000.0,
        "Net Non Operating Interest Income Expense": 1000.0,
        "Interest Income Non Operating": 1000.0,
        "Operating Income": -727000.0,
        "Operating Expense": 3485000.0,
        "Research And Development": 1557000.0,
        "Selling General And Administration": 1928000.0,
        "General And Administrative Expense": NaN,
        "Other Gand A": NaN,
        "Salaries And Wages": NaN,
        "Gross Profit": 2758000.0,
        "Cost Of Revenue": 2011000.0,
        "Total Revenue": 4769000.0,
        "Operating Revenue": 4769000.0
    },
    "2022-03-31": {
        "Diluted EPS": -0.21,
        "Total Revenue": 5,
        "Gross Profit": 2,
        "Operating Income": -1,
        "EBIT": -1,
        "Net Income": -2
    },
    "2021-12-31": {
        "Diluted EPS": -0.02,
        "Total Revenue": 6,
        "Gross Profit": 3,
        "Operating Income": 0,
        "EBIT": 0,
        "Net Income": 0
    },
    "2021-09-30": {
        "Diluted EPS": 0.0,
        "Total Revenue": 7,
        "Gross Profit": 4,
        "Operating Income": 0,
        "EBIT": 0,
        "Net Income": 0
    },
    "2021-06-30": {
        "Diluted EPS": 0.0,
        "Total Revenue": 7,
        "Gross Profit": 4,
        "Operating Income": 0,
        "EBIT": 0,
        "Net Income": 0
    },
    "2021-03-31": {
        "Diluted EPS": -0.04,
        "Total Revenue": 6,
        "Gross Profit": 3,
        "Operating Income": 0,
        "EBIT": 0,
        "Net Income": 0
    },
    "2020-12-31": {
        "Diluted EPS": -0.19,
        "Total Revenue": 5,
        "Gross Profit": 2,
        "Operating Income": -1,
        "EBIT": -1,
        "Net Income": -2
    },
    "2020-09-30": {
        "Diluted EPS": -0.09,
        "Total Revenue": 6,
        "Gross Profit": 3,
        "Operating Income": 0,
        "EBIT": 0,
        "Net Income": -1
    },
    "2020-06-30": {
        "Diluted EPS": -0.13,
        "Total Revenue": 5,
        "Gross Profit": 2,
        "Operating Income": -1,
        "EBIT": -1,
        "Net Income": -1
    },
    "2020-03-31": {
        "Diluted EPS": -0.07,
        "Total Revenue": 5,
        "Gross Profit": 3,
        "Operating Income": -1,
        "EBIT": 0,
        "Net Income": -1
    },
    "2019-12-31": {
        "Diluted EPS": -0.06,
        "Total Revenue": 6,
        "Gross Profit": 3,
        "Operating Income": 0,
        "EBIT": 0,
        "Net Income": 0
    },
    "2019-09-30": {
        "Diluted EPS": -0.1,
        "Total Revenue": 4,
        "Gross Profit": 2,
        "Operating Income": -1,
        "EBIT": -1,
        "Net Income": -1
    },
    "2019-06-30": {
        "Diluted EPS": 0.02,
        "Total Revenue": 6,
        "Gross Profit": 4,
        "Operating Income": 0,
        "EBIT": 0,
        "Net Income": 0
    },
    "2019-03-31": {
        "Diluted EPS": 0.0,
        "Total Revenue": 6,
        "Gross Profit": 4,
        "Operating Income": 0,
        "EBIT": 0,
        "Net Income": 0
    },
    "2018-12-31": {
        "Diluted EPS": 0.07,
        "Total Revenue": 8,
        "Gross Profit": 5,
        "Operating Income": 1,
        "EBIT": 1,
        "Net Income": 1
    },
    "2018-09-30": {
        "Diluted EPS": 0.04,
        "Total Revenue": 7,
        "Gross Profit": 4,
        "Operating Income": 0,
        "EBIT": 1,
        "Net Income": 0
    },
    "2018-06-30": {
        "Diluted EPS": 0.06,
        "Total Revenue": 7,
        "Gross Profit": 4,
        "Operating Income": 0,
        "EBIT": 1,
        "Net Income": 0
    },
    "2018-03-31": {
        "Diluted EPS": 0.02,
        "Total Revenue": 8,
        "Gross Profit": 4,
        "Operating Income": 0,
        "EBIT": 1,
        "Net Income": 0
    },
    "2017-12-31": {
        "Diluted EPS": 0.19,
        "Total Revenue": 8,
        "Gross Profit": 5,
        "Operating Income": 1,
        "EBIT": 1,
        "Net Income": 2
    },
    "2017-09-30": {
        "Diluted EPS": 0.2,
        "Total Revenue": 10,
        "Gross Profit": 6,
        "Operating Income": 2,
        "EBIT": 2,
        "Net Income": 2
    },
    "2017-06-30": {
        "Diluted EPS": 0.14,
        "Total Revenue": 9,
        "Gross Profit": 5,
        "Operating Income": 1,
        "EBIT": 1,
        "Net Income": 1
    },
    "2017-03-31": {
        "Diluted EPS": 0.12,
        "Total Revenue": 7,
        "Gross Profit": 4,
        "Operating Income": 1,
        "EBIT": 1,
        "Net Income": 1
    },
    "2016-12-31": {
        "Diluted EPS": 0.08,
        "Total Revenue": 6,
        "Gross Profit": 4,
        "Operating Income": 1,
        "EBIT": 1,
        "Net Income": 1
    },
    "2016-09-30": {
        "Diluted EPS": 0.08,
        "Total Revenue": 7,
        "Gross Profit": 4,
        "Operating Income": 1,
        "EBIT": 1,
        "Net Income": 1
    },
    "2016-06-30": {
        "Diluted EPS": 0.06,
        "Total Revenue": 6,
        "Gross Profit": 3,
        "Operating Income": 0,
        "EBIT": 1,
        "Net Income": 0
    },
    "2016-03-31": {
        "Diluted EPS": -0.02,
        "Total Revenue": 5,
        "Gross Profit": 3,
        "Operating Income": 0,
        "EBIT": 0,
        "Net Income": 0
    },
    "2015-12-31": {
        "Diluted EPS": 0.05,
        "Total Revenue": 5,
        "Gross Profit": 3,
        "Operating Income": 0,
        "EBIT": 0,
        "Net Income": 0
    },
    "2015-09-30": {
        "Diluted EPS": 0.05,
        "Total Revenue": 6,
        "Gross Profit": 3,
        "Operating Income": 0,
        "EBIT": 1,
        "Net Income": 0
    },
    "2015-06-30": {
        "Diluted EPS": 0.01,
        "Total Revenue": 5,
        "Gross Profit": 3,
        "Operating Income": 0,
        "EBIT": 0,
        "Net Income": 0
    },
    "2015-03-31": {
        "Diluted EPS": 0.01,
        "Total Revenue": 6,
        "Gross Profit": 3,
        "Operating Income": 0,
        "EBIT": 0,
        "Net Income": 0
    },
    "2014-12-31": {
        "Diluted EPS": 0.04,
        "Total Revenue": 5,
        "Gross Profit": 3,
        "Operating Income": 0,
        "EBIT": 0,
        "Net Income": 0
    },
    "2014-09-30": {
        "Diluted EPS": 0.08,
        "Total Revenue": 6,
        "Gross Profit": 3,
        "Operating Income": 1,
        "EBIT": 1,
        "Net Income": 1
    },
    "2014-06-30": {
        "Diluted EPS": 0.06,
        "Total Revenue": 6,
        "Gross Profit": 3,
        "Operating Income": 0,
        "EBIT": 1,
        "Net Income": 0
    },
    "2014-03-31": {
        "Diluted EPS": -0.04,
        "Total Revenue": 5,
        "Gross Profit": 2,
        "Operating Income": 0,
        "EBIT": 0,
        "Net Income": 0
    },
    "2013-12-31": {
        "Diluted EPS": -0.21,
        "Total Revenue": 3,
        "Gross Profit": 1,
        "Operating Income": -2,
        "EBIT": -2,
        "Net Income": -2
    },
    "2013-09-30": {
        "Diluted EPS": 0.02,
        "Total Revenue": 5,
        "Gross Profit": 3,
        "Operating Income": 0,
        "EBIT": 0,
        "Net Income": 0
    },
    "2013-06-30": {
        "Diluted EPS": -0.08,
        "Total Revenue": 5,
        "Gross Profit": 3,
        "Operating Income": -1,
        "EBIT": 0,
        "Net Income": -1
    },
    "2013-03-31": {
        "Diluted EPS": -0.06,
        "Total Revenue": 5,
        "Gross Profit": 3,
        "Operating Income": 0,
        "EBIT": 0,
        "Net Income": 0
    },
    "2012-12-31": {
        "Diluted EPS": -0.43,
        "Total Revenue": 4,
        "Gross Profit": 2,
        "Operating Income": -3,
        "EBIT": -3,
        "Net Income": -3
    },
    "2012-09-30": {
        "Diluted EPS": -0.17,
        "Total Revenue": 4,
        "Gross Profit": 2,
        "Operating Income": -1,
        "EBIT": -1,
        "Net Income": -1
    },
    "2012-06-30": {
        "Diluted EPS": -0.01,
        "Total Revenue": 5,
        "Gross Profit": 3,
        "Operating Income": 0,
        "EBIT": 0,
        "Net Income": 0
    },
    "2012-03-31": {
        "Diluted EPS": -0.19,
        "Total Revenue": 4,
        "Gross Profit": 2,
        "Operating Income": -2,
        "EBIT": -1,
        "Net Income": -2
    },
    "2011-12-31": {
        "Diluted EPS": 0.0,
        "Total Revenue": 6,
        "Gross Profit": 3,
        "Operating Income": 0,
        "EBIT": 0,
        "Net Income": 0
    },
    "2011-09-30": {
        "Diluted EPS": 0.01,
        "Total Revenue": 7,
        "Gross Profit": 4,
        "Operating Income": 0,
        "EBIT": 1,
        "Net Income": 0
    },
    "2011-06-30": {
        "Diluted EPS": 0.04,
        "Total Revenue": 7,
        "Gross Profit": 4,
        "Operating Income": 1,
        "EBIT": 1,
        "Net Income": 0
    },
    "2011-03-31": {
        "Diluted EPS": 0.06,
        "Total Revenue": 7,
        "Gross Profit": 4,
        "Operating Income": 1,
        "EBIT": 1,
        "Net Income": 1
    },
    "2010-12-31": {
        "Diluted EPS": 0.07,
        "Total Revenue": 7,
        "Gross Profit": 4,
        "Operating Income": 1,
        "EBIT": 1,
        "Net Income": 1
    },
    "2010-09-30": {
        "Diluted EPS": 0.09,
        "Total Revenue": 7,
        "Gross Profit": 4,
        "Operating Income": 1,
        "EBIT": 1,
        "Net Income": 1
    },
    "2010-06-30": {
        "Diluted EPS": 0.09,
        "Total Revenue": 7,
        "Gross Profit": 4,
        "Operating Income": 1,
        "EBIT": 1,
        "Net Income": 1
    },
    "2010-03-31": {
        "Diluted EPS": 0.08,
        "Total Revenue": 6,
        "Gross Profit": 4,
        "Operating Income": 1,
        "EBIT": 1,
        "Net Income": 1
    },
    "2009-12-31": {
        "Diluted EPS": 0.0,
        "Total Revenue": 5,
        "Gross Profit": 3,
        "Operating Income": 0,
        "EBIT": 0,
        "Net Income": 0
    },
    "2009-09-30": {
        "Diluted EPS": 0.04,
        "Total Revenue": 5,
        "Gross Profit": 3,
        "Operating Income": 0,
        "EBIT": 1,
        "Net Income": 0
    },
    "2009-06-30": {
        "Diluted EPS": -0.08,
        "Total Revenue": 4,
        "Gross Profit": 2,
        "Operating Income": -1,
        "EBIT": -1,
        "Net Income": -1
    },
    "2009-03-31": {
        "Diluted EPS": -0.05,
        "Total Revenue": 4,
        "Gross Profit": 2,
        "Operating Income": 0,
        "EBIT": 0,
        "Net Income": 0
    },
    "2023-09-30": {
        "Tax Effect Of Unusual Items": -3150.0,
        "Tax Rate For Calcs": 0.21,
        "Normalized EBITDA": 131000.0,
        "Total Unusual Items": -15000.0,
        "Total Unusual Items Excluding Goodwill": -15000.0,
        "Net Income From Continuing Operation Net Minority Interest": -53000.0,
        "Reconciled Depreciation": 179000.0,
        "Reconciled Cost Of Revenue": 3041000.0,
        "EBITDA": 116000.0,
        "EBIT": -63000.0,
        "Net Interest Income": 41000.0,
        "Interest Income": 41000.0,
        "Normalized Income": -41150.0,
        "Net Income From Continuing And Discontinued Operation": -53000.0,
        "Total Expenses": 6624000.0,
        "Total Operating Income As Reported": -63000.0,
        "Diluted Average Shares": 9020000.0,
        "Basic Average Shares": 9020000.0,
        "Diluted EPS": -0.01,
        "Basic EPS": -0.01,
        "Diluted NI Availto Com Stockholders": -53000.0,
        "Net Income Common Stockholders": -53000.0,
        "Net Income": -53000.0,
        "Net Income Including Noncontrolling Interests": -53000.0,
        "Net Income Continuous Operations": -53000.0,
        "Tax Provision": 16000.0,
        "Pretax Income": -37000.0,
        "Other Income Expense": -15000.0,
        "Special Income Charges": 0.0,
        "Gain On Sale Of Ppe": 0.0,
        "Gain On Sale Of Security": -15000.0,
        "Net Non Operating Interest Income Expense": 41000.0,
        "Interest Income Non Operating": 41000.0,
        "Operating Income": -63000.0,
        "Operating Expense": 3583000.0,
        "Research And Development": 1577000.0,
        "Selling General And Administration": 2006000.0,
        "General And Administrative Expense": NaN,
        "Other Gand A": NaN,
        "Salaries And Wages": NaN,
        "Gross Profit": 3520000.0,
        "Cost Of Revenue": 3041000.0,
        "Total Revenue": 6561000.0,
        "Operating Revenue": 6561000.0
    },
    "2023-12-31": {
        "Tax Effect Of Unusual Items": -12415.730337,
        "Tax Rate For Calcs": 0.191011,
        "Normalized EBITDA": 383000.0,
        "Total Unusual Items": -65000.0,
        "Total Unusual Items Excluding Goodwill": -65000.0,
        "Net Income From Continuing Operation Net Minority Interest": 144000.0,
        "Reconciled Depreciation": 140000.0,
        "Reconciled Cost Of Revenue": 2883000.0,
        "EBITDA": 318000.0,
        "EBIT": 178000.0,
        "Net Interest Income": 65000.0,
        "Interest Income": 65000.0,
        "Normalized Income": 196584.269663,
        "Net Income From Continuing And Discontinued Operation": 144000.0,
        "Total Expenses": 6696000.0,
        "Total Operating Income As Reported": 178000.0,
        "Diluted Average Shares": 9096000.0,
        "Basic Average Shares": 9021000.0,
        "Diluted EPS": 0.02,
        "Basic EPS": 0.02,
        "Diluted NI Availto Com Stockholders": 144000.0,
        "Net Income Common Stockholders": 144000.0,
        "Net Income": 144000.0,
        "Net Income Including Noncontrolling Interests": 144000.0,
        "Net Income Continuous Operations": 144000.0,
        "Tax Provision": 34000.0,
        "Pretax Income": 178000.0,
        "Other Income Expense": -65000.0,
        "Special Income Charges": 0.0,
        "Gain On Sale Of Ppe": 0.0,
        "Gain On Sale Of Security": -65000.0,
        "Net Non Operating Interest Income Expense": 65000.0,
        "Interest Income Non Operating": 65000.0,
        "Operating Income": 178000.0,
        "Operating Expense": 3813000.0,
        "Research And Development": 1602000.0,
        "Selling General And Administration": 2211000.0,
        "General And Administrative Expense": NaN,
        "Other Gand A": NaN,
        "Salaries And Wages": NaN,
        "Gross Profit": 3991000.0,
        "Cost Of Revenue": 2883000.0,
        "Total Revenue": 6874000.0,
        "Operating Revenue": 6874000.0
    },
    "2024-03-31": {
        "Tax Effect Of Unusual Items": 5600.0,
        "Tax Rate For Calcs": 0.4,
        "Normalized EBITDA": -672000.0,
        "Total Unusual Items": 14000.0,
        "Total Unusual Items Excluding Goodwill": 14000.0,
        "Net Income From Continuing Operation Net Minority Interest": -807000.0,
        "Reconciled Depreciation": 202000.0,
        "Reconciled Cost Of Revenue": 2879000.0,
        "EBITDA": -658000.0,
        "EBIT": -860000.0,
        "Net Interest Income": 80000.0,
        "Interest Income": 80000.0,
        "Normalized Income": -815400.0,
        "Net Income From Continuing And Discontinued Operation": -807000.0,
        "Total Expenses": 6959000.0,
        "Total Operating Income As Reported": -860000.0,
        "Diluted Average Shares": 9023000.0,
        "Basic Average Shares": 9023000.0,
        "Diluted EPS": -0.09,
        "Basic EPS": -0.09,
        "Diluted NI Availto Com Stockholders": -807000.0,
        "Net Income Common Stockholders": -807000.0,
        "Net Income": -807000.0,
        "Net Income Including Noncontrolling Interests": -807000.0,
        "Net Income Continuous Operations": -807000.0,
        "Tax Provision": 41000.0,
        "Pretax Income": -766000.0,
        "Other Income Expense": 14000.0,
        "Special Income Charges": NaN,
        "Gain On Sale Of Ppe": NaN,
        "Gain On Sale Of Security": 14000.0,
        "Net Non Operating Interest Income Expense": 80000.0,
        "Interest Income Non Operating": 80000.0,
        "Operating Income": -860000.0,
        "Operating Expense": 4080000.0,
        "Research And Development": 1582000.0,
        "Selling General And Administration": 2498000.0,
        "General And Administrative Expense": NaN,
        "Other Gand A": NaN,
        "Salaries And Wages": NaN,
        "Gross Profit": 3220000.0,
        "Cost Of Revenue": 2879000.0,
        "Total Revenue": 6099000.0,
        "Operating Revenue": 6099000.0
    }
}