{
    "2023-06-30": {
        "Tax Effect Of Unusual Items": 20936555.891239,
        "Tax Rate For Calcs": 0.21148,
        "Normalized EBITDA": 2421000000.0,
        "Total Unusual Items": 99000000.0,
        "Total Unusual Items Excluding Goodwill": 99000000.0,
        "Net Income From Continuing Operation Net Minority Interest": 1827000000.0,
        "Reconciled Cost Of Revenue": 11312000000.0,
        "EBITDA": 2520000000.0,
        "EBIT": 2520000000.0,
        "Net Interest Income": -203000000.0,
        "Interest Expense": 203000000.0,
        "Normalized Income": 1748936555.891239,
        "Net Income From Continuing And Discontinued Operation": 1827000000.0,
        "Total Expenses": 13148000000.0,
        "Rent Expense Supplemental": 749000000.0,
        "Total Operating Income As Reported": 2491000000.0,
        "Diluted Average Shares": 642000000.0,
        "Basic Average Shares": 639000000.0,
        "Diluted EPS": 2.84,
        "Basic EPS": 2.86,
        "Diluted NI Availto Com Stockholders": 1827000000.0,
        "Net Income Common Stockholders": 1827000000.0,
        "Net Income": 1827000000.0,
        "Net Income Including Noncontrolling Interests": 1827000000.0,
        "Net Income Continuous Operations": 1827000000.0,
        "Tax Provision": 490000000.0,
        "Pretax Income": 2317000000.0,
        "Other Income Expense": 90000000.0,
        "Other Non Operating Income Expenses": -9000000.0,
        "Special Income Charges": -29000000.0,
        "Other Special Charges": 29000000.0,
        "Gain On Sale Of Security": 128000000.0,
        "Net Non Operating Interest Income Expense": -203000000.0,
        "Interest Expense Non Operating": 203000000.0,
        "Operating Income": 2430000000.0,
        "Operating Expense": 1836000000.0,
        "Other Operating Expenses": 529000000.0,
        "Selling General And Administration": 1307000000.0,
        "Selling And Marketing Expense": 651000000.0,
        "General And Administrative Expense": 656000000.0,
        "Salaries And Wages": 656000000.0,
        "Gross Profit": 4266000000.0,
        "Cost Of Revenue": 11312000000.0,
        "Total Revenue": 15578000000.0,
        "Operating Revenue": 13377000000.0
    },
    "2023-03-31": {
        "Tax Effect Of Unusual Items": 28260869.565217,
        "Tax Rate For Calcs": 0.282609,
        "Normalized EBITDA": -379000000.0,
        "Total Unusual Items": 100000000.0,
        "Total Unusual Items Excluding Goodwill": 100000000.0,
        "Net Income From Continuing Operation Net Minority Interest": -363000000.0,
        "Reconciled Cost Of Revenue": 11901000000.0,
        "EBITDA": -279000000.0,
        "EBIT": -279000000.0,
        "Net Interest Income": -227000000.0,
        "Interest Expense": 227000000.0,
        "Normalized Income": -434739130.434783,
        "Net Income From Continuing And Discontinued Operation": -363000000.0,
        "Total Expenses": 13036000000.0,
        "Rent Expense Supplemental": 716000000.0,
        "Total Operating Income As Reported": -277000000.0,
        "Diluted Average Shares": 639000000.0,
        "Basic Average Shares": 639000000.0,
        "Diluted EPS": -0.57,
        "Basic EPS": -0.57,
        "Diluted NI Availto Com Stockholders": -363000000.0,
        "Net Income Common Stockholders": -363000000.0,
        "Net Income": -363000000.0,
        "Net Income Including Noncontrolling Interests": -363000000.0,
        "Net Income Continuous Operations": -363000000.0,
        "Tax Provision": -143000000.0,
        "Pretax Income": -506000000.0,
        "Other Income Expense": -2000000.0,
        "Other Non Operating Income Expenses": -102000000.0,
        "Special Income Charges": -22000000.0,
        "Other Special Charges": 22000000.0,
        "Gain On Sale Of Security": 122000000.0,
        "Net Non Operating Interest Income Expense": -227000000.0,
        "Interest Expense Non Operating": 227000000.0,
        "Operating Income": -277000000.0,
        "Operating Expense": 1135000000.0,
        "Other Operating Expenses": 563000000.0,
        "Selling General And Administration": 572000000.0,
        "Selling And Marketing Expense": 500000000.0,
        "General And Administrative Expense": 72000000.0,
        "Salaries And Wages": 72000000.0,
        "Gross Profit": 858000000.0,
        "Cost Of Revenue": 11901000000.0,
        "Total Revenue": 12759000000.0,
        "Operating Revenue": 10620000000.0
    },
    "2022-12-31": {
        "Tax Effect Of Unusual Items": -17148214.285714,
        "Tax Rate For Calcs": 0.259821,
        "Normalized EBITDA": 1424000000.0,
        "Total Unusual Items": -66000000.0,
        "Total Unusual Items Excluding Goodwill": -66000000.0,
        "Net Income From Continuing Operation Net Minority Interest": 829000000.0,
        "Reconciled Cost Of Revenue": 10812000000.0,
        "EBITDA": 1358000000.0,
        "EBIT": 1358000000.0,
        "Net Interest Income": -238000000.0,
        "Interest Expense": 238000000.0,
        "Normalized Income": 877851785.714286,
        "Net Income From Continuing And Discontinued Operation": 829000000.0,
        "Total Expenses": 12089000000.0,
        "Rent Expense Supplemental": 698000000.0,
        "Total Operating Income As Reported": 1470000000.0,
        "Diluted Average Shares": 641000000.0,
        "Basic Average Shares": 638000000.0,
        "Diluted EPS": 1.29,
        "Basic EPS": 1.3,
        "Diluted NI Availto Com Stockholders": 829000000.0,
        "Net Income Common Stockholders": 829000000.0,
        "Net Income": 829000000.0,
        "Net Income Including Noncontrolling Interests": 829000000.0,
        "Net Income Continuous Operations": 829000000.0,
        "Tax Provision": 291000000.0,
        "Pretax Income": 1120000000.0,
        "Other Income Expense": 12000000.0,
        "Other Non Operating Income Expenses": 70000000.0,
        "Special Income Charges": 104000000.0,
        "Other Special Charges": 0.0,
        "Gain On Sale Of Security": -170000000.0,
        "Net Non Operating Interest Income Expense": -238000000.0,
        "Interest Expense Non Operating": 238000000.0,
        "Operating Income": 1346000000.0,
        "Operating Expense": 1277000000.0,
        "Other Operating Expenses": 499000000.0,
        "Selling General And Administration": 778000000.0,
        "Selling And Marketing Expense": 506000000.0,
        "General And Administrative Expense": 272000000.0,
        "Salaries And Wages": 272000000.0,
        "Gross Profit": 2623000000.0,
        "Cost Of Revenue": 10812000000.0,
        "Total Revenue": 13435000000.0,
        "Operating Revenue": 11138000000.0
    },
    "2022-09-30": {
        "Tax Effect Of Unusual Items": -77435550.935551,
        "Tax Rate For Calcs": 0.277547,
        "Normalized EBITDA": 1489000000.0,
        "Total Unusual Items": -279000000.0,
        "Total Unusual Items Excluding Goodwill": -279000000.0,
        "Net Income From Continuing Operation Net Minority Interest": 695000000.0,
        "Reconciled Depreciation": NaN,
        "Reconciled Cost Of Revenue": 11250000000.0,
        "EBITDA": 1210000000.0,
        "EBIT": 1210000000.0,
        "Net Interest Income": -248000000.0,
        "Interest Expense": 248000000.0,
        "Normalized Income": 896564449.064449,
        "Net Income From Continuing And Discontinued Operation": 695000000.0,
        "Total Expenses": 12519000000.0,
        "Rent Expense Supplemental": 693000000.0,
        "Total Operating Income As Reported": 1456000000.0,
        "Diluted Average Shares": 641000000.0,
        "Basic Average Shares": 638000000.0,
        "Diluted EPS": 1.08,
        "Basic EPS": 1.09,
        "Diluted NI Availto Com Stockholders": 695000000.0,
        "Net Income Common Stockholders": 695000000.0,
        "Net Income": 695000000.0,
        "Net Income Including Noncontrolling Interests": 695000000.0,
        "Net Income Continuous Operations": 695000000.0,
        "Tax Provision": 267000000.0,
        "Pretax Income": 962000000.0,
        "Other Income Expense": -246000000.0,
        "Other Non Operating Income Expenses": 29000000.0,
        "Special Income Charges": -34000000.0,
        "Other Special Charges": 34000000.0,
        "Write Off": NaN,
        "Restructuring And Mergern Acquisition": NaN,
        "Earnings From Equity Interest": 4000000.0,
        "Gain On Sale Of Security": -245000000.0,
        "Net Non Operating Interest Income Expense": -248000000.0,
        "Interest Expense Non Operating": 248000000.0,
        "Operating Income": 1456000000.0,
        "Operating Expense": 1269000000.0,
        "Other Operating Expenses": 486000000.0,
        "Selling General And Administration": 783000000.0,
        "Selling And Marketing Expense": 546000000.0,
        "General And Administrative Expense": 237000000.0,
        "Salaries And Wages": 237000000.0,
        "Gross Profit": 2725000000.0,
        "Cost Of Revenue": 11250000000.0,
        "Total Revenue": 13975000000.0,
        "Operating Revenue": 11704000000.0
    },
    "2022-06-30": {
        "Tax Effect Of Unusual Items": -75581800.580833,
        "Tax Rate For Calcs": 0.28848,
        "Normalized EBITDA": 1564000000.0,
        "Total Unusual Items": -262000000.0,
        "Total Unusual Items Excluding Goodwill": -262000000.0,
        "Net Income From Continuing Operation Net Minority Interest": 735000000.0,
        "Reconciled Depreciation": NaN,
        "Reconciled Cost Of Revenue": 11289000000.0,
        "EBITDA": 1302000000.0,
        "EBIT": 1302000000.0,
        "Net Interest Income": -269000000.0,
        "Interest Expense": 269000000.0,
        "Normalized Income": 921418199.419167,
        "Net Income From Continuing And Discontinued Operation": 735000000.0,
        "Total Expenses": 12305000000.0,
        "Rent Expense Supplemental": 673000000.0,
        "Total Operating Income As Reported": 1519000000.0,
        "Diluted Average Shares": 641000000.0,
        "Basic Average Shares": 638000000.0,
        "Diluted EPS": 1.15,
        "Basic EPS": 1.15,
        "Diluted NI Availto Com Stockholders": 735000000.0,
        "Net Income Common Stockholders": 735000000.0,
        "Net Income": 735000000.0,
        "Net Income Including Noncontrolling Interests": 735000000.0,
        "Net Income Continuous Operations": 735000000.0,
        "Tax Provision": 298000000.0,
        "Pretax Income": 1033000000.0,
        "Other Income Expense": -217000000.0,
        "Other Non Operating Income Expenses": 57000000.0,
        "Special Income Charges": -41000000.0,
        "Other Special Charges": 41000000.0,
        "Write Off": NaN,
        "Restructuring And Mergern Acquisition": NaN,
        "Earnings From Equity Interest": -12000000.0,
        "Gain On Sale Of Security": -221000000.0,
        "Net Non Operating Interest Income Expense": -269000000.0,
        "Interest Expense Non Operating": 269000000.0,
        "Operating Income": 1519000000.0,
        "Operating Expense": 1016000000.0,
        "Other Operating Expenses": 436000000.0,
        "Selling General And Administration": 580000000.0,
        "Selling And Marketing Expense": 526000000.0,
        "General And Administrative Expense": 54000000.0,
        "Salaries And Wages": 54000000.0,
        "Gross Profit": 2535000000.0,
        "Cost Of Revenue": 11289000000.0,
        "Total Revenue": 13824000000.0,
        "Operating Revenue": 11230000000.0
    },
    "2022-03-31": {
        "Diluted EPS": -1.48,
        "Total Revenue": NaN,
        "Gross Profit": NaN,
        "Operating Income": -783,
        "EBIT": -783,
        "Net Income": -940
    },
    "2021-12-31": {
        "Diluted EPS": -0.62,
        "Total Revenue": NaN,
        "Gross Profit": NaN,
        "Operating Income": 263,
        "EBIT": 263,
        "Net Income": -407
    },
    "2021-09-30": {
        "Diluted EPS": 1.89,
        "Total Revenue": NaN,
        "Gross Profit": NaN,
        "Operating Income": NaN,
        "EBIT": NaN,
        "Net Income": NaN
    },
    "2021-06-30": {
        "Diluted EPS": 1.02,
        "Total Revenue": NaN,
        "Gross Profit": NaN,
        "Operating Income": 816,
        "EBIT": 816,
        "Net Income": 652
    },
    "2021-03-31": {
        "Diluted EPS": -1.85,
        "Total Revenue": NaN,
        "Gross Profit": -597,
        "Operating Income": NaN,
        "EBIT": NaN,
        "Net Income": NaN
    },
    "2020-12-31": {
        "Diluted EPS": -1.17,
        "Total Revenue": NaN,
        "Gross Profit": 27,
        "Operating Income": -858,
        "EBIT": -858,
        "Net Income": -755
    },
    "2020-09-30": {
        "Diluted EPS": -8.47,
        "Total Revenue": NaN,
        "Gross Profit": -610,
        "Operating Income": NaN,
        "EBIT": NaN,
        "Net Income": NaN
    },
    "2020-06-30": {
        "Diluted EPS": -9.01,
        "Total Revenue": NaN,
        "Gross Profit": NaN,
        "Operating Income": NaN,
        "EBIT": NaN,
        "Net Income": NaN
    },
    "2020-03-31": {
        "Diluted EPS": -0.84,
        "Total Revenue": NaN,
        "Gross Profit": NaN,
        "Operating Income": -410,
        "EBIT": -410,
        "Net Income": -534
    },
    "2019-12-31": {
        "Diluted EPS": 1.69,
        "Total Revenue": NaN,
        "Gross Profit": NaN,
        "Operating Income": NaN,
        "EBIT": NaN,
        "Net Income": NaN
    },
    "2019-09-30": {
        "Diluted EPS": 2.31,
        "Total Revenue": NaN,
        "Gross Profit": NaN,
        "Operating Income": NaN,
        "EBIT": NaN,
        "Net Income": NaN
    },
    "2019-06-30": {
        "Diluted EPS": 2.21,
        "Total Revenue": NaN,
        "Gross Profit": NaN,
        "Operating Income": NaN,
        "EBIT": NaN,
        "Net Income": NaN
    },
    "2019-03-31": {
        "Diluted EPS": 1.09,
        "Total Revenue": NaN,
        "Gross Profit": NaN,
        "Operating Income": NaN,
        "EBIT": NaN,
        "Net Income": 730
    },
    "2018-12-31": {
        "Diluted EPS": 1.47,
        "Total Revenue": NaN,
        "Gross Profit": NaN,
        "Operating Income": NaN,
        "EBIT": NaN,
        "Net Income": NaN
    },
    "2018-09-30": {
        "Diluted EPS": 1.92,
        "Total Revenue": NaN,
        "Gross Profit": NaN,
        "Operating Income": NaN,
        "EBIT": NaN,
        "Net Income": NaN
    },
    "2018-06-30": {
        "Diluted EPS": 1.49,
        "Total Revenue": NaN,
        "Gross Profit": NaN,
        "Operating Income": NaN,
        "EBIT": NaN,
        "Net Income": NaN
    },
    "2018-03-31": {
        "Diluted EPS": 0.79,
        "Total Revenue": NaN,
        "Gross Profit": NaN,
        "Operating Income": 844,
        "EBIT": 844,
        "Net Income": 557
    },
    "2017-12-31": {
        "Diluted EPS": 0.43,
        "Total Revenue": NaN,
        "Gross Profit": NaN,
        "Operating Income": NaN,
        "EBIT": NaN,
        "Net Income": 299
    },
    "2017-09-30": {
        "Diluted EPS": 1.61,
        "Total Revenue": NaN,
        "Gross Profit": NaN,
        "Operating Income": NaN,
        "EBIT": NaN,
        "Net Income": NaN
    },
    "2017-06-30": {
        "Diluted EPS": 1.62,
        "Total Revenue": NaN,
        "Gross Profit": NaN,
        "Operating Income": NaN,
        "EBIT": NaN,
        "Net Income": NaN
    },
    "2017-03-31": {
        "Diluted EPS": 0.77,
        "Total Revenue": NaN,
        "Gross Profit": NaN,
        "Operating Income": 999,
        "EBIT": 999,
        "Net Income": 561
    },
    "2016-12-31": {
        "Diluted EPS": 0.62,
        "Total Revenue": NaN,
        "Gross Profit": NaN,
        "Operating Income": NaN,
        "EBIT": NaN,
        "Net Income": 444
    },
    "2016-09-30": {
        "Diluted EPS": 1.69,
        "Total Revenue": NaN,
        "Gross Profit": NaN,
        "Operating Income": NaN,
        "EBIT": NaN,
        "Net Income": NaN
    },
    "2016-06-30": {
        "Diluted EPS": 2.03,
        "Total Revenue": NaN,
        "Gross Profit": NaN,
        "Operating Income": NaN,
        "EBIT": NaN,
        "Net Income": NaN
    },
    "2016-03-31": {
        "Diluted EPS": 1.21,
        "Total Revenue": NaN,
        "Gross Profit": NaN,
        "Operating Income": NaN,
        "EBIT": NaN,
        "Net Income": 946
    },
    "2015-12-31": {
        "Diluted EPS": 1.25,
        "Total Revenue": NaN,
        "Gross Profit": -260,
        "Operating Income": NaN,
        "EBIT": NaN,
        "Net Income": 980
    },
    "2015-09-30": {
        "Diluted EPS": 1.65,
        "Total Revenue": NaN,
        "Gross Profit": NaN,
        "Operating Income": NaN,
        "EBIT": NaN,
        "Net Income": NaN
    },
    "2015-06-30": {
        "Diluted EPS": 1.83,
        "Total Revenue": NaN,
        "Gross Profit": NaN,
        "Operating Income": NaN,
        "EBIT": NaN,
        "Net Income": NaN
    },
    "2015-03-31": {
        "Diluted EPS": 0.9,
        "Total Revenue": NaN,
        "Gross Profit": NaN,
        "Operating Income": NaN,
        "EBIT": NaN,
        "Net Income": 746
    },
    "2014-12-31": {
        "Diluted EPS": -0.86,
        "Total Revenue": NaN,
        "Gross Profit": NaN,
        "Operating Income": -828,
        "EBIT": -828,
        "Net Income": -712
    },
    "2014-09-30": {
        "Diluted EPS": 0.42,
        "Total Revenue": NaN,
        "Gross Profit": NaN,
        "Operating Income": 835,
        "EBIT": 835,
        "Net Income": 357
    },
    "2014-06-30": {
        "Diluted EPS": 0.94,
        "Total Revenue": NaN,
        "Gross Profit": NaN,
        "Operating Income": NaN,
        "EBIT": NaN,
        "Net Income": 801
    },
    "2014-03-31": {
        "Diluted EPS": 0.25,
        "Total Revenue": NaN,
        "Gross Profit": NaN,
        "Operating Income": 620,
        "EBIT": 620,
        "Net Income": 213
    },
    "2013-12-31": {
        "Diluted EPS": 9.89,
        "Total Revenue": NaN,
        "Gross Profit": NaN,
        "Operating Income": 701,
        "EBIT": 701,
        "Net Income": NaN
    },
    "2013-09-30": {
        "Diluted EPS": 1.59,
        "Total Revenue": NaN,
        "Gross Profit": NaN,
        "Operating Income": NaN,
        "EBIT": NaN,
        "Net Income": NaN
    },
    "2013-06-30": {
        "Diluted EPS": 0.8,
        "Total Revenue": NaN,
        "Gross Profit": NaN,
        "Operating Income": 914,
        "EBIT": 914,
        "Net Income": 685
    },
    "2013-03-31": {
        "Diluted EPS": 0.01,
        "Total Revenue": NaN,
        "Gross Profit": NaN,
        "Operating Income": 222,
        "EBIT": 222,
        "Net Income": 7
    },
    "2012-12-31": {
        "Diluted EPS": 0.01,
        "Total Revenue": NaN,
        "Gross Profit": NaN,
        "Operating Income": 351,
        "EBIT": 351,
        "Net Income": 6
    },
    "2012-09-30": {
        "Diluted EPS": 1.23,
        "Total Revenue": NaN,
        "Gross Profit": NaN,
        "Operating Income": NaN,
        "EBIT": NaN,
        "Net Income": NaN
    },
    "2012-06-30": {
        "Diluted EPS": -0.2,
        "Total Revenue": NaN,
        "Gross Profit": NaN,
        "Operating Income": 134,
        "EBIT": 134,
        "Net Income": -168
    },
    "2012-03-31": {
        "Diluted EPS": 0.15,
        "Total Revenue": NaN,
        "Gross Profit": NaN,
        "Operating Income": 382,
        "EBIT": 382,
        "Net Income": 124
    },
    "2011-12-31": {
        "Diluted EPS": 0.51,
        "Total Revenue": NaN,
        "Gross Profit": NaN,
        "Operating Income": 726,
        "EBIT": 726,
        "Net Income": 425
    },
    "2011-09-30": {
        "Diluted EPS": 0.65,
        "Total Revenue": NaN,
        "Gross Profit": NaN,
        "Operating Income": 860,
        "EBIT": 860,
        "Net Income": 549
    },
    "2011-06-30": {
        "Diluted EPS": 0.23,
        "Total Revenue": NaN,
        "Gross Profit": NaN,
        "Operating Income": 481,
        "EBIT": 481,
        "Net Income": 198
    },
    "2011-03-31": {
        "Diluted EPS": -0.38,
        "Total Revenue": NaN,
        "Gross Profit": NaN,
        "Operating Income": -92,
        "EBIT": -92,
        "Net Income": -318
    },
    "2010-12-31": {
        "Diluted EPS": 0.03,
        "Total Revenue": NaN,
        "Gross Profit": NaN,
        "Operating Income": 294,
        "EBIT": 294,
        "Net Income": 19
    },
    "2010-09-30": {
        "Diluted EPS": 0.43,
        "Total Revenue": NaN,
        "Gross Profit": NaN,
        "Operating Income": NaN,
        "EBIT": NaN,
        "Net Income": 363
    },
    "2010-06-30": {
        "Diluted EPS": 0.55,
        "Total Revenue": NaN,
        "Gross Profit": NaN,
        "Operating Income": 852,
        "EBIT": 852,
        "Net Income": 467
    },
    "2010-03-31": {
        "Diluted EPS": -0.31,
        "Total Revenue": NaN,
        "Gross Profit": NaN,
        "Operating Income": 68,
        "EBIT": 68,
        "Net Income": -256
    },
    "2009-12-31": {
        "Diluted EPS": -0.04,
        "Total Revenue": NaN,
        "Gross Profit": NaN,
        "Operating Income": -46,
        "EBIT": -46,
        "Net Income": -25
    },
    "2009-09-30": {
        "Diluted EPS": -0.19,
        "Total Revenue": NaN,
        "Gross Profit": NaN,
        "Operating Income": 204,
        "EBIT": 204,
        "Net Income": -161
    },
    "2009-06-30": {
        "Diluted EPS": -0.31,
        "Total Revenue": NaN,
        "Gross Profit": NaN,
        "Operating Income": 1,
        "EBIT": 1,
        "Net Income": -257
    },
    "2009-03-31": {
        "Diluted EPS": -0.96,
        "Total Revenue": NaN,
        "Gross Profit": 749,
        "Operating Income": -483,
        "EBIT": -483,
        "Net Income": -794
    },
    "2023-09-30": {
        "Tax Effect Of Unusual Items": -59465483.234714,
        "Tax Rate For Calcs": 0.271532,
        "Normalized EBITDA": 1936000000.0,
        "Total Unusual Items": -219000000.0,
        "Total Unusual Items Excluding Goodwill": -219000000.0,
        "Net Income From Continuing Operation Net Minority Interest": 1108000000.0,
        "Reconciled Cost Of Revenue": 11888000000.0,
        "EBITDA": 1717000000.0,
        "EBIT": 1717000000.0,
        "Net Interest Income": -196000000.0,
        "Interest Expense": 196000000.0,
        "Normalized Income": 1267534516.765286,
        "Net Income From Continuing And Discontinued Operation": 1108000000.0,
        "Total Expenses": 13565000000.0,
        "Rent Expense Supplemental": 810000000.0,
        "Total Operating Income As Reported": 1984000000.0,
        "Diluted Average Shares": 644000000.0,
        "Basic Average Shares": 639000000.0,
        "Diluted EPS": 1.72,
        "Basic EPS": 1.73,
        "Diluted NI Availto Com Stockholders": 1108000000.0,
        "Net Income Common Stockholders": 1108000000.0,
        "Net Income": 1108000000.0,
        "Net Income Including Noncontrolling Interests": 1108000000.0,
        "Net Income Continuous Operations": 1108000000.0,
        "Tax Provision": 413000000.0,
        "Pretax Income": 1521000000.0,
        "Other Income Expense": -206000000.0,
        "Other Non Operating Income Expenses": 13000000.0,
        "Special Income Charges": -13000000.0,
        "Other Special Charges": 13000000.0,
        "Gain On Sale Of Security": -206000000.0,
        "Net Non Operating Interest Income Expense": -196000000.0,
        "Interest Expense Non Operating": 196000000.0,
        "Operating Income": 1923000000.0,
        "Operating Expense": 1677000000.0,
        "Other Operating Expenses": 581000000.0,
        "Selling General And Administration": 1096000000.0,
        "Selling And Marketing Expense": 618000000.0,
        "General And Administrative Expense": 478000000.0,
        "Salaries And Wages": 478000000.0,
        "Gross Profit": 3600000000.0,
        "Cost Of Revenue": 11888000000.0,
        "Total Revenue": 15488000000.0,
        "Operating Revenue": 13273000000.0
    },
    "2023-12-31": {
        "Tax Effect Of Unusual Items": 127421538.461538,
        "Tax Rate For Calcs": 0.104615,
        "Normalized EBITDA": 1264000000.0,
        "Total Unusual Items": 1218000000.0,
        "Total Unusual Items Excluding Goodwill": 1218000000.0,
        "Net Income From Continuing Operation Net Minority Interest": 2037000000.0,
        "Reconciled Cost Of Revenue": 11468000000.0,
        "EBITDA": 2482000000.0,
        "EBIT": 2482000000.0,
        "Net Interest Income": -207000000.0,
        "Interest Expense": 207000000.0,
        "Normalized Income": 946421538.461538,
        "Net Income From Continuing And Discontinued Operation": 2037000000.0,
        "Total Expenses": 12962000000.0,
        "Rent Expense Supplemental": 820000000.0,
        "Total Operating Income As Reported": 1322000000.0,
        "Diluted Average Shares": 644000000.0,
        "Basic Average Shares": 639000000.0,
        "Diluted EPS": 3.16,
        "Basic EPS": 3.19,
        "Diluted NI Availto Com Stockholders": 2037000000.0,
        "Net Income Common Stockholders": 2037000000.0,
        "Net Income": 2037000000.0,
        "Net Income Including Noncontrolling Interests": 2037000000.0,
        "Net Income Continuous Operations": 2037000000.0,
        "Tax Provision": 238000000.0,
        "Pretax Income": 2275000000.0,
        "Other Income Expense": 1221000000.0,
        "Other Non Operating Income Expenses": 3000000.0,
        "Special Income Charges": 0.0,
        "Other Special Charges": 0.0,
        "Gain On Sale Of Security": 1218000000.0,
        "Net Non Operating Interest Income Expense": -207000000.0,
        "Interest Expense Non Operating": 207000000.0,
        "Operating Income": 1261000000.0,
        "Operating Expense": 1494000000.0,
        "Other Operating Expenses": 570000000.0,
        "Selling General And Administration": 924000000.0,
        "Selling And Marketing Expense": 564000000.0,
        "General And Administrative Expense": 360000000.0,
        "Salaries And Wages": 360000000.0,
        "Gross Profit": 2755000000.0,
        "Cost Of Revenue": 11468000000.0,
        "Total Revenue": 14223000000.0,
        "Operating Revenue": 12362000000.0
    },
    "2024-03-31": {
        "Tax Effect Of Unusual Items": -92400000.0,
        "Tax Rate For Calcs": 0.4,
        "Normalized EBITDA": 558000000.0,
        "Total Unusual Items": -231000000.0,
        "Total Unusual Items Excluding Goodwill": -231000000.0,
        "Net Income From Continuing Operation Net Minority Interest": 37000000.0,
        "Reconciled Cost Of Revenue": 11924000000.0,
        "EBITDA": 327000000.0,
        "EBIT": 327000000.0,
        "Net Interest Income": -205000000.0,
        "Interest Expense": 205000000.0,
        "Normalized Income": 175600000.0,
        "Net Income From Continuing And Discontinued Operation": 37000000.0,
        "Total Expenses": 13134000000.0,
        "Rent Expense Supplemental": 884000000.0,
        "Total Operating Income As Reported": 614000000.0,
        "Diluted Average Shares": 645000000.0,
        "Basic Average Shares": 640000000.0,
        "Diluted EPS": 0.06,
        "Basic EPS": 0.06,
        "Diluted NI Availto Com Stockholders": 37000000.0,
        "Net Income Common Stockholders": 37000000.0,
        "Net Income": 37000000.0,
        "Net Income Including Noncontrolling Interests": 37000000.0,
        "Net Income Continuous Operations": 37000000.0,
        "Tax Provision": 85000000.0,
        "Pretax Income": 122000000.0,
        "Other Income Expense": -287000000.0,
        "Other Non Operating Income Expenses": -56000000.0,
        "Special Income Charges": -4000000.0,
        "Other Special Charges": 4000000.0,
        "Gain On Sale Of Security": -227000000.0,
        "Net Non Operating Interest Income Expense": -205000000.0,
        "Interest Expense Non Operating": 205000000.0,
        "Operating Income": 614000000.0,
        "Operating Expense": 1210000000.0,
        "Other Operating Expenses": 535000000.0,
        "Selling General And Administration": 675000000.0,
        "Selling And Marketing Expense": 550000000.0,
        "General And Administrative Expense": 125000000.0,
        "Salaries And Wages": 125000000.0,
        "Gross Profit": 1824000000.0,
        "Cost Of Revenue": 11924000000.0,
        "Total Revenue": 13748000000.0,
        "Operating Revenue": 11309000000.0
    }
}