{
    "2023-03-31": {
        "Tax Effect Of Unusual Items": NaN,
        "Tax Rate For Calcs": NaN,
        "Normalized EBITDA": NaN,
        "Total Unusual Items": NaN,
        "Total Unusual Items Excluding Goodwill": NaN,
        "Net Income From Continuing Operation Net Minority Interest": NaN,
        "Reconciled Depreciation": NaN,
        "Reconciled Cost Of Revenue": 0.0,
        "EBITDA": NaN,
        "EBIT": NaN,
        "Normalized Income": NaN,
        "Net Income From Continuing And Discontinued Operation": NaN,
        "Total Expenses": NaN,
        "Total Operating Income As Reported": NaN,
        "Diluted Average Shares": 7126461.0,
        "Basic Average Shares": 7126461.0,
        "Diluted EPS": -1.08,
        "Basic EPS": -1.08,
        "Diluted NI Availto Com Stockholders": NaN,
        "Net Income Common Stockholders": NaN,
        "Net Income": NaN,
        "Net Income Including Noncontrolling Interests": NaN,
        "Net Income Continuous Operations": NaN,
        "Pretax Income": NaN,
        "Other Income Expense": NaN,
        "Other Non Operating Income Expenses": NaN,
        "Special Income Charges": NaN,
        "Operating Income": NaN,
        "Operating Expense": NaN,
        "Other Operating Expenses": 25000.0,
        "Research And Development": NaN,
        "Selling General And Administration": NaN,
        "General And Administrative Expense": NaN,
        "Other Gand A": NaN,
        "Salaries And Wages": 0.0,
        "Gross Profit": 0.0,
        "Cost Of Revenue": 0.0,
        "Total Revenue": NaN,
        "Operating Revenue": NaN
    },
    "2022-12-31": {
        "Tax Effect Of Unusual Items": NaN,
        "Tax Rate For Calcs": NaN,
        "Normalized EBITDA": NaN,
        "Total Unusual Items": 0.0,
        "Total Unusual Items Excluding Goodwill": 0.0,
        "Net Income From Continuing Operation Net Minority Interest": NaN,
        "Reconciled Depreciation": NaN,
        "Reconciled Cost Of Revenue": NaN,
        "EBITDA": NaN,
        "EBIT": NaN,
        "Normalized Income": NaN,
        "Net Income From Continuing And Discontinued Operation": NaN,
        "Total Expenses": NaN,
        "Total Operating Income As Reported": NaN,
        "Diluted Average Shares": NaN,
        "Basic Average Shares": NaN,
        "Diluted EPS": NaN,
        "Basic EPS": NaN,
        "Diluted NI Availto Com Stockholders": NaN,
        "Net Income Common Stockholders": NaN,
        "Net Income": NaN,
        "Net Income Including Noncontrolling Interests": NaN,
        "Net Income Continuous Operations": NaN,
        "Pretax Income": NaN,
        "Other Income Expense": NaN,
        "Other Non Operating Income Expenses": NaN,
        "Special Income Charges": 0.0,
        "Operating Income": NaN,
        "Operating Expense": NaN,
        "Other Operating Expenses": NaN,
        "Research And Development": NaN,
        "Selling General And Administration": NaN,
        "General And Administrative Expense": NaN,
        "Other Gand A": NaN,
        "Salaries And Wages": NaN,
        "Gross Profit": NaN,
        "Cost Of Revenue": NaN,
        "Total Revenue": NaN,
        "Operating Revenue": NaN
    },
    "2022-09-30": {
        "Tax Effect Of Unusual Items": NaN,
        "Tax Rate For Calcs": NaN,
        "Normalized EBITDA": NaN,
        "Total Unusual Items": 0.0,
        "Total Unusual Items Excluding Goodwill": 0.0,
        "Net Income From Continuing Operation Net Minority Interest": NaN,
        "Reconciled Depreciation": NaN,
        "EBITDA": NaN,
        "EBIT": NaN,
        "Normalized Income": NaN,
        "Net Income From Continuing And Discontinued Operation": NaN,
        "Total Expenses": NaN,
        "Total Operating Income As Reported": NaN,
        "Diluted Average Shares": 84822516.0,
        "Basic Average Shares": 84822516.0,
        "Diluted EPS": -0.08,
        "Basic EPS": -0.08,
        "Diluted NI Availto Com Stockholders": NaN,
        "Net Income Common Stockholders": NaN,
        "Net Income": NaN,
        "Net Income Including Noncontrolling Interests": NaN,
        "Net Income Continuous Operations": NaN,
        "Pretax Income": NaN,
        "Other Income Expense": NaN,
        "Other Non Operating Income Expenses": NaN,
        "Special Income Charges": 0.0,
        "Operating Income": NaN,
        "Operating Expense": NaN,
        "Other Operating Expenses": NaN,
        "Research And Development": NaN,
        "Selling General And Administration": NaN,
        "General And Administrative Expense": NaN,
        "Other Gand A": NaN,
        "Salaries And Wages": NaN,
        "Total Revenue": NaN,
        "Operating Revenue": NaN
    },
    "2022-06-30": {
        "Tax Effect Of Unusual Items": 0.0,
        "Tax Rate For Calcs": 0.4,
        "Normalized EBITDA": 389641.0,
        "Total Unusual Items": 0.0,
        "Total Unusual Items Excluding Goodwill": 0.0,
        "Net Income From Continuing Operation Net Minority Interest": 413998.0,
        "Reconciled Depreciation": 5319.0,
        "EBITDA": 389641.0,
        "EBIT": 384322.0,
        "Normalized Income": 413998.0,
        "Net Income From Continuing And Discontinued Operation": 413998.0,
        "Total Expenses": 9615678.0,
        "Total Operating Income As Reported": 384322.0,
        "Diluted Average Shares": 85369424.0,
        "Basic Average Shares": 84682765.0,
        "Diluted EPS": 0.004849,
        "Basic EPS": 0.004889,
        "Diluted NI Availto Com Stockholders": 413998.0,
        "Net Income Common Stockholders": 413998.0,
        "Net Income": 413998.0,
        "Net Income Including Noncontrolling Interests": 413998.0,
        "Net Income Continuous Operations": 413998.0,
        "Pretax Income": 413998.0,
        "Other Income Expense": 29676.0,
        "Other Non Operating Income Expenses": 29676.0,
        "Special Income Charges": 0.0,
        "Operating Income": 384322.0,
        "Operating Expense": 9615678.0,
        "Other Operating Expenses": NaN,
        "Research And Development": 6797784.0,
        "Selling General And Administration": 2817894.0,
        "General And Administrative Expense": 2817894.0,
        "Other Gand A": 2817894.0,
        "Total Revenue": 10000000.0,
        "Operating Revenue": 10000000.0
    },
    "2022-03-31": {
        "Diluted EPS": -0.1,
        "Total Revenue": NaN,
        "Gross Profit": NaN,
        "Operating Income": -8,
        "EBIT": -8,
        "Net Income": -8
    },
    "2021-12-31": {
        "Diluted EPS": -0.11,
        "Total Revenue": NaN,
        "Gross Profit": NaN,
        "Operating Income": -10,
        "EBIT": -10,
        "Net Income": -10
    },
    "2021-09-30": {
        "Diluted EPS": -0.18,
        "Total Revenue": NaN,
        "Gross Profit": NaN,
        "Operating Income": -13,
        "EBIT": -13,
        "Net Income": -13
    },
    "2021-06-30": {
        "Diluted EPS": -0.18,
        "Total Revenue": NaN,
        "Gross Profit": NaN,
        "Operating Income": -9,
        "EBIT": -9,
        "Net Income": -9
    },
    "2021-03-31": {
        "Diluted EPS": -0.16,
        "Total Revenue": NaN,
        "Gross Profit": NaN,
        "Operating Income": -8,
        "EBIT": -8,
        "Net Income": -7
    },
    "2020-12-31": {
        "Diluted EPS": -0.22,
        "Total Revenue": NaN,
        "Gross Profit": NaN,
        "Operating Income": -8,
        "EBIT": -8,
        "Net Income": -8
    },
    "2020-09-30": {
        "Diluted EPS": -0.24,
        "Total Revenue": NaN,
        "Gross Profit": NaN,
        "Operating Income": -8,
        "EBIT": -8,
        "Net Income": -8
    },
    "2020-06-30": {
        "Diluted EPS": -0.27,
        "Total Revenue": NaN,
        "Gross Profit": NaN,
        "Operating Income": -7,
        "EBIT": -7,
        "Net Income": -7
    },
    "2020-03-31": {
        "Diluted EPS": -0.18,
        "Total Revenue": NaN,
        "Gross Profit": NaN,
        "Operating Income": -4,
        "EBIT": -4,
        "Net Income": -4
    },
    "2019-12-31": {
        "Diluted EPS": -0.21,
        "Total Revenue": NaN,
        "Gross Profit": NaN,
        "Operating Income": -4,
        "EBIT": -4,
        "Net Income": -4
    },
    "2019-09-30": {
        "Diluted EPS": -0.2,
        "Total Revenue": NaN,
        "Gross Profit": NaN,
        "Operating Income": -3,
        "EBIT": -3,
        "Net Income": -3
    },
    "2019-06-30": {
        "Diluted EPS": -0.29,
        "Total Revenue": NaN,
        "Gross Profit": NaN,
        "Operating Income": -4,
        "EBIT": -4,
        "Net Income": -5
    },
    "2019-03-31": {
        "Diluted EPS": -0.27,
        "Total Revenue": NaN,
        "Gross Profit": NaN,
        "Operating Income": -3,
        "EBIT": -3,
        "Net Income": -3
    },
    "2018-12-31": {
        "Diluted EPS": -0.14,
        "Total Revenue": NaN,
        "Gross Profit": NaN,
        "Operating Income": -3,
        "EBIT": -3,
        "Net Income": -3
    },
    "2018-09-30": {
        "Diluted EPS": -0.23,
        "Total Revenue": NaN,
        "Gross Profit": NaN,
        "Operating Income": -3,
        "EBIT": -3,
        "Net Income": -3
    },
    "2018-06-30": {
        "Diluted EPS": -0.32,
        "Total Revenue": NaN,
        "Gross Profit": NaN,
        "Operating Income": -4,
        "EBIT": -4,
        "Net Income": -4
    },
    "2018-03-31": {
        "Diluted EPS": -0.88,
        "Total Revenue": NaN,
        "Gross Profit": NaN,
        "Operating Income": -8,
        "EBIT": -2,
        "Net Income": -8
    },
    "2017-12-31": {
        "Diluted EPS": -2.41,
        "Total Revenue": NaN,
        "Gross Profit": NaN,
        "Operating Income": -9,
        "EBIT": -9,
        "Net Income": -9
    },
    "2017-09-30": {
        "Diluted EPS": -0.33,
        "Total Revenue": NaN,
        "Gross Profit": NaN,
        "Operating Income": -1,
        "EBIT": -1,
        "Net Income": -2
    },
    "2017-06-30": {
        "Diluted EPS": -0.55,
        "Total Revenue": NaN,
        "Gross Profit": NaN,
        "Operating Income": 0,
        "EBIT": 0,
        "Net Income": 0
    },
    "2017-03-31": {
        "Diluted EPS": -0.27,
        "Total Revenue": NaN,
        "Gross Profit": NaN,
        "Operating Income": 0,
        "EBIT": 0,
        "Net Income": 0
    },
    "2016-12-31": {
        "Diluted EPS": 8.08,
        "Total Revenue": NaN,
        "Gross Profit": NaN,
        "Operating Income": 23,
        "EBIT": 23,
        "Net Income": 24
    },
    "2016-09-30": {
        "Diluted EPS": -0.02,
        "Total Revenue": NaN,
        "Gross Profit": NaN,
        "Operating Income": 0,
        "EBIT": 0,
        "Net Income": 0
    },
    "2016-06-30": {
        "Diluted EPS": -3.97,
        "Total Revenue": NaN,
        "Gross Profit": NaN,
        "Operating Income": -10,
        "EBIT": -10,
        "Net Income": -11
    },
    "2016-03-31": {
        "Diluted EPS": -4.9,
        "Total Revenue": NaN,
        "Gross Profit": NaN,
        "Operating Income": -13,
        "EBIT": -13,
        "Net Income": -14
    },
    "2015-12-31": {
        "Diluted EPS": -3.9,
        "Total Revenue": NaN,
        "Gross Profit": NaN,
        "Operating Income": -10,
        "EBIT": -10,
        "Net Income": -11
    },
    "2015-09-30": {
        "Diluted EPS": -3.9,
        "Total Revenue": NaN,
        "Gross Profit": NaN,
        "Operating Income": -10,
        "EBIT": -10,
        "Net Income": -11
    },
    "2015-06-30": {
        "Diluted EPS": -3.7,
        "Total Revenue": NaN,
        "Gross Profit": NaN,
        "Operating Income": -9,
        "EBIT": -9,
        "Net Income": -10
    },
    "2015-03-31": {
        "Diluted EPS": -4.1,
        "Total Revenue": NaN,
        "Gross Profit": NaN,
        "Operating Income": -8,
        "EBIT": -7,
        "Net Income": -8
    },
    "2014-12-31": {
        "Diluted EPS": 28.2,
        "Total Revenue": NaN,
        "Gross Profit": NaN,
        "Operating Income": -7,
        "EBIT": -7,
        "Net Income": -7
    },
    "2014-09-30": {
        "Diluted EPS": -2.8,
        "Total Revenue": NaN,
        "Gross Profit": NaN,
        "Operating Income": -5,
        "EBIT": -5,
        "Net Income": -6
    },
    "2014-06-30": {
        "Diluted EPS": -4.4,
        "Total Revenue": 0,
        "Gross Profit": 0,
        "Operating Income": -5,
        "EBIT": -5,
        "Net Income": -7
    },
    "2014-03-31": {
        "Diluted EPS": -37.0,
        "Total Revenue": 0,
        "Gross Profit": 0,
        "Operating Income": -3,
        "EBIT": -3,
        "Net Income": -3
    },
    "2013-12-31": {
        "Diluted EPS": -3.7,
        "Total Revenue": NaN,
        "Gross Profit": NaN,
        "Operating Income": -3,
        "EBIT": -3,
        "Net Income": -7
    },
    "2013-09-30": {
        "Diluted EPS": -44.0,
        "Total Revenue": NaN,
        "Gross Profit": NaN,
        "Operating Income": -3,
        "EBIT": -3,
        "Net Income": -3
    },
    "2013-06-30": {
        "Diluted EPS": -79.6,
        "Total Revenue": NaN,
        "Gross Profit": NaN,
        "Operating Income": -5,
        "EBIT": -5,
        "Net Income": -5
    },
    "2013-03-31": {
        "Diluted EPS": -90.9,
        "Total Revenue": NaN,
        "Gross Profit": NaN,
        "Operating Income": -5,
        "EBIT": -5,
        "Net Income": -6
    },
    "2012-12-31": {
        "Diluted EPS": 0.0,
        "Total Revenue": NaN,
        "Gross Profit": NaN,
        "Operating Income": NaN,
        "EBIT": NaN,
        "Net Income": NaN
    },
    "2023-06-30": {
        "Tax Effect Of Unusual Items": 0.0,
        "Tax Rate For Calcs": 0.0,
        "Normalized EBITDA": -8979741.0,
        "Total Unusual Items": NaN,
        "Total Unusual Items Excluding Goodwill": NaN,
        "Net Income From Continuing Operation Net Minority Interest": -8762232.0,
        "Reconciled Depreciation": 9615.0,
        "Reconciled Cost Of Revenue": 0.0,
        "EBITDA": -8979741.0,
        "EBIT": -8989356.0,
        "Normalized Income": -8762232.0,
        "Net Income From Continuing And Discontinued Operation": -8762232.0,
        "Total Expenses": 8989356.0,
        "Total Operating Income As Reported": -8989356.0,
        "Diluted Average Shares": 600021.0,
        "Basic Average Shares": 600021.0,
        "Diluted EPS": -14.64,
        "Basic EPS": -14.64,
        "Diluted NI Availto Com Stockholders": -8762232.0,
        "Net Income Common Stockholders": -8762232.0,
        "Net Income": -8762232.0,
        "Net Income Including Noncontrolling Interests": -8762232.0,
        "Net Income Continuous Operations": -8762232.0,
        "Pretax Income": -8762232.0,
        "Other Income Expense": 227124.0,
        "Other Non Operating Income Expenses": 227124.0,
        "Special Income Charges": NaN,
        "Operating Income": -8989356.0,
        "Operating Expense": 8989356.0,
        "Other Operating Expenses": NaN,
        "Research And Development": 6043684.0,
        "Selling General And Administration": 2945672.0,
        "General And Administrative Expense": 2945672.0,
        "Other Gand A": 2945672.0,
        "Salaries And Wages": NaN,
        "Gross Profit": 0.0,
        "Cost Of Revenue": 0.0,
        "Total Revenue": 0.0,
        "Operating Revenue": 0.0
    },
    "2023-09-30": {
        "Tax Effect Of Unusual Items": 0.0,
        "Tax Rate For Calcs": 0.0,
        "Normalized EBITDA": -8387155.0,
        "Total Unusual Items": NaN,
        "Total Unusual Items Excluding Goodwill": NaN,
        "Net Income From Continuing Operation Net Minority Interest": -8299096.0,
        "Reconciled Depreciation": 9260.0,
        "Reconciled Cost Of Revenue": NaN,
        "EBITDA": -8387155.0,
        "EBIT": -8396415.0,
        "Normalized Income": -8299096.0,
        "Net Income From Continuing And Discontinued Operation": -8299096.0,
        "Total Expenses": 9396415.0,
        "Total Operating Income As Reported": -8396415.0,
        "Diluted Average Shares": 7587636.0,
        "Basic Average Shares": 7587636.0,
        "Diluted EPS": -1.08,
        "Basic EPS": -1.08,
        "Diluted NI Availto Com Stockholders": -8299096.0,
        "Net Income Common Stockholders": -8299096.0,
        "Net Income": -8299096.0,
        "Net Income Including Noncontrolling Interests": -8299096.0,
        "Net Income Continuous Operations": -8299096.0,
        "Pretax Income": -8299096.0,
        "Other Income Expense": 97319.0,
        "Other Non Operating Income Expenses": 97319.0,
        "Special Income Charges": NaN,
        "Operating Income": -8396415.0,
        "Operating Expense": 9396415.0,
        "Other Operating Expenses": NaN,
        "Research And Development": 6674636.0,
        "Selling General And Administration": 2721779.0,
        "General And Administrative Expense": 2721779.0,
        "Other Gand A": 2721779.0,
        "Salaries And Wages": NaN,
        "Gross Profit": NaN,
        "Cost Of Revenue": NaN,
        "Total Revenue": 1000000.0,
        "Operating Revenue": 1000000.0
    },
    "2023-12-31": {
        "Tax Effect Of Unusual Items": 0.0,
        "Tax Rate For Calcs": 0.0,
        "Normalized EBITDA": -5161480.0,
        "Total Unusual Items": NaN,
        "Total Unusual Items Excluding Goodwill": NaN,
        "Net Income From Continuing Operation Net Minority Interest": -5057562.0,
        "Reconciled Depreciation": 9980.0,
        "Reconciled Cost Of Revenue": NaN,
        "EBITDA": -5161480.0,
        "EBIT": -5171460.0,
        "Normalized Income": -5057562.0,
        "Net Income From Continuing And Discontinued Operation": -5057562.0,
        "Total Expenses": 6979345.0,
        "Total Operating Income As Reported": -5171460.0,
        "Diluted Average Shares": NaN,
        "Basic Average Shares": NaN,
        "Diluted EPS": NaN,
        "Basic EPS": NaN,
        "Diluted NI Availto Com Stockholders": -5057562.0,
        "Net Income Common Stockholders": -5057562.0,
        "Net Income": -5057562.0,
        "Net Income Including Noncontrolling Interests": -5057562.0,
        "Net Income Continuous Operations": -5057562.0,
        "Pretax Income": -5057562.0,
        "Other Income Expense": 113898.0,
        "Other Non Operating Income Expenses": 113898.0,
        "Special Income Charges": NaN,
        "Operating Income": -5171460.0,
        "Operating Expense": 6979345.0,
        "Other Operating Expenses": NaN,
        "Research And Development": 3799531.0,
        "Selling General And Administration": 3079814.0,
        "General And Administrative Expense": 3079814.0,
        "Other Gand A": 3079814.0,
        "Salaries And Wages": NaN,
        "Gross Profit": NaN,
        "Cost Of Revenue": NaN,
        "Total Revenue": 1807885.0,
        "Operating Revenue": 1807885.0
    },
    "2024-03-31": {
        "Tax Effect Of Unusual Items": 0.0,
        "Tax Rate For Calcs": 0.0,
        "Normalized EBITDA": -6011695.0,
        "Total Unusual Items": NaN,
        "Total Unusual Items Excluding Goodwill": NaN,
        "Net Income From Continuing Operation Net Minority Interest": -6755356.0,
        "Reconciled Depreciation": 10778.0,
        "Reconciled Cost Of Revenue": 7674.0,
        "EBITDA": -6011695.0,
        "EBIT": -6022473.0,
        "Normalized Income": -6755356.0,
        "Net Income From Continuing And Discontinued Operation": -6755356.0,
        "Total Expenses": 6031775.0,
        "Total Operating Income As Reported": -6022473.0,
        "Diluted Average Shares": 8376189.0,
        "Basic Average Shares": 8376189.0,
        "Diluted EPS": -0.84,
        "Basic EPS": -0.84,
        "Diluted NI Availto Com Stockholders": -6755356.0,
        "Net Income Common Stockholders": -6755356.0,
        "Net Income": -6755356.0,
        "Net Income Including Noncontrolling Interests": -6755356.0,
        "Net Income Continuous Operations": -6755356.0,
        "Pretax Income": -6755356.0,
        "Other Income Expense": -732883.0,
        "Other Non Operating Income Expenses": -732883.0,
        "Special Income Charges": NaN,
        "Operating Income": -6022473.0,
        "Operating Expense": 6024101.0,
        "Other Operating Expenses": NaN,
        "Research And Development": 3328520.0,
        "Selling General And Administration": 2695581.0,
        "General And Administrative Expense": 2695581.0,
        "Other Gand A": 2695581.0,
        "Salaries And Wages": 7674.0,
        "Gross Profit": 1628.0,
        "Cost Of Revenue": 7674.0,
        "Total Revenue": 9302.0,
        "Operating Revenue": 9302.0
    },
    "2024-06-30": {
        "Tax Effect Of Unusual Items": 0.0,
        "Tax Rate For Calcs": 0.21,
        "Normalized EBITDA": -7344029.0,
        "Total Unusual Items": NaN,
        "Total Unusual Items Excluding Goodwill": NaN,
        "Net Income From Continuing Operation Net Minority Interest": 12910656.0,
        "Reconciled Depreciation": 15437.0,
        "Reconciled Cost Of Revenue": 0.0,
        "EBITDA": -7344029.0,
        "EBIT": -7359466.0,
        "Normalized Income": 12910656.0,
        "Net Income From Continuing And Discontinued Operation": 12910656.0,
        "Total Expenses": 7381904.0,
        "Total Operating Income As Reported": -7359466.0,
        "Diluted Average Shares": 706352.0,
        "Basic Average Shares": 700936.0,
        "Diluted EPS": 18.24,
        "Basic EPS": 18.36,
        "Diluted NI Availto Com Stockholders": 12910656.0,
        "Net Income Common Stockholders": 12910656.0,
        "Net Income": 12910656.0,
        "Net Income Including Noncontrolling Interests": 12910656.0,
        "Net Income Continuous Operations": 12910656.0,
        "Pretax Income": 12910656.0,
        "Other Income Expense": 20270122.0,
        "Other Non Operating Income Expenses": 20270122.0,
        "Special Income Charges": NaN,
        "Operating Income": -7359466.0,
        "Operating Expense": 7381904.0,
        "Other Operating Expenses": NaN,
        "Research And Development": 4908774.0,
        "Selling General And Administration": 2473130.0,
        "General And Administrative Expense": 2473130.0,
        "Other Gand A": 2473130.0,
        "Salaries And Wages": NaN,
        "Gross Profit": 22438.0,
        "Cost Of Revenue": 0.0,
        "Total Revenue": 22438.0,
        "Operating Revenue": 22438.0
    }
}