{
    "2023-03-31": {
        "Tax Effect Of Unusual Items": NaN,
        "Tax Rate For Calcs": NaN,
        "Normalized EBITDA": NaN,
        "Total Unusual Items": NaN,
        "Total Unusual Items Excluding Goodwill": NaN,
        "Net Income From Continuing Operation Net Minority Interest": NaN,
        "Reconciled Depreciation": NaN,
        "Reconciled Cost Of Revenue": NaN,
        "EBITDA": NaN,
        "EBIT": NaN,
        "Net Interest Income": NaN,
        "Interest Expense": 1000000.0,
        "Interest Income": NaN,
        "Normalized Income": NaN,
        "Net Income From Continuing And Discontinued Operation": NaN,
        "Total Expenses": NaN,
        "Total Operating Income As Reported": NaN,
        "Diluted Average Shares": NaN,
        "Basic Average Shares": NaN,
        "Diluted EPS": NaN,
        "Basic EPS": NaN,
        "Diluted NI Availto Com Stockholders": NaN,
        "Net Income Common Stockholders": NaN,
        "Net Income": NaN,
        "Minority Interests": NaN,
        "Net Income Including Noncontrolling Interests": NaN,
        "Net Income Continuous Operations": NaN,
        "Tax Provision": NaN,
        "Pretax Income": NaN,
        "Other Income Expense": NaN,
        "Other Non Operating Income Expenses": NaN,
        "Special Income Charges": NaN,
        "Restructuring And Mergern Acquisition": NaN,
        "Net Non Operating Interest Income Expense": NaN,
        "Interest Expense Non Operating": 1000000.0,
        "Interest Income Non Operating": NaN,
        "Operating Income": NaN,
        "Operating Expense": NaN,
        "Depreciation Amortization Depletion Income Statement": NaN,
        "Depreciation And Amortization In Income Statement": NaN,
        "Research And Development": NaN,
        "Selling General And Administration": NaN,
        "Selling And Marketing Expense": NaN,
        "General And Administrative Expense": NaN,
        "Other Gand A": NaN,
        "Gross Profit": NaN,
        "Cost Of Revenue": NaN,
        "Total Revenue": NaN,
        "Operating Revenue": NaN
    },
    "2022-12-31": {
        "Tax Effect Of Unusual Items": NaN,
        "Tax Rate For Calcs": NaN,
        "Normalized EBITDA": NaN,
        "Total Unusual Items": NaN,
        "Total Unusual Items Excluding Goodwill": NaN,
        "Net Income From Continuing Operation Net Minority Interest": NaN,
        "Reconciled Depreciation": NaN,
        "Reconciled Cost Of Revenue": NaN,
        "EBITDA": NaN,
        "EBIT": NaN,
        "Net Interest Income": NaN,
        "Interest Expense": 1000000.0,
        "Interest Income": NaN,
        "Normalized Income": NaN,
        "Net Income From Continuing And Discontinued Operation": NaN,
        "Total Expenses": NaN,
        "Total Operating Income As Reported": NaN,
        "Diluted Average Shares": NaN,
        "Basic Average Shares": NaN,
        "Diluted EPS": NaN,
        "Basic EPS": NaN,
        "Diluted NI Availto Com Stockholders": NaN,
        "Net Income Common Stockholders": NaN,
        "Net Income": NaN,
        "Minority Interests": NaN,
        "Net Income Including Noncontrolling Interests": NaN,
        "Net Income Continuous Operations": NaN,
        "Tax Provision": NaN,
        "Pretax Income": NaN,
        "Other Income Expense": NaN,
        "Other Non Operating Income Expenses": NaN,
        "Special Income Charges": NaN,
        "Restructuring And Mergern Acquisition": NaN,
        "Net Non Operating Interest Income Expense": NaN,
        "Interest Expense Non Operating": 1000000.0,
        "Interest Income Non Operating": NaN,
        "Operating Income": NaN,
        "Operating Expense": NaN,
        "Depreciation Amortization Depletion Income Statement": NaN,
        "Depreciation And Amortization In Income Statement": NaN,
        "Research And Development": NaN,
        "Selling General And Administration": NaN,
        "Selling And Marketing Expense": NaN,
        "General And Administrative Expense": NaN,
        "Other Gand A": NaN,
        "Gross Profit": NaN,
        "Cost Of Revenue": NaN,
        "Total Revenue": NaN,
        "Operating Revenue": NaN
    },
    "2022-09-30": {
        "Tax Effect Of Unusual Items": NaN,
        "Tax Rate For Calcs": NaN,
        "Normalized EBITDA": NaN,
        "Total Unusual Items": NaN,
        "Total Unusual Items Excluding Goodwill": NaN,
        "Net Income From Continuing Operation Net Minority Interest": NaN,
        "Reconciled Depreciation": NaN,
        "Reconciled Cost Of Revenue": NaN,
        "EBITDA": NaN,
        "EBIT": NaN,
        "Net Interest Income": NaN,
        "Interest Expense": 0.0,
        "Interest Income": NaN,
        "Normalized Income": NaN,
        "Net Income From Continuing And Discontinued Operation": NaN,
        "Total Expenses": NaN,
        "Total Operating Income As Reported": NaN,
        "Diluted Average Shares": NaN,
        "Basic Average Shares": NaN,
        "Diluted EPS": NaN,
        "Basic EPS": NaN,
        "Diluted NI Availto Com Stockholders": NaN,
        "Net Income Common Stockholders": NaN,
        "Net Income": NaN,
        "Minority Interests": NaN,
        "Net Income Including Noncontrolling Interests": NaN,
        "Net Income Continuous Operations": NaN,
        "Tax Provision": NaN,
        "Pretax Income": NaN,
        "Other Income Expense": NaN,
        "Other Non Operating Income Expenses": NaN,
        "Special Income Charges": NaN,
        "Restructuring And Mergern Acquisition": NaN,
        "Net Non Operating Interest Income Expense": NaN,
        "Interest Expense Non Operating": 0.0,
        "Interest Income Non Operating": NaN,
        "Operating Income": NaN,
        "Operating Expense": NaN,
        "Depreciation Amortization Depletion Income Statement": NaN,
        "Depreciation And Amortization In Income Statement": NaN,
        "Research And Development": NaN,
        "Selling General And Administration": NaN,
        "Selling And Marketing Expense": NaN,
        "General And Administrative Expense": NaN,
        "Other Gand A": NaN,
        "Gross Profit": NaN,
        "Cost Of Revenue": NaN,
        "Total Revenue": NaN,
        "Operating Revenue": NaN
    },
    "2022-06-30": {
        "Tax Effect Of Unusual Items": 0.0,
        "Tax Rate For Calcs": 0.033088,
        "Normalized EBITDA": -190000000.0,
        "Total Unusual Items": NaN,
        "Total Unusual Items Excluding Goodwill": NaN,
        "Net Income From Continuing Operation Net Minority Interest": -263000000.0,
        "Reconciled Depreciation": 81000000.0,
        "Reconciled Cost Of Revenue": 880000000.0,
        "EBITDA": -190000000.0,
        "EBIT": -271000000.0,
        "Net Interest Income": 4000000.0,
        "Interest Expense": 1000000.0,
        "Interest Income": 5000000.0,
        "Normalized Income": -263000000.0,
        "Net Income From Continuing And Discontinued Operation": -263000000.0,
        "Total Expenses": 1881000000.0,
        "Total Operating Income As Reported": -273000000.0,
        "Diluted Average Shares": 363961000.0,
        "Basic Average Shares": 363961000.0,
        "Diluted EPS": -0.72,
        "Basic EPS": -0.72,
        "Diluted NI Availto Com Stockholders": -263000000.0,
        "Net Income Common Stockholders": -263000000.0,
        "Net Income": -263000000.0,
        "Minority Interests": NaN,
        "Net Income Including Noncontrolling Interests": -263000000.0,
        "Net Income Continuous Operations": -263000000.0,
        "Tax Provision": -9000000.0,
        "Pretax Income": -272000000.0,
        "Other Income Expense": -3000000.0,
        "Other Non Operating Income Expenses": -3000000.0,
        "Special Income Charges": NaN,
        "Restructuring And Mergern Acquisition": NaN,
        "Net Non Operating Interest Income Expense": 4000000.0,
        "Interest Expense Non Operating": 1000000.0,
        "Interest Income Non Operating": 5000000.0,
        "Operating Income": -273000000.0,
        "Operating Expense": 1001000000.0,
        "Depreciation Amortization Depletion Income Statement": 81000000.0,
        "Depreciation And Amortization In Income Statement": 81000000.0,
        "Research And Development": 205000000.0,
        "Selling General And Administration": 715000000.0,
        "Selling And Marketing Expense": 421000000.0,
        "General And Administrative Expense": 294000000.0,
        "Other Gand A": 294000000.0,
        "Gross Profit": 728000000.0,
        "Cost Of Revenue": 880000000.0,
        "Total Revenue": 1608000000.0,
        "Operating Revenue": 1608000000.0
    },
    "2023-06-30": {
        "Tax Effect Of Unusual Items": NaN,
        "Tax Rate For Calcs": NaN,
        "Normalized EBITDA": NaN,
        "Total Unusual Items": NaN,
        "Total Unusual Items Excluding Goodwill": NaN,
        "Net Income From Continuing Operation Net Minority Interest": NaN,
        "Reconciled Depreciation": NaN,
        "Reconciled Cost Of Revenue": NaN,
        "EBITDA": NaN,
        "EBIT": NaN,
        "Net Interest Income": NaN,
        "Interest Income": 34000000.0,
        "Normalized Income": NaN,
        "Net Income From Continuing And Discontinued Operation": NaN,
        "Total Expenses": NaN,
        "Total Operating Income As Reported": NaN,
        "Diluted Average Shares": NaN,
        "Basic Average Shares": NaN,
        "Diluted EPS": NaN,
        "Basic EPS": NaN,
        "Diluted NI Availto Com Stockholders": NaN,
        "Net Income Common Stockholders": NaN,
        "Net Income": NaN,
        "Minority Interests": NaN,
        "Net Income Including Noncontrolling Interests": NaN,
        "Net Income Continuous Operations": NaN,
        "Tax Provision": NaN,
        "Pretax Income": NaN,
        "Other Income Expense": NaN,
        "Other Non Operating Income Expenses": NaN,
        "Special Income Charges": NaN,
        "Restructuring And Mergern Acquisition": NaN,
        "Net Non Operating Interest Income Expense": NaN,
        "Interest Income Non Operating": 34000000.0,
        "Operating Income": NaN,
        "Operating Expense": NaN,
        "Depreciation Amortization Depletion Income Statement": NaN,
        "Depreciation And Amortization In Income Statement": NaN,
        "Research And Development": NaN,
        "Selling General And Administration": NaN,
        "Selling And Marketing Expense": NaN,
        "General And Administrative Expense": NaN,
        "Other Gand A": NaN,
        "Gross Profit": NaN,
        "Cost Of Revenue": NaN,
        "Total Revenue": NaN,
        "Operating Revenue": NaN
    },
    "2022-03-31": {
        "Diluted EPS": -0.48,
        "Total Revenue": NaN,
        "Gross Profit": 693,
        "Operating Income": -173,
        "EBIT": -114,
        "Net Income": -167
    },
    "2021-12-31": {
        "Diluted EPS": -0.45,
        "Total Revenue": NaN,
        "Gross Profit": 665,
        "Operating Income": -154,
        "EBIT": -105,
        "Net Income": -155
    },
    "2021-09-30": {
        "Diluted EPS": -0.3,
        "Total Revenue": NaN,
        "Gross Profit": 690,
        "Operating Income": -100,
        "EBIT": -59,
        "Net Income": -101
    },
    "2021-06-30": {
        "Diluted EPS": -0.3,
        "Total Revenue": NaN,
        "Gross Profit": 681,
        "Operating Income": -99,
        "EBIT": -62,
        "Net Income": -102
    },
    "2021-03-31": {
        "Diluted EPS": -0.34,
        "Total Revenue": NaN,
        "Gross Profit": 514,
        "Operating Income": -99,
        "EBIT": -70,
        "Net Income": -110
    },
    "2020-12-31": {
        "Diluted EPS": -2.67,
        "Total Revenue": 970,
        "Gross Profit": 501,
        "Operating Income": -305,
        "EBIT": -274,
        "Net Income": -312
    },
    "2020-09-30": {
        "Diluted EPS": -0.96,
        "Total Revenue": 879,
        "Gross Profit": 497,
        "Operating Income": -35,
        "EBIT": -1,
        "Net Income": -43
    },
    "2020-06-30": {
        "Diluted EPS": 0.0,
        "Total Revenue": 675,
        "Gross Profit": 352,
        "Operating Income": 27,
        "EBIT": 58,
        "Net Income": NaN
    },
    "2020-03-31": {
        "Diluted EPS": -2.92,
        "Total Revenue": 362,
        "Gross Profit": 168,
        "Operating Income": -123,
        "EBIT": -99,
        "Net Income": -129
    },
    "2019-12-31": {
        "Diluted EPS": 0.0,
        "Total Revenue": NaN,
        "Gross Profit": NaN,
        "Operating Income": NaN,
        "EBIT": NaN,
        "Net Income": NaN
    },
    "2018-12-31": {
        "Diluted EPS": 0.0,
        "Total Revenue": NaN,
        "Gross Profit": NaN,
        "Operating Income": NaN,
        "EBIT": NaN,
        "Net Income": NaN
    },
    "2023-09-30": {
        "Tax Effect Of Unusual Items": 0.0,
        "Tax Rate For Calcs": 0.21,
        "Normalized EBITDA": 20000000.0,
        "Total Unusual Items": 0.0,
        "Total Unusual Items Excluding Goodwill": 0.0,
        "Net Income From Continuing Operation Net Minority Interest": -73000000.0,
        "Reconciled Depreciation": 128000000.0,
        "Reconciled Cost Of Revenue": 1156000000.0,
        "EBITDA": 20000000.0,
        "EBIT": -108000000.0,
        "Net Interest Income": 40000000.0,
        "Interest Income": 40000000.0,
        "Normalized Income": -73000000.0,
        "Net Income From Continuing And Discontinued Operation": -73000000.0,
        "Total Expenses": 2272000000.0,
        "Total Operating Income As Reported": -108000000.0,
        "Diluted Average Shares": 393217000.0,
        "Basic Average Shares": 393217000.0,
        "Diluted EPS": -0.19,
        "Basic EPS": -0.19,
        "Diluted NI Availto Com Stockholders": -73000000.0,
        "Net Income Common Stockholders": -73000000.0,
        "Net Income": -73000000.0,
        "Minority Interests": 2000000.0,
        "Net Income Including Noncontrolling Interests": -75000000.0,
        "Net Income Continuous Operations": -75000000.0,
        "Tax Provision": 6000000.0,
        "Pretax Income": -69000000.0,
        "Other Income Expense": -1000000.0,
        "Other Non Operating Income Expenses": -1000000.0,
        "Special Income Charges": 0.0,
        "Restructuring And Mergern Acquisition": 0.0,
        "Net Non Operating Interest Income Expense": 40000000.0,
        "Interest Income Non Operating": 40000000.0,
        "Operating Income": -108000000.0,
        "Operating Expense": 1116000000.0,
        "Depreciation Amortization Depletion Income Statement": 128000000.0,
        "Depreciation And Amortization In Income Statement": 128000000.0,
        "Research And Development": 250000000.0,
        "Selling General And Administration": 738000000.0,
        "Selling And Marketing Expense": 449000000.0,
        "General And Administrative Expense": 289000000.0,
        "Other Gand A": 289000000.0,
        "Gross Profit": 1008000000.0,
        "Cost Of Revenue": 1156000000.0,
        "Total Revenue": 2164000000.0,
        "Operating Revenue": 2164000000.0
    },
    "2023-12-31": {
        "Tax Effect Of Unusual Items": 0.0,
        "Tax Rate For Calcs": 0.21,
        "Normalized EBITDA": 41000000.0,
        "Total Unusual Items": 0.0,
        "Total Unusual Items Excluding Goodwill": 0.0,
        "Net Income From Continuing Operation Net Minority Interest": -154000000.0,
        "Reconciled Depreciation": 130000000.0,
        "Reconciled Cost Of Revenue": 1229000000.0,
        "EBITDA": 41000000.0,
        "EBIT": -89000000.0,
        "Net Interest Income": 51000000.0,
        "Interest Income": NaN,
        "Normalized Income": -154000000.0,
        "Net Income From Continuing And Discontinued Operation": -154000000.0,
        "Total Expenses": 2392000000.0,
        "Total Operating Income As Reported": -89000000.0,
        "Diluted Average Shares": 399336000.0,
        "Basic Average Shares": 399336000.0,
        "Diluted EPS": -0.39,
        "Basic EPS": -0.39,
        "Diluted NI Availto Com Stockholders": -154000000.0,
        "Net Income Common Stockholders": -154000000.0,
        "Net Income": -154000000.0,
        "Minority Interests": 2000000.0,
        "Net Income Including Noncontrolling Interests": -156000000.0,
        "Net Income Continuous Operations": -156000000.0,
        "Tax Provision": 17000000.0,
        "Pretax Income": -139000000.0,
        "Other Income Expense": -101000000.0,
        "Other Non Operating Income Expenses": -101000000.0,
        "Special Income Charges": 0.0,
        "Restructuring And Mergern Acquisition": 0.0,
        "Net Non Operating Interest Income Expense": 51000000.0,
        "Interest Income Non Operating": NaN,
        "Operating Income": -89000000.0,
        "Operating Expense": 1163000000.0,
        "Depreciation Amortization Depletion Income Statement": 130000000.0,
        "Depreciation And Amortization In Income Statement": 130000000.0,
        "Research And Development": 253000000.0,
        "Selling General And Administration": 780000000.0,
        "Selling And Marketing Expense": 460000000.0,
        "General And Administrative Expense": 320000000.0,
        "Other Gand A": 320000000.0,
        "Gross Profit": 1074000000.0,
        "Cost Of Revenue": 1229000000.0,
        "Total Revenue": 2303000000.0,
        "Operating Revenue": 2303000000.0
    },
    "2024-03-31": {
        "Tax Effect Of Unusual Items": 0.0,
        "Tax Rate For Calcs": 0.21,
        "Normalized EBITDA": 81000000.0,
        "Total Unusual Items": 0.0,
        "Total Unusual Items Excluding Goodwill": 0.0,
        "Net Income From Continuing Operation Net Minority Interest": -23000000.0,
        "Reconciled Depreciation": 142000000.0,
        "Reconciled Cost Of Revenue": 1330000000.0,
        "EBITDA": 81000000.0,
        "EBIT": -61000000.0,
        "Net Interest Income": 45000000.0,
        "Interest Income": 45000000.0,
        "Normalized Income": -23000000.0,
        "Net Income From Continuing And Discontinued Operation": -23000000.0,
        "Total Expenses": 2574000000.0,
        "Total Operating Income As Reported": -61000000.0,
        "Diluted Average Shares": 405482000.0,
        "Basic Average Shares": 405482000.0,
        "Diluted EPS": -0.06,
        "Basic EPS": -0.06,
        "Diluted NI Availto Com Stockholders": -23000000.0,
        "Net Income Common Stockholders": -23000000.0,
        "Net Income": -23000000.0,
        "Minority Interests": 2000000.0,
        "Net Income Including Noncontrolling Interests": -25000000.0,
        "Net Income Continuous Operations": -25000000.0,
        "Tax Provision": 7000000.0,
        "Pretax Income": -18000000.0,
        "Other Income Expense": -2000000.0,
        "Other Non Operating Income Expenses": -2000000.0,
        "Special Income Charges": 0.0,
        "Restructuring And Mergern Acquisition": 0.0,
        "Net Non Operating Interest Income Expense": 45000000.0,
        "Interest Income Non Operating": 45000000.0,
        "Operating Income": -61000000.0,
        "Operating Expense": 1244000000.0,
        "Depreciation Amortization Depletion Income Statement": 142000000.0,
        "Depreciation And Amortization In Income Statement": 142000000.0,
        "Research And Development": 279000000.0,
        "Selling General And Administration": 823000000.0,
        "Selling And Marketing Expense": 504000000.0,
        "General And Administrative Expense": 319000000.0,
        "Other Gand A": 319000000.0,
        "Gross Profit": 1183000000.0,
        "Cost Of Revenue": 1330000000.0,
        "Total Revenue": 2513000000.0,
        "Operating Revenue": 2513000000.0
    },
    "2024-06-30": {
        "Tax Effect Of Unusual Items": 0.0,
        "Tax Rate For Calcs": 0.21,
        "Normalized EBITDA": -61000000.0,
        "Total Unusual Items": 0.0,
        "Total Unusual Items Excluding Goodwill": 0.0,
        "Net Income From Continuing Operation Net Minority Interest": -157000000.0,
        "Reconciled Depreciation": 140000000.0,
        "Reconciled Cost Of Revenue": 1385000000.0,
        "EBITDA": -61000000.0,
        "EBIT": -201000000.0,
        "Net Interest Income": 49000000.0,
        "Interest Income": 49000000.0,
        "Normalized Income": -157000000.0,
        "Net Income From Continuing And Discontinued Operation": -157000000.0,
        "Total Expenses": 2831000000.0,
        "Total Operating Income As Reported": -201000000.0,
        "Diluted Average Shares": 410482000.0,
        "Basic Average Shares": 410482000.0,
        "Diluted EPS": -0.38,
        "Basic EPS": -0.38,
        "Diluted NI Availto Com Stockholders": -157000000.0,
        "Net Income Common Stockholders": -157000000.0,
        "Net Income": -157000000.0,
        "Minority Interests": 1000000.0,
        "Net Income Including Noncontrolling Interests": -158000000.0,
        "Net Income Continuous Operations": -158000000.0,
        "Tax Provision": 1000000.0,
        "Pretax Income": -157000000.0,
        "Other Income Expense": -5000000.0,
        "Other Non Operating Income Expenses": -5000000.0,
        "Special Income Charges": 0.0,
        "Restructuring And Mergern Acquisition": 0.0,
        "Net Non Operating Interest Income Expense": 49000000.0,
        "Interest Income Non Operating": 49000000.0,
        "Operating Income": -201000000.0,
        "Operating Expense": 1446000000.0,
        "Depreciation Amortization Depletion Income Statement": 140000000.0,
        "Depreciation And Amortization In Income Statement": 140000000.0,
        "Research And Development": 303000000.0,
        "Selling General And Administration": 1003000000.0,
        "Selling And Marketing Expense": 509000000.0,
        "General And Administrative Expense": 494000000.0,
        "Other Gand A": 494000000.0,
        "Gross Profit": 1245000000.0,
        "Cost Of Revenue": 1385000000.0,
        "Total Revenue": 2630000000.0,
        "Operating Revenue": 2630000000.0
    },
    "2024-09-30": {
        "Tax Effect Of Unusual Items": 0.0,
        "Tax Rate For Calcs": 0.21,
        "Normalized EBITDA": 245000000.0,
        "Total Unusual Items": 0.0,
        "Total Unusual Items Excluding Goodwill": 0.0,
        "Net Income From Continuing Operation Net Minority Interest": 162000000.0,
        "Reconciled Depreciation": 138000000.0,
        "Reconciled Cost Of Revenue": 1374000000.0,
        "EBITDA": 245000000.0,
        "EBIT": 107000000.0,
        "Net Interest Income": 54000000.0,
        "Interest Income": 54000000.0,
        "Normalized Income": 162000000.0,
        "Net Income From Continuing And Discontinued Operation": 162000000.0,
        "Total Expenses": 2599000000.0,
        "Total Operating Income As Reported": 107000000.0,
        "Diluted Average Shares": 427962000.0,
        "Basic Average Shares": 413106000.0,
        "Diluted EPS": 0.38,
        "Basic EPS": 0.39,
        "Diluted NI Availto Com Stockholders": 162000000.0,
        "Net Income Common Stockholders": 162000000.0,
        "Net Income": 162000000.0,
        "Minority Interests": 1000000.0,
        "Net Income Including Noncontrolling Interests": 161000000.0,
        "Net Income Continuous Operations": 161000000.0,
        "Tax Provision": -6000000.0,
        "Pretax Income": 155000000.0,
        "Other Income Expense": -6000000.0,
        "Other Non Operating Income Expenses": -6000000.0,
        "Special Income Charges": 0.0,
        "Restructuring And Mergern Acquisition": 0.0,
        "Net Non Operating Interest Income Expense": 54000000.0,
        "Interest Income Non Operating": 54000000.0,
        "Operating Income": 107000000.0,
        "Operating Expense": 1225000000.0,
        "Depreciation Amortization Depletion Income Statement": 138000000.0,
        "Depreciation And Amortization In Income Statement": 138000000.0,
        "Research And Development": 289000000.0,
        "Selling General And Administration": 798000000.0,
        "Selling And Marketing Expense": 483000000.0,
        "General And Administrative Expense": 315000000.0,
        "Other Gand A": 315000000.0,
        "Gross Profit": 1332000000.0,
        "Cost Of Revenue": 1374000000.0,
        "Total Revenue": 2706000000.0,
        "Operating Revenue": 2706000000.0
    }
}