{
    "2023-03-31": {
        "Tax Effect Of Unusual Items": 0.0,
        "Tax Rate For Calcs": 0.0,
        "Normalized EBITDA": -8282000.0,
        "Total Unusual Items": NaN,
        "Total Unusual Items Excluding Goodwill": NaN,
        "Net Income From Continuing Operation Net Minority Interest": -9000000.0,
        "Reconciled Depreciation": 30000.0,
        "Reconciled Cost Of Revenue": 181000.0,
        "EBITDA": -8282000.0,
        "EBIT": -8312000.0,
        "Net Interest Income": -688000.0,
        "Interest Expense": 688000.0,
        "Normalized Income": -9000000.0,
        "Net Income From Continuing And Discontinued Operation": -9000000.0,
        "Total Expenses": 8922000.0,
        "Total Operating Income As Reported": -8325000.0,
        "Diluted Average Shares": 11622384.0,
        "Basic Average Shares": 11622384.0,
        "Diluted EPS": -0.77,
        "Basic EPS": -0.77,
        "Diluted NI Availto Com Stockholders": -9000000.0,
        "Net Income Common Stockholders": -9000000.0,
        "Net Income": -9000000.0,
        "Net Income Including Noncontrolling Interests": -9000000.0,
        "Net Income Continuous Operations": -9000000.0,
        "Pretax Income": -9000000.0,
        "Other Income Expense": 13000.0,
        "Other Non Operating Income Expenses": 13000.0,
        "Gain On Sale Of Security": NaN,
        "Net Non Operating Interest Income Expense": -688000.0,
        "Interest Expense Non Operating": 688000.0,
        "Operating Income": -8325000.0,
        "Operating Expense": 8741000.0,
        "Research And Development": 4576000.0,
        "Selling General And Administration": 4165000.0,
        "Gross Profit": 416000.0,
        "Cost Of Revenue": 181000.0,
        "Total Revenue": 597000.0,
        "Operating Revenue": 597000.0
    },
    "2022-12-31": {
        "Tax Effect Of Unusual Items": 0.0,
        "Tax Rate For Calcs": 0.0,
        "Normalized EBITDA": -9464000.0,
        "Total Unusual Items": NaN,
        "Total Unusual Items Excluding Goodwill": NaN,
        "Net Income From Continuing Operation Net Minority Interest": -10143000.0,
        "Reconciled Depreciation": 34000.0,
        "Reconciled Cost Of Revenue": 237000.0,
        "EBITDA": -9464000.0,
        "EBIT": -9498000.0,
        "Net Interest Income": -645000.0,
        "Interest Expense": 645000.0,
        "Normalized Income": -10143000.0,
        "Net Income From Continuing And Discontinued Operation": -10143000.0,
        "Total Expenses": 10165000.0,
        "Total Operating Income As Reported": -9526000.0,
        "Diluted Average Shares": NaN,
        "Basic Average Shares": NaN,
        "Diluted EPS": NaN,
        "Basic EPS": NaN,
        "Diluted NI Availto Com Stockholders": -10143000.0,
        "Net Income Common Stockholders": -10143000.0,
        "Net Income": -10143000.0,
        "Net Income Including Noncontrolling Interests": -10143000.0,
        "Net Income Continuous Operations": -10143000.0,
        "Pretax Income": -10143000.0,
        "Other Income Expense": 28000.0,
        "Other Non Operating Income Expenses": 28000.0,
        "Gain On Sale Of Security": NaN,
        "Net Non Operating Interest Income Expense": -645000.0,
        "Interest Expense Non Operating": 645000.0,
        "Operating Income": -9526000.0,
        "Operating Expense": 9928000.0,
        "Research And Development": 4934000.0,
        "Selling General And Administration": 4994000.0,
        "Gross Profit": 402000.0,
        "Cost Of Revenue": 237000.0,
        "Total Revenue": 639000.0,
        "Operating Revenue": 639000.0
    },
    "2022-09-30": {
        "Tax Effect Of Unusual Items": 0.0,
        "Tax Rate For Calcs": 0.0,
        "Normalized EBITDA": -7708000.0,
        "Total Unusual Items": NaN,
        "Total Unusual Items Excluding Goodwill": NaN,
        "Net Income From Continuing Operation Net Minority Interest": -8505000.0,
        "Reconciled Depreciation": 67000.0,
        "Reconciled Cost Of Revenue": 235000.0,
        "EBITDA": -7708000.0,
        "EBIT": -7775000.0,
        "Net Interest Income": -730000.0,
        "Interest Expense": 730000.0,
        "Normalized Income": -8505000.0,
        "Net Income From Continuing And Discontinued Operation": -8505000.0,
        "Total Expenses": 8707000.0,
        "Total Operating Income As Reported": -7801000.0,
        "Diluted Average Shares": 9215786.0,
        "Basic Average Shares": 9215786.0,
        "Diluted EPS": -0.96,
        "Basic EPS": -0.96,
        "Diluted NI Availto Com Stockholders": -8505000.0,
        "Net Income Common Stockholders": -8505000.0,
        "Net Income": -8505000.0,
        "Net Income Including Noncontrolling Interests": -8505000.0,
        "Net Income Continuous Operations": -8505000.0,
        "Pretax Income": -8505000.0,
        "Other Income Expense": 26000.0,
        "Other Non Operating Income Expenses": 26000.0,
        "Gain On Sale Of Security": NaN,
        "Net Non Operating Interest Income Expense": -730000.0,
        "Interest Expense Non Operating": 730000.0,
        "Operating Income": -7801000.0,
        "Operating Expense": 8472000.0,
        "Research And Development": 3953000.0,
        "Selling General And Administration": 4519000.0,
        "Gross Profit": 671000.0,
        "Cost Of Revenue": 235000.0,
        "Total Revenue": 906000.0,
        "Operating Revenue": 906000.0
    },
    "2022-06-30": {
        "Tax Effect Of Unusual Items": 0.0,
        "Tax Rate For Calcs": 0.0,
        "Normalized EBITDA": -8992000.0,
        "Total Unusual Items": NaN,
        "Total Unusual Items Excluding Goodwill": NaN,
        "Net Income From Continuing Operation Net Minority Interest": -9657000.0,
        "Reconciled Depreciation": 0.0,
        "Reconciled Cost Of Revenue": 180000.0,
        "EBITDA": -8992000.0,
        "EBIT": -8992000.0,
        "Net Interest Income": -665000.0,
        "Interest Expense": 665000.0,
        "Normalized Income": -9657000.0,
        "Net Income From Continuing And Discontinued Operation": -9657000.0,
        "Total Expenses": 9781000.0,
        "Total Operating Income As Reported": -8984000.0,
        "Diluted Average Shares": 8190483.0,
        "Basic Average Shares": 8190483.0,
        "Diluted EPS": -1.24,
        "Basic EPS": -1.24,
        "Diluted NI Availto Com Stockholders": -9657000.0,
        "Net Income Common Stockholders": -9657000.0,
        "Net Income": -9657000.0,
        "Net Income Including Noncontrolling Interests": -9657000.0,
        "Net Income Continuous Operations": -9657000.0,
        "Pretax Income": -9657000.0,
        "Other Income Expense": -8000.0,
        "Other Non Operating Income Expenses": -8000.0,
        "Gain On Sale Of Security": NaN,
        "Net Non Operating Interest Income Expense": -665000.0,
        "Interest Expense Non Operating": 665000.0,
        "Operating Income": -8984000.0,
        "Operating Expense": 9601000.0,
        "Research And Development": 5456000.0,
        "Selling General And Administration": 4145000.0,
        "Gross Profit": 617000.0,
        "Cost Of Revenue": 180000.0,
        "Total Revenue": 797000.0,
        "Operating Revenue": 797000.0
    },
    "2022-03-31": {
        "Diluted EPS": -1.1,
        "Total Revenue": 0,
        "Gross Profit": 0,
        "Operating Income": -8,
        "EBIT": -8,
        "Net Income": -9
    },
    "2021-12-31": {
        "Diluted EPS": -0.65,
        "Total Revenue": 2,
        "Gross Profit": 2,
        "Operating Income": -5,
        "EBIT": -4,
        "Net Income": -5
    },
    "2021-09-30": {
        "Diluted EPS": -0.94,
        "Total Revenue": 1,
        "Gross Profit": 0,
        "Operating Income": -7,
        "EBIT": -7,
        "Net Income": -7
    },
    "2021-06-30": {
        "Diluted EPS": -0.96,
        "Total Revenue": 1,
        "Gross Profit": 0,
        "Operating Income": -6,
        "EBIT": -6,
        "Net Income": -6
    },
    "2021-03-31": {
        "Diluted EPS": -1.04,
        "Total Revenue": 0,
        "Gross Profit": 0,
        "Operating Income": -7,
        "EBIT": -7,
        "Net Income": -7
    },
    "2020-12-31": {
        "Diluted EPS": 102.78,
        "Total Revenue": 1,
        "Gross Profit": 0,
        "Operating Income": -7,
        "EBIT": -7,
        "Net Income": -7
    },
    "2020-09-30": {
        "Diluted EPS": -1.16,
        "Total Revenue": 0,
        "Gross Profit": 0,
        "Operating Income": -5,
        "EBIT": -5,
        "Net Income": -5
    },
    "2020-06-30": {
        "Diluted EPS": -1.9,
        "Total Revenue": 0,
        "Gross Profit": 0,
        "Operating Income": -4,
        "EBIT": -4,
        "Net Income": -4
    },
    "2020-03-31": {
        "Diluted EPS": -108.07,
        "Total Revenue": 0,
        "Gross Profit": 0,
        "Operating Income": -5,
        "EBIT": -5,
        "Net Income": -8
    },
    "2019-12-31": {
        "Diluted EPS": -135.4,
        "Total Revenue": 1,
        "Gross Profit": 0,
        "Operating Income": -5,
        "EBIT": -6,
        "Net Income": 12
    },
    "2019-09-30": {
        "Diluted EPS": -73.82,
        "Total Revenue": 0,
        "Gross Profit": 0,
        "Operating Income": -6,
        "EBIT": -4,
        "Net Income": -8
    },
    "2019-06-30": {
        "Diluted EPS": -58.5,
        "Total Revenue": 0,
        "Gross Profit": 0,
        "Operating Income": -4,
        "EBIT": -2,
        "Net Income": -6
    },
    "2019-03-31": {
        "Diluted EPS": -75.11,
        "Total Revenue": 0,
        "Gross Profit": 0,
        "Operating Income": -6,
        "EBIT": -3,
        "Net Income": -8
    },
    "2018-12-31": {
        "Diluted EPS": NaN,
        "Total Revenue": 1,
        "Gross Profit": 1,
        "Operating Income": -8,
        "EBIT": -8,
        "Net Income": -11
    },
    "2018-09-30": {
        "Diluted EPS": -178.57,
        "Total Revenue": 1,
        "Gross Profit": 1,
        "Operating Income": -6,
        "EBIT": -3,
        "Net Income": -9
    },
    "2018-06-30": {
        "Diluted EPS": NaN,
        "Total Revenue": 1,
        "Gross Profit": 1,
        "Operating Income": -6,
        "EBIT": -6,
        "Net Income": -7
    },
    "2018-03-31": {
        "Diluted EPS": NaN,
        "Total Revenue": 1,
        "Gross Profit": 1,
        "Operating Income": -8,
        "EBIT": -7,
        "Net Income": 7
    },
    "2017-12-31": {
        "Diluted EPS": NaN,
        "Total Revenue": 1,
        "Gross Profit": 1,
        "Operating Income": -5,
        "EBIT": -3,
        "Net Income": -20
    },
    "2017-09-30": {
        "Diluted EPS": NaN,
        "Total Revenue": 1,
        "Gross Profit": 1,
        "Operating Income": -5,
        "EBIT": 0,
        "Net Income": -13
    },
    "2017-06-30": {
        "Diluted EPS": NaN,
        "Total Revenue": 1,
        "Gross Profit": 0,
        "Operating Income": -5,
        "EBIT": 2,
        "Net Income": -2
    },
    "2017-03-31": {
        "Diluted EPS": NaN,
        "Total Revenue": 1,
        "Gross Profit": 1,
        "Operating Income": -4,
        "EBIT": 4,
        "Net Income": -11
    },
    "2016-12-31": {
        "Diluted EPS": NaN,
        "Total Revenue": 1,
        "Gross Profit": 0,
        "Operating Income": -4,
        "EBIT": 3,
        "Net Income": -8
    },
    "2016-09-30": {
        "Diluted EPS": -230.99,
        "Total Revenue": 0,
        "Gross Profit": 0,
        "Operating Income": -5,
        "EBIT": 0,
        "Net Income": -1
    },
    "2016-06-30": {
        "Diluted EPS": -4.41,
        "Total Revenue": 1,
        "Gross Profit": 0,
        "Operating Income": -4,
        "EBIT": -2,
        "Net Income": -7
    },
    "2016-03-31": {
        "Diluted EPS": -1.25,
        "Total Revenue": 0,
        "Gross Profit": 0,
        "Operating Income": -3,
        "EBIT": -3,
        "Net Income": -2
    },
    "2015-12-31": {
        "Diluted EPS": NaN,
        "Total Revenue": 0,
        "Gross Profit": 0,
        "Operating Income": -4,
        "EBIT": -4,
        "Net Income": -5
    },
    "2015-09-30": {
        "Diluted EPS": -1.96,
        "Total Revenue": 0,
        "Gross Profit": 0,
        "Operating Income": -4,
        "EBIT": -4,
        "Net Income": -2
    },
    "2015-06-30": {
        "Diluted EPS": -4.84,
        "Total Revenue": 0,
        "Gross Profit": 0,
        "Operating Income": -4,
        "EBIT": -3,
        "Net Income": -4
    },
    "2015-03-31": {
        "Diluted EPS": -0.32,
        "Total Revenue": 0,
        "Gross Profit": 0,
        "Operating Income": -4,
        "EBIT": -4,
        "Net Income": -3
    },
    "2014-12-31": {
        "Diluted EPS": -0.27,
        "Total Revenue": 0,
        "Gross Profit": 0,
        "Operating Income": -3,
        "EBIT": -3,
        "Net Income": -3
    },
    "2014-09-30": {
        "Diluted EPS": -0.48,
        "Total Revenue": 0,
        "Gross Profit": 0,
        "Operating Income": -5,
        "EBIT": -5,
        "Net Income": -5
    },
    "2014-06-30": {
        "Diluted EPS": -0.52,
        "Total Revenue": 0,
        "Gross Profit": 0,
        "Operating Income": -6,
        "EBIT": -6,
        "Net Income": -5
    },
    "2014-03-31": {
        "Diluted EPS": -0.57,
        "Total Revenue": 0,
        "Gross Profit": 0,
        "Operating Income": -5,
        "EBIT": -5,
        "Net Income": -5
    },
    "2013-12-31": {
        "Diluted EPS": -0.64,
        "Total Revenue": 0,
        "Gross Profit": 0,
        "Operating Income": -6,
        "EBIT": -5,
        "Net Income": -5
    },
    "2013-09-30": {
        "Diluted EPS": -1.15,
        "Total Revenue": 0,
        "Gross Profit": 0,
        "Operating Income": -7,
        "EBIT": -6,
        "Net Income": -7
    },
    "2013-06-30": {
        "Diluted EPS": -0.91,
        "Total Revenue": NaN,
        "Gross Profit": 0,
        "Operating Income": -11,
        "EBIT": -10,
        "Net Income": -5
    },
    "2013-03-31": {
        "Diluted EPS": -2.4,
        "Total Revenue": 0,
        "Gross Profit": 0,
        "Operating Income": -10,
        "EBIT": -10,
        "Net Income": -13
    },
    "2012-12-31": {
        "Diluted EPS": -12.79,
        "Total Revenue": 0,
        "Gross Profit": 0,
        "Operating Income": -12,
        "EBIT": -12,
        "Net Income": -11
    },
    "2012-09-30": {
        "Diluted EPS": -0.18,
        "Total Revenue": 0,
        "Gross Profit": 0,
        "Operating Income": -12,
        "EBIT": -12,
        "Net Income": -12
    },
    "2012-06-30": {
        "Diluted EPS": -0.26,
        "Total Revenue": 0,
        "Gross Profit": 0,
        "Operating Income": -15,
        "EBIT": -15,
        "Net Income": -15
    },
    "2012-03-31": {
        "Diluted EPS": -0.31,
        "Total Revenue": NaN,
        "Gross Profit": NaN,
        "Operating Income": -15,
        "EBIT": -14,
        "Net Income": -15
    },
    "2011-12-31": {
        "Diluted EPS": -0.33,
        "Total Revenue": NaN,
        "Gross Profit": NaN,
        "Operating Income": -16,
        "EBIT": -16,
        "Net Income": -15
    },
    "2011-09-30": {
        "Diluted EPS": -0.18,
        "Total Revenue": NaN,
        "Gross Profit": NaN,
        "Operating Income": -12,
        "EBIT": -12,
        "Net Income": -8
    },
    "2011-06-30": {
        "Diluted EPS": -0.13,
        "Total Revenue": NaN,
        "Gross Profit": NaN,
        "Operating Income": -10,
        "EBIT": -10,
        "Net Income": -5
    },
    "2011-03-31": {
        "Diluted EPS": -0.04,
        "Total Revenue": NaN,
        "Gross Profit": NaN,
        "Operating Income": -8,
        "EBIT": -8,
        "Net Income": -2
    },
    "2010-12-31": {
        "Diluted EPS": -0.36,
        "Total Revenue": NaN,
        "Gross Profit": NaN,
        "Operating Income": -10,
        "EBIT": -9,
        "Net Income": -15
    },
    "2010-09-30": {
        "Diluted EPS": -0.24,
        "Total Revenue": NaN,
        "Gross Profit": NaN,
        "Operating Income": -7,
        "EBIT": -7,
        "Net Income": -10
    },
    "2010-06-30": {
        "Diluted EPS": -0.21,
        "Total Revenue": NaN,
        "Gross Profit": NaN,
        "Operating Income": -8,
        "EBIT": -8,
        "Net Income": -8
    },
    "2010-03-31": {
        "Diluted EPS": -0.39,
        "Total Revenue": NaN,
        "Gross Profit": NaN,
        "Operating Income": -5,
        "EBIT": -5,
        "Net Income": -14
    },
    "2009-12-31": {
        "Diluted EPS": -0.18,
        "Total Revenue": NaN,
        "Gross Profit": NaN,
        "Operating Income": -5,
        "EBIT": -5,
        "Net Income": -6
    },
    "2009-09-30": {
        "Diluted EPS": -0.29,
        "Total Revenue": NaN,
        "Gross Profit": NaN,
        "Operating Income": -4,
        "EBIT": -4,
        "Net Income": -8
    },
    "2009-06-30": {
        "Diluted EPS": -0.25,
        "Total Revenue": NaN,
        "Gross Profit": NaN,
        "Operating Income": -2,
        "EBIT": -2,
        "Net Income": -6
    },
    "2009-03-31": {
        "Diluted EPS": -0.1,
        "Total Revenue": NaN,
        "Gross Profit": NaN,
        "Operating Income": -2,
        "EBIT": -2,
        "Net Income": -2
    },
    "2023-06-30": {
        "Tax Effect Of Unusual Items": 0.0,
        "Tax Rate For Calcs": 0.0,
        "Normalized EBITDA": -7962000.0,
        "Total Unusual Items": 1160000.0,
        "Total Unusual Items Excluding Goodwill": 1160000.0,
        "Net Income From Continuing Operation Net Minority Interest": -7202000.0,
        "Reconciled Depreciation": 29000.0,
        "Reconciled Cost Of Revenue": 150000.0,
        "EBITDA": -6802000.0,
        "EBIT": -6831000.0,
        "Net Interest Income": -371000.0,
        "Interest Expense": 371000.0,
        "Normalized Income": -8362000.0,
        "Net Income From Continuing And Discontinued Operation": -7202000.0,
        "Total Expenses": 8492000.0,
        "Total Operating Income As Reported": -7997000.0,
        "Diluted Average Shares": 12463665.0,
        "Basic Average Shares": 12463665.0,
        "Diluted EPS": -0.58,
        "Basic EPS": -0.58,
        "Diluted NI Availto Com Stockholders": -7202000.0,
        "Net Income Common Stockholders": -7202000.0,
        "Net Income": -7202000.0,
        "Net Income Including Noncontrolling Interests": -7202000.0,
        "Net Income Continuous Operations": -7202000.0,
        "Pretax Income": -7202000.0,
        "Other Income Expense": 1166000.0,
        "Other Non Operating Income Expenses": 6000.0,
        "Gain On Sale Of Security": 1160000.0,
        "Net Non Operating Interest Income Expense": -371000.0,
        "Interest Expense Non Operating": 371000.0,
        "Operating Income": -7997000.0,
        "Operating Expense": 8342000.0,
        "Research And Development": 3555000.0,
        "Selling General And Administration": 4787000.0,
        "Gross Profit": 345000.0,
        "Cost Of Revenue": 150000.0,
        "Total Revenue": 495000.0,
        "Operating Revenue": 495000.0
    },
    "2023-09-30": {
        "Tax Effect Of Unusual Items": 0.0,
        "Tax Rate For Calcs": 0.0,
        "Normalized EBITDA": -10533000.0,
        "Total Unusual Items": -9384000.0,
        "Total Unusual Items Excluding Goodwill": -9384000.0,
        "Net Income From Continuing Operation Net Minority Interest": -20340000.0,
        "Reconciled Depreciation": 28000.0,
        "Reconciled Cost Of Revenue": 133000.0,
        "EBITDA": -19917000.0,
        "EBIT": -19945000.0,
        "Net Interest Income": -395000.0,
        "Interest Expense": 395000.0,
        "Normalized Income": -10956000.0,
        "Net Income From Continuing And Discontinued Operation": -20340000.0,
        "Total Expenses": 10990000.0,
        "Total Operating Income As Reported": -10556000.0,
        "Diluted Average Shares": 17863078.0,
        "Basic Average Shares": 17863078.0,
        "Diluted EPS": -1.14,
        "Basic EPS": -1.14,
        "Diluted NI Availto Com Stockholders": -20340000.0,
        "Net Income Common Stockholders": -20340000.0,
        "Net Income": -20340000.0,
        "Net Income Including Noncontrolling Interests": -20340000.0,
        "Net Income Continuous Operations": -20340000.0,
        "Pretax Income": -20340000.0,
        "Other Income Expense": -9389000.0,
        "Other Non Operating Income Expenses": -5000.0,
        "Gain On Sale Of Security": -9384000.0,
        "Net Non Operating Interest Income Expense": -395000.0,
        "Interest Expense Non Operating": 395000.0,
        "Operating Income": -10556000.0,
        "Operating Expense": 10857000.0,
        "Research And Development": 4662000.0,
        "Selling General And Administration": 6195000.0,
        "Gross Profit": 301000.0,
        "Cost Of Revenue": 133000.0,
        "Total Revenue": 434000.0,
        "Operating Revenue": 434000.0
    },
    "2023-12-31": {
        "Tax Effect Of Unusual Items": 0.0,
        "Tax Rate For Calcs": 0.0,
        "Normalized EBITDA": -11336000.0,
        "Total Unusual Items": 226000.0,
        "Total Unusual Items Excluding Goodwill": 226000.0,
        "Net Income From Continuing Operation Net Minority Interest": -11136000.0,
        "Reconciled Depreciation": 41000.0,
        "Reconciled Cost Of Revenue": 171000.0,
        "EBITDA": -11110000.0,
        "EBIT": -11151000.0,
        "Net Interest Income": 15000.0,
        "Interest Expense": -15000.0,
        "Normalized Income": -11362000.0,
        "Net Income From Continuing And Discontinued Operation": -11136000.0,
        "Total Expenses": 11843000.0,
        "Total Operating Income As Reported": -11304000.0,
        "Diluted Average Shares": NaN,
        "Basic Average Shares": NaN,
        "Diluted EPS": NaN,
        "Basic EPS": NaN,
        "Diluted NI Availto Com Stockholders": -11136000.0,
        "Net Income Common Stockholders": -11136000.0,
        "Net Income": -11136000.0,
        "Net Income Including Noncontrolling Interests": -11136000.0,
        "Net Income Continuous Operations": -11136000.0,
        "Pretax Income": -11136000.0,
        "Other Income Expense": 153000.0,
        "Other Non Operating Income Expenses": -73000.0,
        "Gain On Sale Of Security": 226000.0,
        "Net Non Operating Interest Income Expense": 15000.0,
        "Interest Expense Non Operating": -15000.0,
        "Operating Income": -11304000.0,
        "Operating Expense": 11672000.0,
        "Research And Development": 4709000.0,
        "Selling General And Administration": 6963000.0,
        "Gross Profit": 368000.0,
        "Cost Of Revenue": 171000.0,
        "Total Revenue": 539000.0,
        "Operating Revenue": 539000.0
    },
    "2024-03-31": {
        "Tax Effect Of Unusual Items": 0.0,
        "Tax Rate For Calcs": 0.0,
        "Normalized EBITDA": -10271000.0,
        "Total Unusual Items": -612000.0,
        "Total Unusual Items Excluding Goodwill": -612000.0,
        "Net Income From Continuing Operation Net Minority Interest": -11111000.0,
        "Reconciled Depreciation": 29000.0,
        "Reconciled Cost Of Revenue": 903000.0,
        "EBITDA": -10883000.0,
        "EBIT": -10912000.0,
        "Net Interest Income": -199000.0,
        "Interest Expense": 199000.0,
        "Normalized Income": -10499000.0,
        "Net Income From Continuing And Discontinued Operation": -11111000.0,
        "Total Expenses": 13417000.0,
        "Total Operating Income As Reported": -10278000.0,
        "Diluted Average Shares": 24887180.0,
        "Basic Average Shares": 24887180.0,
        "Diluted EPS": -0.45,
        "Basic EPS": -0.45,
        "Diluted NI Availto Com Stockholders": -11111000.0,
        "Net Income Common Stockholders": -11111000.0,
        "Net Income": -11111000.0,
        "Net Income Including Noncontrolling Interests": -11111000.0,
        "Net Income Continuous Operations": -11111000.0,
        "Pretax Income": -11111000.0,
        "Other Income Expense": -634000.0,
        "Other Non Operating Income Expenses": -22000.0,
        "Gain On Sale Of Security": -612000.0,
        "Net Non Operating Interest Income Expense": -199000.0,
        "Interest Expense Non Operating": 199000.0,
        "Operating Income": -10278000.0,
        "Operating Expense": 12514000.0,
        "Research And Development": 3700000.0,
        "Selling General And Administration": 8814000.0,
        "Gross Profit": 2236000.0,
        "Cost Of Revenue": 903000.0,
        "Total Revenue": 3139000.0,
        "Operating Revenue": 3139000.0
    }
}