{
    "2023-03-31": {
        "Tax Effect Of Unusual Items": NaN,
        "Tax Rate For Calcs": NaN,
        "Normalized EBITDA": NaN,
        "Total Unusual Items": NaN,
        "Total Unusual Items Excluding Goodwill": NaN,
        "Net Income From Continuing Operation Net Minority Interest": NaN,
        "Reconciled Depreciation": NaN,
        "Reconciled Cost Of Revenue": NaN,
        "EBITDA": NaN,
        "EBIT": NaN,
        "Net Interest Income": NaN,
        "Interest Expense": NaN,
        "Interest Income": NaN,
        "Normalized Income": NaN,
        "Net Income From Continuing And Discontinued Operation": NaN,
        "Total Expenses": NaN,
        "Diluted Average Shares": NaN,
        "Basic Average Shares": NaN,
        "Diluted EPS": NaN,
        "Basic EPS": NaN,
        "Diluted NI Availto Com Stockholders": NaN,
        "Net Income Common Stockholders": NaN,
        "Net Income": NaN,
        "Minority Interests": NaN,
        "Net Income Including Noncontrolling Interests": NaN,
        "Net Income Discontinuous Operations": NaN,
        "Net Income Continuous Operations": NaN,
        "Tax Provision": NaN,
        "Pretax Income": NaN,
        "Other Income Expense": NaN,
        "Other Non Operating Income Expenses": NaN,
        "Special Income Charges": NaN,
        "Gain On Sale Of Business": NaN,
        "Other Special Charges": NaN,
        "Write Off": 14000000.0,
        "Restructuring And Mergern Acquisition": NaN,
        "Earnings From Equity Interest": NaN,
        "Gain On Sale Of Security": NaN,
        "Net Non Operating Interest Income Expense": NaN,
        "Interest Expense Non Operating": NaN,
        "Interest Income Non Operating": NaN,
        "Operating Income": NaN,
        "Operating Expense": NaN,
        "Depreciation Amortization Depletion Income Statement": NaN,
        "Depreciation And Amortization In Income Statement": NaN,
        "Amortization": NaN,
        "Amortization Of Intangibles Income Statement": NaN,
        "Research And Development": NaN,
        "Selling General And Administration": NaN,
        "General And Administrative Expense": 342000000.0,
        "Other Gand A": 340000000.0,
        "Salaries And Wages": 2000000.0,
        "Gross Profit": NaN,
        "Cost Of Revenue": NaN,
        "Total Revenue": NaN,
        "Operating Revenue": NaN
    },
    "2022-12-31": {
        "Tax Effect Of Unusual Items": -44100000.0,
        "Tax Rate For Calcs": 0.21,
        "Normalized EBITDA": 799000000.0,
        "Total Unusual Items": -210000000.0,
        "Total Unusual Items Excluding Goodwill": -210000000.0,
        "Net Income From Continuing Operation Net Minority Interest": 93000000.0,
        "Reconciled Depreciation": 274000000.0,
        "Reconciled Cost Of Revenue": 1917000000.0,
        "EBITDA": 589000000.0,
        "EBIT": 315000000.0,
        "Net Interest Income": -80000000.0,
        "Interest Expense": 122000000.0,
        "Interest Income": 42000000.0,
        "Normalized Income": 258900000.0,
        "Net Income From Continuing And Discontinued Operation": 4226000000.0,
        "Total Expenses": 2651000000.0,
        "Diluted Average Shares": 478400000.0,
        "Basic Average Shares": 477300000.0,
        "Diluted EPS": 8.69,
        "Basic EPS": 8.71,
        "Diluted NI Availto Com Stockholders": 4226000000.0,
        "Net Income Common Stockholders": 4226000000.0,
        "Net Income": 4226000000.0,
        "Minority Interests": -12000000.0,
        "Net Income Including Noncontrolling Interests": 4238000000.0,
        "Net Income Discontinuous Operations": 4133000000.0,
        "Net Income Continuous Operations": 105000000.0,
        "Tax Provision": 88000000.0,
        "Pretax Income": 193000000.0,
        "Other Income Expense": -180000000.0,
        "Other Non Operating Income Expenses": 17000000.0,
        "Special Income Charges": -216000000.0,
        "Gain On Sale Of Business": 3000000.0,
        "Restructuring And Mergern Acquisition": 313000000.0,
        "Earnings From Equity Interest": 13000000.0,
        "Gain On Sale Of Security": 6000000.0,
        "Net Non Operating Interest Income Expense": -80000000.0,
        "Interest Expense Non Operating": 122000000.0,
        "Interest Income Non Operating": 42000000.0,
        "Operating Income": 453000000.0,
        "Operating Expense": 603000000.0,
        "Depreciation Amortization Depletion Income Statement": 143000000.0,
        "Depreciation And Amortization In Income Statement": 143000000.0,
        "Amortization": 143000000.0,
        "Amortization Of Intangibles Income Statement": 143000000.0,
        "Research And Development": 123000000.0,
        "Selling General And Administration": 337000000.0,
        "Gross Profit": 1056000000.0,
        "Cost Of Revenue": 2048000000.0,
        "Total Revenue": 3104000000.0,
        "Operating Revenue": 3104000000.0
    },
    "2022-09-30": {
        "Tax Effect Of Unusual Items": 1116000.0,
        "Tax Rate For Calcs": 0.279,
        "Normalized EBITDA": 905000000.0,
        "Total Unusual Items": 4000000.0,
        "Total Unusual Items Excluding Goodwill": 4000000.0,
        "Net Income From Continuing Operation Net Minority Interest": 350000000.0,
        "Reconciled Depreciation": 283000000.0,
        "Reconciled Cost Of Revenue": 1958000000.0,
        "EBITDA": 909000000.0,
        "EBIT": 626000000.0,
        "Net Interest Income": -123000000.0,
        "Interest Expense": 128000000.0,
        "Interest Income": 5000000.0,
        "Normalized Income": 347116000.0,
        "Net Income From Continuing And Discontinued Operation": 367000000.0,
        "Total Expenses": 2726000000.0,
        "Diluted Average Shares": 500400000.0,
        "Basic Average Shares": 499400000.0,
        "Diluted EPS": 0.73,
        "Basic EPS": 0.73,
        "Diluted NI Availto Com Stockholders": 367000000.0,
        "Net Income Common Stockholders": 367000000.0,
        "Net Income": 367000000.0,
        "Minority Interests": -9000000.0,
        "Net Income Including Noncontrolling Interests": 376000000.0,
        "Net Income Discontinuous Operations": 17000000.0,
        "Net Income Continuous Operations": 359000000.0,
        "Tax Provision": 139000000.0,
        "Pretax Income": 498000000.0,
        "Other Income Expense": 30000000.0,
        "Other Non Operating Income Expenses": 10000000.0,
        "Special Income Charges": -1000000.0,
        "Gain On Sale Of Business": 6000000.0,
        "Restructuring And Mergern Acquisition": 7000000.0,
        "Earnings From Equity Interest": 16000000.0,
        "Gain On Sale Of Security": 5000000.0,
        "Net Non Operating Interest Income Expense": -123000000.0,
        "Interest Expense Non Operating": 128000000.0,
        "Interest Income Non Operating": 5000000.0,
        "Operating Income": 591000000.0,
        "Operating Expense": 631000000.0,
        "Depreciation Amortization Depletion Income Statement": 146000000.0,
        "Depreciation And Amortization In Income Statement": 146000000.0,
        "Amortization": 146000000.0,
        "Amortization Of Intangibles Income Statement": 146000000.0,
        "Research And Development": 129000000.0,
        "Selling General And Administration": 356000000.0,
        "Gross Profit": 1222000000.0,
        "Cost Of Revenue": 2095000000.0,
        "Total Revenue": 3317000000.0,
        "Operating Revenue": 3317000000.0
    },
    "2022-06-30": {
        "Tax Effect Of Unusual Items": -3073221.757322,
        "Tax Rate For Calcs": 0.236402,
        "Normalized EBITDA": 894000000.0,
        "Total Unusual Items": -13000000.0,
        "Total Unusual Items Excluding Goodwill": -13000000.0,
        "Net Income From Continuing Operation Net Minority Interest": 357000000.0,
        "Reconciled Depreciation": 281000000.0,
        "Reconciled Cost Of Revenue": 2016000000.0,
        "EBITDA": 881000000.0,
        "EBIT": 600000000.0,
        "Net Interest Income": -122000000.0,
        "Interest Expense": 122000000.0,
        "Interest Income": 2000000.0,
        "Normalized Income": 366926778.242678,
        "Net Income From Continuing And Discontinued Operation": 787000000.0,
        "Total Expenses": 2823000000.0,
        "Diluted Average Shares": 506300000.0,
        "Basic Average Shares": 505400000.0,
        "Diluted EPS": 1.55,
        "Basic EPS": 1.56,
        "Diluted NI Availto Com Stockholders": 787000000.0,
        "Net Income Common Stockholders": 787000000.0,
        "Net Income": 787000000.0,
        "Minority Interests": -8000000.0,
        "Net Income Including Noncontrolling Interests": 795000000.0,
        "Net Income Discontinuous Operations": 430000000.0,
        "Net Income Continuous Operations": 365000000.0,
        "Tax Provision": 113000000.0,
        "Pretax Income": 478000000.0,
        "Other Income Expense": 101000000.0,
        "Other Non Operating Income Expenses": 94000000.0,
        "Special Income Charges": -13000000.0,
        "Gain On Sale Of Business": 70000000.0,
        "Restructuring And Mergern Acquisition": 13000000.0,
        "Earnings From Equity Interest": 20000000.0,
        "Gain On Sale Of Security": 9000000.0,
        "Net Non Operating Interest Income Expense": -122000000.0,
        "Interest Expense Non Operating": 122000000.0,
        "Interest Income Non Operating": 2000000.0,
        "Operating Income": 499000000.0,
        "Operating Expense": 674000000.0,
        "Depreciation Amortization Depletion Income Statement": 148000000.0,
        "Depreciation And Amortization In Income Statement": 148000000.0,
        "Amortization": 148000000.0,
        "Amortization Of Intangibles Income Statement": 148000000.0,
        "Research And Development": 141000000.0,
        "Selling General And Administration": 385000000.0,
        "Gross Profit": 1173000000.0,
        "Cost Of Revenue": 2149000000.0,
        "Total Revenue": 3322000000.0,
        "Operating Revenue": 3322000000.0
    },
    "2023-06-30": {
        "Tax Effect Of Unusual Items": NaN,
        "Tax Rate For Calcs": NaN,
        "Normalized EBITDA": NaN,
        "Total Unusual Items": NaN,
        "Total Unusual Items Excluding Goodwill": NaN,
        "Net Income From Continuing Operation Net Minority Interest": NaN,
        "Reconciled Depreciation": NaN,
        "Reconciled Cost Of Revenue": NaN,
        "EBITDA": NaN,
        "EBIT": NaN,
        "Net Interest Income": NaN,
        "Interest Expense": NaN,
        "Interest Income": NaN,
        "Normalized Income": NaN,
        "Net Income From Continuing And Discontinued Operation": NaN,
        "Total Expenses": NaN,
        "Diluted Average Shares": NaN,
        "Basic Average Shares": NaN,
        "Diluted EPS": NaN,
        "Basic EPS": NaN,
        "Diluted NI Availto Com Stockholders": NaN,
        "Net Income Common Stockholders": NaN,
        "Net Income": NaN,
        "Minority Interests": NaN,
        "Net Income Including Noncontrolling Interests": NaN,
        "Net Income Discontinuous Operations": NaN,
        "Net Income Continuous Operations": NaN,
        "Tax Provision": NaN,
        "Pretax Income": NaN,
        "Other Income Expense": NaN,
        "Other Non Operating Income Expenses": NaN,
        "Special Income Charges": NaN,
        "Gain On Sale Of Business": NaN,
        "Other Special Charges": NaN,
        "Write Off": NaN,
        "Restructuring And Mergern Acquisition": NaN,
        "Earnings From Equity Interest": NaN,
        "Gain On Sale Of Security": NaN,
        "Net Non Operating Interest Income Expense": NaN,
        "Interest Expense Non Operating": NaN,
        "Interest Income Non Operating": NaN,
        "Operating Income": NaN,
        "Operating Expense": NaN,
        "Depreciation Amortization Depletion Income Statement": NaN,
        "Depreciation And Amortization In Income Statement": NaN,
        "Amortization": NaN,
        "Amortization Of Intangibles Income Statement": NaN,
        "Research And Development": NaN,
        "Selling General And Administration": NaN,
        "General And Administrative Expense": 360000000.0,
        "Other Gand A": 358000000.0,
        "Salaries And Wages": 2000000.0,
        "Gross Profit": NaN,
        "Cost Of Revenue": NaN,
        "Total Revenue": NaN,
        "Operating Revenue": NaN
    },
    "2023-09-30": {
        "Tax Effect Of Unusual Items": 0.0,
        "Tax Rate For Calcs": 0.287,
        "Normalized EBITDA": 804000000.0,
        "Total Unusual Items": 0.0,
        "Total Unusual Items Excluding Goodwill": 0.0,
        "Net Income From Continuing Operation Net Minority Interest": 282000000.0,
        "Reconciled Depreciation": 294000000.0,
        "Reconciled Cost Of Revenue": 1815000000.0,
        "EBITDA": 804000000.0,
        "EBIT": 510000000.0,
        "Net Interest Income": -68000000.0,
        "Interest Expense": 102000000.0,
        "Interest Income": 34000000.0,
        "Normalized Income": 282000000.0,
        "Net Income From Continuing And Discontinued Operation": 319000000.0,
        "Total Expenses": 2597000000.0,
        "Diluted Average Shares": 453400000.0,
        "Basic Average Shares": 451700000.0,
        "Diluted EPS": 0.7,
        "Basic EPS": 0.71,
        "Diluted NI Availto Com Stockholders": 319000000.0,
        "Net Income Common Stockholders": 319000000.0,
        "Net Income": 319000000.0,
        "Minority Interests": -9000000.0,
        "Net Income Including Noncontrolling Interests": 328000000.0,
        "Net Income Discontinuous Operations": 37000000.0,
        "Net Income Continuous Operations": 291000000.0,
        "Tax Provision": 117000000.0,
        "Pretax Income": 408000000.0,
        "Other Income Expense": 15000000.0,
        "Other Non Operating Income Expenses": 4000000.0,
        "Special Income Charges": -17000000.0,
        "Gain On Sale Of Business": 0.0,
        "Other Special Charges": NaN,
        "Write Off": NaN,
        "Restructuring And Mergern Acquisition": 17000000.0,
        "Earnings From Equity Interest": 11000000.0,
        "Gain On Sale Of Security": 17000000.0,
        "Net Non Operating Interest Income Expense": -68000000.0,
        "Interest Expense Non Operating": 102000000.0,
        "Interest Income Non Operating": 34000000.0,
        "Operating Income": 461000000.0,
        "Operating Expense": 643000000.0,
        "Depreciation Amortization Depletion Income Statement": 155000000.0,
        "Depreciation And Amortization In Income Statement": 155000000.0,
        "Amortization": 155000000.0,
        "Amortization Of Intangibles Income Statement": 155000000.0,
        "Research And Development": 128000000.0,
        "Selling General And Administration": 360000000.0,
        "General And Administrative Expense": NaN,
        "Other Gand A": NaN,
        "Salaries And Wages": NaN,
        "Gross Profit": 1104000000.0,
        "Cost Of Revenue": 1954000000.0,
        "Total Revenue": 3058000000.0,
        "Operating Revenue": 3058000000.0
    },
    "2023-12-31": {
        "Tax Effect Of Unusual Items": -198870000.0,
        "Tax Rate For Calcs": 0.21,
        "Normalized EBITDA": 726000000.0,
        "Total Unusual Items": -947000000.0,
        "Total Unusual Items Excluding Goodwill": -947000000.0,
        "Net Income From Continuing Operation Net Minority Interest": -308000000.0,
        "Reconciled Depreciation": 294000000.0,
        "Reconciled Cost Of Revenue": 1726000000.0,
        "EBITDA": -221000000.0,
        "EBIT": -515000000.0,
        "Net Interest Income": -78000000.0,
        "Interest Expense": 101000000.0,
        "Interest Income": 23000000.0,
        "Normalized Income": 440130000.0,
        "Net Income From Continuing And Discontinued Operation": -22000000.0,
        "Total Expenses": 2507000000.0,
        "Diluted Average Shares": 430300000.0,
        "Basic Average Shares": 430300000.0,
        "Diluted EPS": -0.05,
        "Basic EPS": -0.05,
        "Diluted NI Availto Com Stockholders": -22000000.0,
        "Net Income Common Stockholders": -22000000.0,
        "Net Income": -22000000.0,
        "Minority Interests": -8000000.0,
        "Net Income Including Noncontrolling Interests": -14000000.0,
        "Net Income Discontinuous Operations": 286000000.0,
        "Net Income Continuous Operations": -300000000.0,
        "Tax Provision": -316000000.0,
        "Pretax Income": -616000000.0,
        "Other Income Expense": -929000000.0,
        "Other Non Operating Income Expenses": 7000000.0,
        "Special Income Charges": -905000000.0,
        "Gain On Sale Of Business": 11000000.0,
        "Other Special Charges": NaN,
        "Write Off": NaN,
        "Restructuring And Mergern Acquisition": 112000000.0,
        "Earnings From Equity Interest": 11000000.0,
        "Gain On Sale Of Security": -42000000.0,
        "Net Non Operating Interest Income Expense": -78000000.0,
        "Interest Expense Non Operating": 101000000.0,
        "Interest Income Non Operating": 23000000.0,
        "Operating Income": 391000000.0,
        "Operating Expense": 639000000.0,
        "Depreciation Amortization Depletion Income Statement": 152000000.0,
        "Depreciation And Amortization In Income Statement": 152000000.0,
        "Amortization": 152000000.0,
        "Amortization Of Intangibles Income Statement": 152000000.0,
        "Research And Development": 128000000.0,
        "Selling General And Administration": 359000000.0,
        "General And Administrative Expense": NaN,
        "Other Gand A": NaN,
        "Salaries And Wages": NaN,
        "Gross Profit": 1030000000.0,
        "Cost Of Revenue": 1868000000.0,
        "Total Revenue": 2898000000.0,
        "Operating Revenue": 2898000000.0
    },
    "2024-03-31": {
        "Tax Effect Of Unusual Items": -11340000.0,
        "Tax Rate For Calcs": 0.315,
        "Normalized EBITDA": 690000000.0,
        "Total Unusual Items": -36000000.0,
        "Total Unusual Items Excluding Goodwill": -36000000.0,
        "Net Income From Continuing Operation Net Minority Interest": 175000000.0,
        "Reconciled Depreciation": 291000000.0,
        "Reconciled Cost Of Revenue": 1776000000.0,
        "EBITDA": 654000000.0,
        "EBIT": 363000000.0,
        "Net Interest Income": -76000000.0,
        "Interest Expense": 96000000.0,
        "Interest Income": 20000000.0,
        "Normalized Income": 199660000.0,
        "Net Income From Continuing And Discontinued Operation": 189000000.0,
        "Total Expenses": 2569000000.0,
        "Diluted Average Shares": 424300000.0,
        "Basic Average Shares": 422800000.0,
        "Diluted EPS": 0.45,
        "Basic EPS": 0.45,
        "Diluted NI Availto Com Stockholders": 189000000.0,
        "Net Income Common Stockholders": 189000000.0,
        "Net Income": 189000000.0,
        "Minority Interests": -8000000.0,
        "Net Income Including Noncontrolling Interests": 197000000.0,
        "Net Income Discontinuous Operations": 14000000.0,
        "Net Income Continuous Operations": 183000000.0,
        "Tax Provision": 84000000.0,
        "Pretax Income": 267000000.0,
        "Other Income Expense": -19000000.0,
        "Other Non Operating Income Expenses": 5000000.0,
        "Special Income Charges": -40000000.0,
        "Gain On Sale Of Business": 2000000.0,
        "Other Special Charges": NaN,
        "Write Off": 39000000.0,
        "Restructuring And Mergern Acquisition": 3000000.0,
        "Earnings From Equity Interest": 12000000.0,
        "Gain On Sale Of Security": 4000000.0,
        "Net Non Operating Interest Income Expense": -76000000.0,
        "Interest Expense Non Operating": 96000000.0,
        "Interest Income Non Operating": 20000000.0,
        "Operating Income": 362000000.0,
        "Operating Expense": 651000000.0,
        "Depreciation Amortization Depletion Income Statement": 149000000.0,
        "Depreciation And Amortization In Income Statement": 149000000.0,
        "Amortization": 149000000.0,
        "Amortization Of Intangibles Income Statement": 149000000.0,
        "Research And Development": 125000000.0,
        "Selling General And Administration": 377000000.0,
        "General And Administrative Expense": 377000000.0,
        "Other Gand A": 384000000.0,
        "Salaries And Wages": -7000000.0,
        "Gross Profit": 1013000000.0,
        "Cost Of Revenue": 1918000000.0,
        "Total Revenue": 2931000000.0,
        "Operating Revenue": 2931000000.0
    },
    "2024-06-30": {
        "Tax Effect Of Unusual Items": -27300000.0,
        "Tax Rate For Calcs": 0.21,
        "Normalized EBITDA": 823000000.0,
        "Total Unusual Items": -130000000.0,
        "Total Unusual Items Excluding Goodwill": -130000000.0,
        "Net Income From Continuing Operation Net Minority Interest": 169000000.0,
        "Reconciled Depreciation": 298000000.0,
        "Reconciled Cost Of Revenue": 1849000000.0,
        "EBITDA": 693000000.0,
        "EBIT": 395000000.0,
        "Net Interest Income": -78000000.0,
        "Interest Expense": 99000000.0,
        "Interest Income": 21000000.0,
        "Normalized Income": 271700000.0,
        "Net Income From Continuing And Discontinued Operation": 178000000.0,
        "Total Expenses": 2696000000.0,
        "Diluted Average Shares": 419300000.0,
        "Basic Average Shares": 417800000.0,
        "Diluted EPS": 0.42,
        "Basic EPS": 0.43,
        "Diluted NI Availto Com Stockholders": 178000000.0,
        "Net Income Common Stockholders": 178000000.0,
        "Net Income": 178000000.0,
        "Minority Interests": -7000000.0,
        "Net Income Including Noncontrolling Interests": 185000000.0,
        "Net Income Discontinuous Operations": 9000000.0,
        "Net Income Continuous Operations": 176000000.0,
        "Tax Provision": 120000000.0,
        "Pretax Income": 296000000.0,
        "Other Income Expense": -101000000.0,
        "Other Non Operating Income Expenses": 6000000.0,
        "Special Income Charges": -87000000.0,
        "Gain On Sale Of Business": 0.0,
        "Other Special Charges": 74000000.0,
        "Write Off": NaN,
        "Restructuring And Mergern Acquisition": 13000000.0,
        "Earnings From Equity Interest": 23000000.0,
        "Gain On Sale Of Security": -43000000.0,
        "Net Non Operating Interest Income Expense": -78000000.0,
        "Interest Expense Non Operating": 99000000.0,
        "Interest Income Non Operating": 21000000.0,
        "Operating Income": 475000000.0,
        "Operating Expense": 700000000.0,
        "Depreciation Amortization Depletion Income Statement": 151000000.0,
        "Depreciation And Amortization In Income Statement": 151000000.0,
        "Amortization": 151000000.0,
        "Amortization Of Intangibles Income Statement": 151000000.0,
        "Research And Development": 134000000.0,
        "Selling General And Administration": 415000000.0,
        "General And Administrative Expense": 415000000.0,
        "Other Gand A": 418000000.0,
        "Salaries And Wages": -3000000.0,
        "Gross Profit": 1175000000.0,
        "Cost Of Revenue": 1996000000.0,
        "Total Revenue": 3171000000.0,
        "Operating Revenue": 3171000000.0
    },
    "2024-09-30": {
        "Tax Effect Of Unusual Items": 20091000.0,
        "Tax Rate For Calcs": 0.181,
        "Normalized EBITDA": 868000000.0,
        "Total Unusual Items": 111000000.0,
        "Total Unusual Items Excluding Goodwill": 111000000.0,
        "Net Income From Continuing Operation Net Minority Interest": 472000000.0,
        "Reconciled Depreciation": 306000000.0,
        "Reconciled Cost Of Revenue": 1841000000.0,
        "EBITDA": 979000000.0,
        "EBIT": 673000000.0,
        "Net Interest Income": -73000000.0,
        "Interest Expense": 87000000.0,
        "Interest Income": 14000000.0,
        "Normalized Income": 381091000.0,
        "Net Income From Continuing And Discontinued Operation": 454000000.0,
        "Total Expenses": 2668000000.0,
        "Diluted Average Shares": 419500000.0,
        "Basic Average Shares": 417900000.0,
        "Diluted EPS": 1.08,
        "Basic EPS": 1.09,
        "Diluted NI Availto Com Stockholders": 454000000.0,
        "Net Income Common Stockholders": 454000000.0,
        "Net Income": 454000000.0,
        "Minority Interests": -8000000.0,
        "Net Income Including Noncontrolling Interests": 462000000.0,
        "Net Income Discontinuous Operations": -18000000.0,
        "Net Income Continuous Operations": 480000000.0,
        "Tax Provision": 106000000.0,
        "Pretax Income": 586000000.0,
        "Other Income Expense": 135000000.0,
        "Other Non Operating Income Expenses": 10000000.0,
        "Special Income Charges": -61000000.0,
        "Gain On Sale Of Business": 3000000.0,
        "Other Special Charges": NaN,
        "Write Off": NaN,
        "Restructuring And Mergern Acquisition": 64000000.0,
        "Earnings From Equity Interest": 14000000.0,
        "Gain On Sale Of Security": 172000000.0,
        "Net Non Operating Interest Income Expense": -73000000.0,
        "Interest Expense Non Operating": 87000000.0,
        "Interest Income Non Operating": 14000000.0,
        "Operating Income": 524000000.0,
        "Operating Expense": 670000000.0,
        "Depreciation Amortization Depletion Income Statement": 149000000.0,
        "Depreciation And Amortization In Income Statement": 149000000.0,
        "Amortization": 149000000.0,
        "Amortization Of Intangibles Income Statement": 149000000.0,
        "Research And Development": 134000000.0,
        "Selling General And Administration": 387000000.0,
        "General And Administrative Expense": NaN,
        "Other Gand A": NaN,
        "Salaries And Wages": NaN,
        "Gross Profit": 1194000000.0,
        "Cost Of Revenue": 1998000000.0,
        "Total Revenue": 3192000000.0,
        "Operating Revenue": 3192000000.0
    }
}