{
    "2023-04-30": {
        "Tax Effect Of Unusual Items": 421436.716078,
        "Tax Rate For Calcs": 0.234132,
        "Normalized EBITDA": 310400000.0,
        "Total Unusual Items": 1800000.0,
        "Total Unusual Items Excluding Goodwill": 1800000.0,
        "Net Income From Continuing Operation Net Minority Interest": 201500000.0,
        "Reconciled Depreciation": 46100000.0,
        "Reconciled Cost Of Revenue": 890900000.0,
        "EBITDA": 312200000.0,
        "EBIT": 266100000.0,
        "Net Interest Income": -100000.0,
        "Interest Expense": 100000.0,
        "Interest Income": 105000.0,
        "Normalized Income": 200121436.716078,
        "Net Income From Continuing And Discontinued Operation": 201500000.0,
        "Total Expenses": 1347800000.0,
        "Rent Expense Supplemental": 4400000.0,
        "Diluted Average Shares": 17000000.0,
        "Basic Average Shares": 17000000.0,
        "Diluted EPS": 11.85,
        "Basic EPS": 11.85,
        "Diluted NI Availto Com Stockholders": 201500000.0,
        "Net Income Common Stockholders": 201500000.0,
        "Net Income": 201500000.0,
        "Net Income Including Noncontrolling Interests": 201500000.0,
        "Net Income Continuous Operations": 201500000.0,
        "Tax Provision": 61600000.0,
        "Pretax Income": 263100000.0,
        "Other Income Expense": -2900000.0,
        "Other Non Operating Income Expenses": -4700000.0,
        "Special Income Charges": 1800000.0,
        "Gain On Sale Of Ppe": 1800000.0,
        "Net Non Operating Interest Income Expense": -100000.0,
        "Total Other Finance Cost": 100000.0,
        "Interest Expense Non Operating": 100000.0,
        "Interest Income Non Operating": 105000.0,
        "Operating Income": 266100000.0,
        "Operating Expense": 456500000.0,
        "Depreciation Amortization Depletion Income Statement": 45700000.0,
        "Depreciation And Amortization In Income Statement": 45700000.0,
        "Selling General And Administration": 410800000.0,
        "General And Administrative Expense": 410800000.0,
        "Other Gand A": 406400000.0,
        "Rent And Landing Fees": 4400000.0,
        "Gross Profit": 722600000.0,
        "Cost Of Revenue": 891300000.0,
        "Total Revenue": 1613900000.0,
        "Operating Revenue": 1613900000.0
    },
    "2023-01-31": {
        "Tax Effect Of Unusual Items": 1786273.32932,
        "Tax Rate For Calcs": 0.12944,
        "Normalized EBITDA": 358000000.0,
        "Total Unusual Items": 13800000.0,
        "Total Unusual Items Excluding Goodwill": 13800000.0,
        "Net Income From Continuing Operation Net Minority Interest": 289200000.0,
        "Reconciled Depreciation": 48100000.0,
        "Reconciled Cost Of Revenue": 1324800000.0,
        "EBITDA": 371800000.0,
        "EBIT": 323700000.0,
        "Net Interest Income": -3400000.0,
        "Interest Expense": 3400000.0,
        "Interest Income": 7027000.0,
        "Normalized Income": 277186273.32932,
        "Net Income From Continuing And Discontinued Operation": 289200000.0,
        "Total Expenses": 1838800000.0,
        "Rent Expense Supplemental": 7500000.0,
        "Diluted Average Shares": 17100000.0,
        "Basic Average Shares": 17100000.0,
        "Diluted EPS": 16.89,
        "Basic EPS": 16.89,
        "Diluted NI Availto Com Stockholders": 289200000.0,
        "Net Income Common Stockholders": 289200000.0,
        "Net Income": 289200000.0,
        "Net Income Including Noncontrolling Interests": 289200000.0,
        "Net Income Continuous Operations": 289200000.0,
        "Tax Provision": 43000000.0,
        "Pretax Income": 332200000.0,
        "Other Income Expense": 11900000.0,
        "Other Non Operating Income Expenses": -1900000.0,
        "Special Income Charges": 13800000.0,
        "Gain On Sale Of Ppe": 13800000.0,
        "Net Non Operating Interest Income Expense": -3400000.0,
        "Total Other Finance Cost": 3400000.0,
        "Interest Expense Non Operating": 3400000.0,
        "Interest Income Non Operating": 7027000.0,
        "Operating Income": 323700000.0,
        "Operating Expense": 513500000.0,
        "Depreciation Amortization Depletion Income Statement": 47600000.0,
        "Depreciation And Amortization In Income Statement": 47600000.0,
        "Selling General And Administration": 465900000.0,
        "General And Administrative Expense": 465900000.0,
        "Other Gand A": 458400000.0,
        "Rent And Landing Fees": 7500000.0,
        "Gross Profit": 837200000.0,
        "Cost Of Revenue": 1325300000.0,
        "Total Revenue": 2162500000.0,
        "Operating Revenue": 2162500000.0
    },
    "2022-10-31": {
        "Tax Effect Of Unusual Items": 0.0,
        "Tax Rate For Calcs": 0.225793,
        "Normalized EBITDA": 298600000.0,
        "Total Unusual Items": 0.0,
        "Total Unusual Items Excluding Goodwill": 0.0,
        "Net Income From Continuing Operation Net Minority Interest": 187900000.0,
        "Reconciled Depreciation": 47000000.0,
        "Reconciled Cost Of Revenue": 855400000.0,
        "EBITDA": 298600000.0,
        "EBIT": 251600000.0,
        "Net Interest Income": -7000000.0,
        "Interest Expense": 7000000.0,
        "Interest Income": 3800000.0,
        "Normalized Income": 187900000.0,
        "Net Income From Continuing And Discontinued Operation": 187900000.0,
        "Total Expenses": 1321500000.0,
        "Rent Expense Supplemental": 5300000.0,
        "Diluted Average Shares": 17139000.0,
        "Basic Average Shares": 17139000.0,
        "Diluted EPS": 10.96,
        "Basic EPS": 10.96,
        "Diluted NI Availto Com Stockholders": 187900000.0,
        "Net Income Common Stockholders": 187900000.0,
        "Net Income": 187900000.0,
        "Net Income Including Noncontrolling Interests": 187900000.0,
        "Net Income Continuous Operations": 187900000.0,
        "Tax Provision": 54800000.0,
        "Pretax Income": 242700000.0,
        "Other Income Expense": -1900000.0,
        "Other Non Operating Income Expenses": -1900000.0,
        "Special Income Charges": 0.0,
        "Gain On Sale Of Ppe": 0.0,
        "Net Non Operating Interest Income Expense": -7000000.0,
        "Total Other Finance Cost": 7000000.0,
        "Interest Expense Non Operating": 7000000.0,
        "Interest Income Non Operating": 3800000.0,
        "Operating Income": 251600000.0,
        "Operating Expense": 465800000.0,
        "Depreciation Amortization Depletion Income Statement": 46700000.0,
        "Depreciation And Amortization In Income Statement": 46700000.0,
        "Selling General And Administration": 419100000.0,
        "General And Administrative Expense": 419100000.0,
        "Other Gand A": 413800000.0,
        "Rent And Landing Fees": 5300000.0,
        "Gross Profit": 717400000.0,
        "Cost Of Revenue": 855700000.0,
        "Total Revenue": 1573100000.0,
        "Operating Revenue": 1573100000.0
    },
    "2022-07-31": {
        "Tax Effect Of Unusual Items": 0.0,
        "Tax Rate For Calcs": 0.223753,
        "Normalized EBITDA": 268500000.0,
        "Total Unusual Items": 0.0,
        "Total Unusual Items Excluding Goodwill": 0.0,
        "Net Income From Continuing Operation Net Minority Interest": 163400000.0,
        "Reconciled Depreciation": 48300000.0,
        "Reconciled Cost Of Revenue": 940800000.0,
        "EBITDA": 268500000.0,
        "EBIT": 220200000.0,
        "Net Interest Income": -9700000.0,
        "Interest Expense": 9700000.0,
        "Interest Income": NaN,
        "Normalized Income": 163400000.0,
        "Net Income From Continuing And Discontinued Operation": 163400000.0,
        "Total Expenses": 1395700000.0,
        "Rent Expense Supplemental": 5300000.0,
        "Diluted Average Shares": 17583000.0,
        "Basic Average Shares": 17583000.0,
        "Diluted EPS": 9.3,
        "Basic EPS": 9.3,
        "Diluted NI Availto Com Stockholders": 163400000.0,
        "Net Income Common Stockholders": 163400000.0,
        "Net Income": 163400000.0,
        "Net Income Including Noncontrolling Interests": 163400000.0,
        "Net Income Continuous Operations": 163400000.0,
        "Tax Provision": 47100000.0,
        "Pretax Income": 210500000.0,
        "Other Income Expense": -2000000.0,
        "Other Non Operating Income Expenses": -2000000.0,
        "Special Income Charges": 0.0,
        "Gain On Sale Of Ppe": 0.0,
        "Net Non Operating Interest Income Expense": -9700000.0,
        "Interest Expense Non Operating": 9700000.0,
        "Interest Income Non Operating": NaN,
        "Operating Income": 222200000.0,
        "Operating Expense": 454500000.0,
        "Depreciation Amortization Depletion Income Statement": 47900000.0,
        "Depreciation And Amortization In Income Statement": 47900000.0,
        "Selling General And Administration": 406600000.0,
        "General And Administrative Expense": 406600000.0,
        "Other Gand A": 401300000.0,
        "Rent And Landing Fees": 5300000.0,
        "Gross Profit": 676700000.0,
        "Cost Of Revenue": 941200000.0,
        "Total Revenue": 1617900000.0,
        "Operating Revenue": 1617900000.0
    },
    "2022-04-30": {
        "Diluted EPS": 13.68,
        "Total Revenue": NaN,
        "Gross Profit": 781,
        "Operating Income": 329,
        "EBIT": 376,
        "Net Income": 251
    },
    "2022-01-31": {
        "Diluted EPS": 16.01,
        "Total Revenue": NaN,
        "Gross Profit": 903,
        "Operating Income": 402,
        "EBIT": 455,
        "Net Income": 321
    },
    "2021-10-31": {
        "Diluted EPS": 9.81,
        "Total Revenue": NaN,
        "Gross Profit": 716,
        "Operating Income": 267,
        "EBIT": 318,
        "Net Income": 197
    },
    "2021-07-31": {
        "Diluted EPS": 8.81,
        "Total Revenue": NaN,
        "Gross Profit": 674,
        "Operating Income": 253,
        "EBIT": 304,
        "Net Income": 186
    },
    "2021-04-30": {
        "Diluted EPS": 7.25,
        "Total Revenue": NaN,
        "Gross Profit": 583,
        "Operating Income": 195,
        "EBIT": 243,
        "Net Income": 158
    },
    "2021-01-31": {
        "Diluted EPS": 2.72,
        "Total Revenue": NaN,
        "Gross Profit": 532,
        "Operating Income": 132,
        "EBIT": 191,
        "Net Income": 67
    },
    "2020-10-31": {
        "Diluted EPS": 1.43,
        "Total Revenue": NaN,
        "Gross Profit": 393,
        "Operating Income": 17,
        "EBIT": 71,
        "Net Income": 32
    },
    "2020-07-31": {
        "Diluted EPS": -0.37,
        "Total Revenue": 945,
        "Gross Profit": 305,
        "Operating Income": -18,
        "EBIT": 33,
        "Net Income": -9
    },
    "2020-04-30": {
        "Diluted EPS": -6.94,
        "Total Revenue": 822,
        "Gross Profit": 133,
        "Operating Income": -214,
        "EBIT": -162,
        "Net Income": -162
    },
    "2020-01-31": {
        "Diluted EPS": 2.76,
        "Total Revenue": NaN,
        "Gross Profit": 613,
        "Operating Income": 87,
        "EBIT": 147,
        "Net Income": 68
    },
    "2019-10-31": {
        "Diluted EPS": 0.22,
        "Total Revenue": NaN,
        "Gross Profit": 497,
        "Operating Income": 17,
        "EBIT": 73,
        "Net Income": 5
    },
    "2019-07-31": {
        "Diluted EPS": -1.59,
        "Total Revenue": NaN,
        "Gross Profit": 427,
        "Operating Income": -43,
        "EBIT": 12,
        "Net Income": -41
    },
    "2019-04-30": {
        "Diluted EPS": 2.99,
        "Total Revenue": NaN,
        "Gross Profit": 570,
        "Operating Income": 107,
        "EBIT": 159,
        "Net Income": 79
    },
    "2019-01-31": {
        "Diluted EPS": 3.17,
        "Total Revenue": NaN,
        "Gross Profit": 641,
        "Operating Income": 118,
        "EBIT": 174,
        "Net Income": 85
    },
    "2018-10-31": {
        "Diluted EPS": 0.27,
        "Total Revenue": NaN,
        "Gross Profit": 500,
        "Operating Income": 19,
        "EBIT": 75,
        "Net Income": 7
    },
    "2018-07-31": {
        "Diluted EPS": -0.1,
        "Total Revenue": NaN,
        "Gross Profit": 484,
        "Operating Income": 12,
        "EBIT": 69,
        "Net Income": -3
    },
    "2018-04-30": {
        "Diluted EPS": 2.89,
        "Total Revenue": NaN,
        "Gross Profit": 588,
        "Operating Income": 119,
        "EBIT": 176,
        "Net Income": 81
    },
    "2018-01-31": {
        "Diluted EPS": 5.47,
        "Total Revenue": NaN,
        "Gross Profit": 677,
        "Operating Income": 134,
        "EBIT": 189,
        "Net Income": 158
    },
    "2017-10-31": {
        "Diluted EPS": 0.5,
        "Total Revenue": NaN,
        "Gross Profit": 507,
        "Operating Income": 34,
        "EBIT": 92,
        "Net Income": 15
    },
    "2017-07-31": {
        "Diluted EPS": -0.58,
        "Total Revenue": NaN,
        "Gross Profit": 457,
        "Operating Income": -9,
        "EBIT": 51,
        "Net Income": -17
    },
    "2017-04-30": {
        "Diluted EPS": 2.12,
        "Total Revenue": NaN,
        "Gross Profit": 583,
        "Operating Income": 120,
        "EBIT": 181,
        "Net Income": 66
    },
    "2017-01-31": {
        "Diluted EPS": 1.74,
        "Total Revenue": NaN,
        "Gross Profit": 628,
        "Operating Income": 115,
        "EBIT": 178,
        "Net Income": 57
    },
    "2016-10-31": {
        "Diluted EPS": 0.67,
        "Total Revenue": NaN,
        "Gross Profit": 528,
        "Operating Income": 51,
        "EBIT": 112,
        "Net Income": 23
    },
    "2016-07-31": {
        "Diluted EPS": 0.35,
        "Total Revenue": NaN,
        "Gross Profit": 495,
        "Operating Income": 34,
        "EBIT": 95,
        "Net Income": 12
    },
    "2016-04-30": {
        "Diluted EPS": 2.17,
        "Total Revenue": NaN,
        "Gross Profit": 600,
        "Operating Income": 135,
        "EBIT": 196,
        "Net Income": 77
    },
    "2016-01-31": {
        "Diluted EPS": 2.31,
        "Total Revenue": NaN,
        "Gross Profit": 660,
        "Operating Income": 139,
        "EBIT": 202,
        "Net Income": 84
    },
    "2015-10-31": {
        "Diluted EPS": 1.19,
        "Total Revenue": NaN,
        "Gross Profit": 560,
        "Operating Income": 76,
        "EBIT": 142,
        "Net Income": 46
    },
    "2015-07-31": {
        "Diluted EPS": 0.75,
        "Total Revenue": NaN,
        "Gross Profit": 531,
        "Operating Income": 60,
        "EBIT": 121,
        "Net Income": 30
    },
    "2015-04-30": {
        "Diluted EPS": 2.66,
        "Total Revenue": NaN,
        "Gross Profit": 653,
        "Operating Income": 183,
        "EBIT": 244,
        "Net Income": 110
    },
    "2015-01-31": {
        "Diluted EPS": 3.13,
        "Total Revenue": NaN,
        "Gross Profit": 747,
        "Operating Income": 216,
        "EBIT": 280,
        "Net Income": 130
    },
    "2014-10-31": {
        "Diluted EPS": 1.3,
        "Total Revenue": NaN,
        "Gross Profit": 575,
        "Operating Income": 94,
        "EBIT": 157,
        "Net Income": 55
    },
    "2014-07-31": {
        "Diluted EPS": 0.8,
        "Total Revenue": NaN,
        "Gross Profit": 537,
        "Operating Income": 68,
        "EBIT": 131,
        "Net Income": 34
    },
    "2014-04-30": {
        "Diluted EPS": 2.56,
        "Total Revenue": NaN,
        "Gross Profit": 649,
        "Operating Income": 188,
        "EBIT": 250,
        "Net Income": 112
    },
    "2014-01-31": {
        "Diluted EPS": 2.68,
        "Total Revenue": NaN,
        "Gross Profit": 707,
        "Operating Income": 197,
        "EBIT": 258,
        "Net Income": 119
    },
    "2013-10-31": {
        "Diluted EPS": 1.13,
        "Total Revenue": NaN,
        "Gross Profit": 570,
        "Operating Income": 94,
        "EBIT": 160,
        "Net Income": 51
    },
    "2013-07-31": {
        "Diluted EPS": 0.79,
        "Total Revenue": NaN,
        "Gross Profit": 540,
        "Operating Income": 72,
        "EBIT": 137,
        "Net Income": 36
    },
    "2013-04-30": {
        "Diluted EPS": 2.5,
        "Total Revenue": NaN,
        "Gross Profit": 652,
        "Operating Income": 191,
        "EBIT": 256,
        "Net Income": 117
    },
    "2013-01-31": {
        "Diluted EPS": 3.34,
        "Total Revenue": NaN,
        "Gross Profit": 771,
        "Operating Income": 221,
        "EBIT": 287,
        "Net Income": 161
    },
    "2012-10-31": {
        "Diluted EPS": 1.01,
        "Total Revenue": NaN,
        "Gross Profit": 567,
        "Operating Income": 89,
        "EBIT": 155,
        "Net Income": 49
    },
    "2012-07-31": {
        "Diluted EPS": 0.63,
        "Total Revenue": NaN,
        "Gross Profit": 537,
        "Operating Income": 66,
        "EBIT": 130,
        "Net Income": 31
    },
    "2012-04-30": {
        "Diluted EPS": 1.89,
        "Total Revenue": NaN,
        "Gross Profit": 629,
        "Operating Income": 164,
        "EBIT": 228,
        "Net Income": 95
    },
    "2012-01-31": {
        "Diluted EPS": 2.58,
        "Total Revenue": NaN,
        "Gross Profit": 709,
        "Operating Income": 190,
        "EBIT": 255,
        "Net Income": 141
    },
    "2011-10-31": {
        "Diluted EPS": 4.31,
        "Total Revenue": NaN,
        "Gross Profit": 537,
        "Operating Income": 56,
        "EBIT": 121,
        "Net Income": 228
    },
    "2011-07-31": {
        "Diluted EPS": 0.32,
        "Total Revenue": NaN,
        "Gross Profit": 513,
        "Operating Income": 40,
        "EBIT": 105,
        "Net Income": 18
    },
    "2011-04-30": {
        "Diluted EPS": 1.31,
        "Total Revenue": NaN,
        "Gross Profit": 600,
        "Operating Income": 135,
        "EBIT": 200,
        "Net Income": 77
    },
    "2011-01-31": {
        "Diluted EPS": 1.67,
        "Total Revenue": NaN,
        "Gross Profit": 703,
        "Operating Income": 179,
        "EBIT": 248,
        "Net Income": 110
    },
    "2010-10-31": {
        "Diluted EPS": 0.22,
        "Total Revenue": NaN,
        "Gross Profit": 516,
        "Operating Income": 40,
        "EBIT": 106,
        "Net Income": 14
    },
    "2010-07-31": {
        "Diluted EPS": 0.1,
        "Total Revenue": NaN,
        "Gross Profit": 490,
        "Operating Income": 22,
        "EBIT": 87,
        "Net Income": 7
    },
    "2010-04-30": {
        "Diluted EPS": 0.68,
        "Total Revenue": NaN,
        "Gross Profit": 568,
        "Operating Income": 98,
        "EBIT": 162,
        "Net Income": 49
    },
    "2010-01-31": {
        "Diluted EPS": 1.08,
        "Total Revenue": NaN,
        "Gross Profit": 646,
        "Operating Income": 134,
        "EBIT": 200,
        "Net Income": 80
    },
    "2009-10-31": {
        "Diluted EPS": 0.11,
        "Total Revenue": NaN,
        "Gross Profit": 498,
        "Operating Income": 15,
        "EBIT": 82,
        "Net Income": 8
    },
    "2009-07-31": {
        "Diluted EPS": -0.36,
        "Total Revenue": NaN,
        "Gross Profit": 454,
        "Operating Income": -23,
        "EBIT": 44,
        "Net Income": -27
    },
    "2009-04-30": {
        "Diluted EPS": 0.1,
        "Total Revenue": NaN,
        "Gross Profit": 526,
        "Operating Income": 31,
        "EBIT": 97,
        "Net Income": 8
    },
    "2009-01-31": {
        "Diluted EPS": -2.02,
        "Total Revenue": NaN,
        "Gross Profit": 549,
        "Operating Income": -23,
        "EBIT": 50,
        "Net Income": -149
    },
    "2023-07-31": {
        "Tax Effect Of Unusual Items": 46736.596737,
        "Tax Rate For Calcs": 0.233683,
        "Normalized EBITDA": 221300000.0,
        "Total Unusual Items": 200000.0,
        "Total Unusual Items Excluding Goodwill": 200000.0,
        "Net Income From Continuing Operation Net Minority Interest": 131500000.0,
        "Reconciled Depreciation": 45300000.0,
        "Reconciled Cost Of Revenue": 958300000.0,
        "EBITDA": 221500000.0,
        "EBIT": 176200000.0,
        "Net Interest Income": -100000.0,
        "Interest Expense": 100000.0,
        "Interest Income": 143000.0,
        "Normalized Income": 131346736.596737,
        "Net Income From Continuing And Discontinued Operation": 131500000.0,
        "Total Expenses": 1421200000.0,
        "Rent Expense Supplemental": 5000000.0,
        "Diluted Average Shares": 16500000.0,
        "Basic Average Shares": 16500000.0,
        "Diluted EPS": 7.98,
        "Basic EPS": 7.98,
        "Diluted NI Availto Com Stockholders": 131500000.0,
        "Net Income Common Stockholders": 131500000.0,
        "Net Income": 131500000.0,
        "Net Income Including Noncontrolling Interests": 131500000.0,
        "Net Income Continuous Operations": 131500000.0,
        "Tax Provision": 40100000.0,
        "Pretax Income": 171600000.0,
        "Other Income Expense": -4500000.0,
        "Other Non Operating Income Expenses": -4700000.0,
        "Special Income Charges": 200000.0,
        "Gain On Sale Of Ppe": 200000.0,
        "Net Non Operating Interest Income Expense": -100000.0,
        "Total Other Finance Cost": 100000.0,
        "Interest Expense Non Operating": 100000.0,
        "Interest Income Non Operating": 143000.0,
        "Operating Income": 176200000.0,
        "Operating Expense": 462400000.0,
        "Depreciation Amortization Depletion Income Statement": 44800000.0,
        "Depreciation And Amortization In Income Statement": 44800000.0,
        "Selling General And Administration": 417600000.0,
        "General And Administrative Expense": 417600000.0,
        "Other Gand A": 412600000.0,
        "Rent And Landing Fees": 5000000.0,
        "Gross Profit": 638600000.0,
        "Cost Of Revenue": 958800000.0,
        "Total Revenue": 1597400000.0,
        "Operating Revenue": 1597400000.0
    },
    "2023-10-31": {
        "Tax Effect Of Unusual Items": 884653.961886,
        "Tax Rate For Calcs": 0.221163,
        "Normalized EBITDA": 239424000.0,
        "Total Unusual Items": 4000000.0,
        "Total Unusual Items Excluding Goodwill": 4000000.0,
        "Net Income From Continuing Operation Net Minority Interest": 155300000.0,
        "Reconciled Depreciation": 45124000.0,
        "Reconciled Cost Of Revenue": 834076000.0,
        "EBITDA": 243424000.0,
        "EBIT": 198300000.0,
        "Net Interest Income": 1800000.0,
        "Interest Expense": NaN,
        "Interest Income": NaN,
        "Normalized Income": 152184653.961886,
        "Net Income From Continuing And Discontinued Operation": 155300000.0,
        "Total Expenses": 1305900000.0,
        "Rent Expense Supplemental": 4900000.0,
        "Diluted Average Shares": 16400000.0,
        "Basic Average Shares": 16400000.0,
        "Diluted EPS": 9.49,
        "Basic EPS": 9.49,
        "Diluted NI Availto Com Stockholders": 155300000.0,
        "Net Income Common Stockholders": 155300000.0,
        "Net Income": 155300000.0,
        "Net Income Including Noncontrolling Interests": 155300000.0,
        "Net Income Continuous Operations": 155300000.0,
        "Tax Provision": 44100000.0,
        "Pretax Income": 199400000.0,
        "Other Income Expense": -700000.0,
        "Other Non Operating Income Expenses": -4700000.0,
        "Special Income Charges": 4000000.0,
        "Gain On Sale Of Ppe": 4000000.0,
        "Net Non Operating Interest Income Expense": 1800000.0,
        "Total Other Finance Cost": -1800000.0,
        "Interest Expense Non Operating": NaN,
        "Interest Income Non Operating": NaN,
        "Operating Income": 198300000.0,
        "Operating Expense": 471400000.0,
        "Depreciation Amortization Depletion Income Statement": 44700000.0,
        "Depreciation And Amortization In Income Statement": 44700000.0,
        "Selling General And Administration": 426700000.0,
        "General And Administrative Expense": 426700000.0,
        "Other Gand A": 421800000.0,
        "Rent And Landing Fees": 4900000.0,
        "Gross Profit": 669700000.0,
        "Cost Of Revenue": 834500000.0,
        "Total Revenue": 1504200000.0,
        "Operating Revenue": 1504200000.0
    }
}