{
    "2023-04-30": {
        "Tax Effect Of Unusual Items": NaN,
        "Tax Rate For Calcs": NaN,
        "Normalized EBITDA": NaN,
        "Total Unusual Items": NaN,
        "Total Unusual Items Excluding Goodwill": NaN,
        "Net Income From Continuing Operation Net Minority Interest": NaN,
        "Reconciled Depreciation": NaN,
        "Reconciled Cost Of Revenue": NaN,
        "EBITDA": NaN,
        "EBIT": NaN,
        "Net Interest Income": NaN,
        "Interest Expense": NaN,
        "Interest Income": NaN,
        "Normalized Income": NaN,
        "Net Income From Continuing And Discontinued Operation": NaN,
        "Total Expenses": NaN,
        "Total Operating Income As Reported": NaN,
        "Diluted Average Shares": NaN,
        "Basic Average Shares": NaN,
        "Diluted EPS": NaN,
        "Basic EPS": NaN,
        "Diluted NI Availto Com Stockholders": NaN,
        "Net Income Common Stockholders": NaN,
        "Net Income": NaN,
        "Minority Interests": NaN,
        "Net Income Including Noncontrolling Interests": NaN,
        "Net Income Continuous Operations": NaN,
        "Tax Provision": NaN,
        "Pretax Income": NaN,
        "Other Income Expense": NaN,
        "Other Non Operating Income Expenses": NaN,
        "Special Income Charges": NaN,
        "Gain On Sale Of Security": NaN,
        "Net Non Operating Interest Income Expense": NaN,
        "Total Other Finance Cost": -29000000.0,
        "Interest Expense Non Operating": NaN,
        "Interest Income Non Operating": NaN,
        "Operating Income": NaN,
        "Operating Expense": NaN,
        "Research And Development": NaN,
        "Selling General And Administration": NaN,
        "Gross Profit": NaN,
        "Cost Of Revenue": NaN,
        "Total Revenue": NaN,
        "Operating Revenue": NaN
    },
    "2023-01-31": {
        "Tax Effect Of Unusual Items": NaN,
        "Tax Rate For Calcs": NaN,
        "Normalized EBITDA": NaN,
        "Total Unusual Items": NaN,
        "Total Unusual Items Excluding Goodwill": NaN,
        "Net Income From Continuing Operation Net Minority Interest": NaN,
        "Reconciled Depreciation": NaN,
        "Reconciled Cost Of Revenue": NaN,
        "EBITDA": NaN,
        "EBIT": NaN,
        "Net Interest Income": NaN,
        "Interest Expense": NaN,
        "Interest Income": NaN,
        "Normalized Income": NaN,
        "Net Income From Continuing And Discontinued Operation": NaN,
        "Total Expenses": NaN,
        "Total Operating Income As Reported": NaN,
        "Diluted Average Shares": NaN,
        "Basic Average Shares": NaN,
        "Diluted EPS": NaN,
        "Basic EPS": NaN,
        "Diluted NI Availto Com Stockholders": NaN,
        "Net Income Common Stockholders": NaN,
        "Net Income": NaN,
        "Minority Interests": NaN,
        "Net Income Including Noncontrolling Interests": NaN,
        "Net Income Discontinuous Operations": 0.0,
        "Net Income Continuous Operations": NaN,
        "Tax Provision": NaN,
        "Pretax Income": NaN,
        "Other Income Expense": NaN,
        "Other Non Operating Income Expenses": 14000000.0,
        "Special Income Charges": 106000000.0,
        "Gain On Sale Of Business": 0.0,
        "Other Special Charges": -106000000.0,
        "Gain On Sale Of Security": NaN,
        "Net Non Operating Interest Income Expense": NaN,
        "Total Other Finance Cost": NaN,
        "Interest Expense Non Operating": NaN,
        "Interest Income Non Operating": NaN,
        "Operating Income": NaN,
        "Operating Expense": NaN,
        "Research And Development": NaN,
        "Selling General And Administration": NaN,
        "Gross Profit": NaN,
        "Cost Of Revenue": NaN,
        "Total Revenue": NaN,
        "Operating Revenue": NaN
    },
    "2022-10-31": {
        "Tax Effect Of Unusual Items": NaN,
        "Tax Rate For Calcs": NaN,
        "Normalized EBITDA": NaN,
        "Total Unusual Items": NaN,
        "Total Unusual Items Excluding Goodwill": NaN,
        "Net Income From Continuing Operation Net Minority Interest": NaN,
        "Reconciled Depreciation": NaN,
        "Reconciled Cost Of Revenue": NaN,
        "EBITDA": NaN,
        "EBIT": NaN,
        "Net Interest Income": NaN,
        "Interest Expense": NaN,
        "Interest Income": NaN,
        "Normalized Income": NaN,
        "Net Income From Continuing And Discontinued Operation": NaN,
        "Total Expenses": NaN,
        "Total Operating Income As Reported": NaN,
        "Diluted Average Shares": NaN,
        "Basic Average Shares": NaN,
        "Diluted EPS": NaN,
        "Basic EPS": NaN,
        "Diluted NI Availto Com Stockholders": NaN,
        "Net Income Common Stockholders": NaN,
        "Net Income": NaN,
        "Minority Interests": NaN,
        "Net Income Including Noncontrolling Interests": NaN,
        "Net Income Discontinuous Operations": 0.0,
        "Net Income Continuous Operations": NaN,
        "Tax Provision": NaN,
        "Pretax Income": NaN,
        "Other Income Expense": NaN,
        "Other Non Operating Income Expenses": -29000000.0,
        "Special Income Charges": -1000000000.0,
        "Gain On Sale Of Business": 0.0,
        "Other Special Charges": 1000000000.0,
        "Gain On Sale Of Security": NaN,
        "Net Non Operating Interest Income Expense": NaN,
        "Total Other Finance Cost": NaN,
        "Interest Expense Non Operating": NaN,
        "Interest Income Non Operating": NaN,
        "Operating Income": NaN,
        "Operating Expense": NaN,
        "Research And Development": NaN,
        "Selling General And Administration": NaN,
        "Gross Profit": NaN,
        "Cost Of Revenue": NaN,
        "Total Revenue": NaN,
        "Operating Revenue": NaN
    },
    "2022-07-31": {
        "Tax Effect Of Unusual Items": 0.0,
        "Tax Rate For Calcs": 0.203,
        "Normalized EBITDA": 1270000000.0,
        "Total Unusual Items": -305000000.0,
        "Total Unusual Items Excluding Goodwill": -305000000.0,
        "Net Income From Continuing Operation Net Minority Interest": 511000000.0,
        "Reconciled Depreciation": 744000000.0,
        "Reconciled Cost Of Revenue": 20986000000.0,
        "EBITDA": 1270000000.0,
        "EBIT": 1270000000.0,
        "Net Interest Income": -635000000.0,
        "Interest Expense": 298000000.0,
        "Interest Income": NaN,
        "Normalized Income": 511000000.0,
        "Net Income From Continuing And Discontinued Operation": 511000000.0,
        "Total Expenses": 25155000000.0,
        "Total Operating Income As Reported": 1270000000.0,
        "Diluted Average Shares": 755000000.0,
        "Basic Average Shares": 739000000.0,
        "Diluted EPS": 0.68,
        "Basic EPS": 0.69,
        "Diluted NI Availto Com Stockholders": 511000000.0,
        "Average Dilution Earnings": 0.0,
        "Net Income Common Stockholders": 511000000.0,
        "Net Income": 511000000.0,
        "Minority Interests": 5000000.0,
        "Net Income Including Noncontrolling Interests": 506000000.0,
        "Net Income Discontinuous Operations": 0.0,
        "Net Income Continuous Operations": 506000000.0,
        "Tax Provision": 129000000.0,
        "Pretax Income": 635000000.0,
        "Other Income Expense": -337000000.0,
        "Other Non Operating Income Expenses": -32000000.0,
        "Special Income Charges": NaN,
        "Gain On Sale Of Business": NaN,
        "Other Special Charges": NaN,
        "Gain On Sale Of Security": -305000000.0,
        "Net Non Operating Interest Income Expense": -635000000.0,
        "Total Other Finance Cost": 635000000.0,
        "Interest Expense Non Operating": 298000000.0,
        "Interest Income Non Operating": NaN,
        "Operating Income": 1270000000.0,
        "Operating Expense": 4169000000.0,
        "Research And Development": 626000000.0,
        "Selling General And Administration": 3543000000.0,
        "Gross Profit": 5439000000.0,
        "Cost Of Revenue": 20986000000.0,
        "Total Revenue": 26425000000.0,
        "Operating Revenue": 26425000000.0
    },
    "2022-04-30": {
        "Diluted EPS": 1.37,
        "Total Revenue": NaN,
        "Gross Profit": NaN,
        "Operating Income": NaN,
        "EBIT": NaN,
        "Net Income": NaN
    },
    "2022-01-31": {
        "Diluted EPS": -0.04,
        "Total Revenue": NaN,
        "Gross Profit": NaN,
        "Operating Income": NaN,
        "EBIT": NaN,
        "Net Income": 2
    },
    "2021-10-31": {
        "Diluted EPS": 4.88,
        "Total Revenue": NaN,
        "Gross Profit": NaN,
        "Operating Income": NaN,
        "EBIT": NaN,
        "Net Income": NaN
    },
    "2021-07-31": {
        "Diluted EPS": 1.05,
        "Total Revenue": NaN,
        "Gross Profit": NaN,
        "Operating Income": NaN,
        "EBIT": NaN,
        "Net Income": 831
    },
    "2021-04-30": {
        "Diluted EPS": 1.13,
        "Total Revenue": NaN,
        "Gross Profit": NaN,
        "Operating Income": 987,
        "EBIT": NaN,
        "Net Income": 887
    },
    "2021-01-31": {
        "Diluted EPS": 1.58,
        "Total Revenue": NaN,
        "Gross Profit": NaN,
        "Operating Income": 718,
        "EBIT": NaN,
        "Net Income": NaN
    },
    "2020-10-31": {
        "Diluted EPS": 1.08,
        "Total Revenue": NaN,
        "Gross Profit": NaN,
        "Operating Income": NaN,
        "EBIT": NaN,
        "Net Income": 832
    },
    "2020-07-31": {
        "Diluted EPS": 1.37,
        "Total Revenue": NaN,
        "Gross Profit": NaN,
        "Operating Income": NaN,
        "EBIT": NaN,
        "Net Income": NaN
    },
    "2020-04-30": {
        "Diluted EPS": 0.19,
        "Total Revenue": NaN,
        "Gross Profit": NaN,
        "Operating Income": 702,
        "EBIT": NaN,
        "Net Income": 143
    },
    "2020-01-31": {
        "Diluted EPS": 0.52,
        "Total Revenue": NaN,
        "Gross Profit": -610,
        "Operating Income": 461,
        "EBIT": NaN,
        "Net Income": 408
    },
    "2019-10-31": {
        "Diluted EPS": 0.66,
        "Total Revenue": NaN,
        "Gross Profit": NaN,
        "Operating Income": 836,
        "EBIT": NaN,
        "Net Income": 499
    },
    "2019-07-31": {
        "Diluted EPS": 4.47,
        "Total Revenue": NaN,
        "Gross Profit": NaN,
        "Operating Income": 519,
        "EBIT": NaN,
        "Net Income": NaN
    },
    "2019-04-30": {
        "Diluted EPS": 0.38,
        "Total Revenue": NaN,
        "Gross Profit": NaN,
        "Operating Income": 550,
        "EBIT": NaN,
        "Net Income": 293
    },
    "2019-01-31": {
        "Diluted EPS": -0.34,
        "Total Revenue": NaN,
        "Gross Profit": NaN,
        "Operating Income": 331,
        "EBIT": NaN,
        "Net Income": -299
    },
    "2018-10-31": {
        "Diluted EPS": -1.14,
        "Total Revenue": NaN,
        "Gross Profit": NaN,
        "Operating Income": -356,
        "EBIT": NaN,
        "Net Income": -876
    },
    "2018-07-31": {
        "Diluted EPS": -0.65,
        "Total Revenue": NaN,
        "Gross Profit": NaN,
        "Operating Income": -13,
        "EBIT": NaN,
        "Net Income": -499
    },
    "2018-04-30": {
        "Diluted EPS": -0.83,
        "Total Revenue": NaN,
        "Gross Profit": NaN,
        "Operating Income": -153,
        "EBIT": NaN,
        "Net Income": -636
    },
    "2018-01-31": {
        "Diluted EPS": -0.14,
        "Total Revenue": NaN,
        "Gross Profit": NaN,
        "Operating Income": -69,
        "EBIT": NaN,
        "Net Income": -100
    },
    "2017-10-31": {
        "Diluted EPS": -1.1,
        "Total Revenue": NaN,
        "Gross Profit": NaN,
        "Operating Income": -410,
        "EBIT": NaN,
        "Net Income": -846
    },
    "2017-07-31": {
        "Diluted EPS": -0.95,
        "Total Revenue": NaN,
        "Gross Profit": NaN,
        "Operating Income": -665,
        "EBIT": NaN,
        "Net Income": -732
    },
    "2017-04-30": {
        "Diluted EPS": -1.51,
        "Total Revenue": NaN,
        "Gross Profit": NaN,
        "Operating Income": NaN,
        "EBIT": 986,
        "Net Income": NaN
    },
    "2017-01-31": {
        "Diluted EPS": -0.44,
        "Total Revenue": NaN,
        "Gross Profit": NaN,
        "Operating Income": -806,
        "EBIT": NaN,
        "Net Income": 269
    },
    "2016-10-31": {
        "Diluted EPS": -2.87,
        "Total Revenue": NaN,
        "Gross Profit": NaN,
        "Operating Income": NaN,
        "EBIT": 181,
        "Net Income": NaN
    },
    "2016-07-31": {
        "Diluted EPS": 1.41,
        "Total Revenue": NaN,
        "Gross Profit": NaN,
        "Operating Income": 67,
        "EBIT": 708,
        "Net Income": 573
    },
    "2016-04-30": {
        "Diluted EPS": 0.14,
        "Total Revenue": NaN,
        "Gross Profit": NaN,
        "Operating Income": -139,
        "EBIT": 565,
        "Net Income": 55
    },
    "2016-01-31": {
        "Diluted EPS": -0.38,
        "Total Revenue": NaN,
        "Gross Profit": NaN,
        "Operating Income": -7,
        "EBIT": 709,
        "Net Income": -155
    },
    "2015-10-31": {
        "Diluted EPS": -0.44,
        "Total Revenue": NaN,
        "Gross Profit": NaN,
        "Operating Income": -78,
        "EBIT": 641,
        "Net Income": -180
    },
    "2015-07-31": {
        "Diluted EPS": -0.65,
        "Total Revenue": NaN,
        "Gross Profit": NaN,
        "Operating Income": -103,
        "EBIT": 616,
        "Net Income": -265
    },
    "2015-04-30": {
        "Diluted EPS": -1.24,
        "Total Revenue": NaN,
        "Gross Profit": NaN,
        "Operating Income": -335,
        "EBIT": 383,
        "Net Income": -504
    },
    "2015-01-31": {
        "Diluted EPS": 0.0,
        "Total Revenue": NaN,
        "Gross Profit": NaN,
        "Operating Income": NaN,
        "EBIT": NaN,
        "Net Income": NaN
    },
    "2014-01-31": {
        "Diluted EPS": 0.0,
        "Total Revenue": NaN,
        "Gross Profit": NaN,
        "Operating Income": NaN,
        "EBIT": NaN,
        "Net Income": NaN
    },
    "2023-07-31": {
        "Tax Effect Of Unusual Items": NaN,
        "Tax Rate For Calcs": NaN,
        "Normalized EBITDA": NaN,
        "Total Unusual Items": NaN,
        "Total Unusual Items Excluding Goodwill": NaN,
        "Net Income From Continuing Operation Net Minority Interest": NaN,
        "Reconciled Depreciation": NaN,
        "Reconciled Cost Of Revenue": NaN,
        "EBITDA": NaN,
        "EBIT": NaN,
        "Net Interest Income": NaN,
        "Interest Expense": NaN,
        "Interest Income": NaN,
        "Normalized Income": NaN,
        "Net Income From Continuing And Discontinued Operation": NaN,
        "Total Expenses": NaN,
        "Total Operating Income As Reported": NaN,
        "Diluted Average Shares": NaN,
        "Basic Average Shares": NaN,
        "Diluted EPS": NaN,
        "Basic EPS": NaN,
        "Diluted NI Availto Com Stockholders": NaN,
        "Net Income Common Stockholders": NaN,
        "Net Income": NaN,
        "Minority Interests": NaN,
        "Net Income Including Noncontrolling Interests": NaN,
        "Net Income Continuous Operations": NaN,
        "Tax Provision": NaN,
        "Pretax Income": NaN,
        "Other Income Expense": NaN,
        "Other Non Operating Income Expenses": -71000000.0,
        "Special Income Charges": NaN,
        "Gain On Sale Of Security": NaN,
        "Net Non Operating Interest Income Expense": NaN,
        "Total Other Finance Cost": NaN,
        "Interest Expense Non Operating": NaN,
        "Interest Income Non Operating": NaN,
        "Operating Income": NaN,
        "Operating Expense": NaN,
        "Research And Development": NaN,
        "Selling General And Administration": NaN,
        "Gross Profit": NaN,
        "Cost Of Revenue": NaN,
        "Total Revenue": NaN,
        "Operating Revenue": NaN
    },
    "2023-10-31": {
        "Tax Effect Of Unusual Items": -3278000.0,
        "Tax Rate For Calcs": 0.149,
        "Normalized EBITDA": 2396000000.0,
        "Total Unusual Items": -22000000.0,
        "Total Unusual Items Excluding Goodwill": -22000000.0,
        "Net Income From Continuing Operation Net Minority Interest": 1006000000.0,
        "Reconciled Depreciation": 822000000.0,
        "Reconciled Cost Of Revenue": 17103000000.0,
        "EBITDA": 2374000000.0,
        "EBIT": 1552000000.0,
        "Net Interest Income": -284000000.0,
        "Interest Expense": 372000000.0,
        "Interest Income": 88000000.0,
        "Normalized Income": 1024722000.0,
        "Net Income From Continuing And Discontinued Operation": 1006000000.0,
        "Total Expenses": 20765000000.0,
        "Total Operating Income As Reported": 1486000000.0,
        "Diluted Average Shares": 740000000.0,
        "Basic Average Shares": 722000000.0,
        "Diluted EPS": 1.36,
        "Basic EPS": 1.39,
        "Diluted NI Availto Com Stockholders": 1006000000.0,
        "Net Income Common Stockholders": 1006000000.0,
        "Net Income": 1006000000.0,
        "Minority Interests": 2000000.0,
        "Net Income Including Noncontrolling Interests": 1004000000.0,
        "Net Income Continuous Operations": 1004000000.0,
        "Tax Provision": 176000000.0,
        "Pretax Income": 1180000000.0,
        "Other Income Expense": -22000000.0,
        "Other Non Operating Income Expenses": -1000000.0,
        "Special Income Charges": 0.0,
        "Gain On Sale Of Security": -22000000.0,
        "Net Non Operating Interest Income Expense": -284000000.0,
        "Total Other Finance Cost": NaN,
        "Interest Expense Non Operating": 372000000.0,
        "Interest Income Non Operating": 88000000.0,
        "Operating Income": 1486000000.0,
        "Operating Expense": 3662000000.0,
        "Research And Development": 692000000.0,
        "Selling General And Administration": 2970000000.0,
        "Gross Profit": 5148000000.0,
        "Cost Of Revenue": 17103000000.0,
        "Total Revenue": 22251000000.0,
        "Operating Revenue": 22251000000.0
    },
    "2024-01-31": {
        "Tax Effect Of Unusual Items": 7973602.484472,
        "Tax Rate For Calcs": 0.100932,
        "Normalized EBITDA": 2423000000.0,
        "Total Unusual Items": 79000000.0,
        "Total Unusual Items Excluding Goodwill": 79000000.0,
        "Net Income From Continuing Operation Net Minority Interest": 1160000000.0,
        "Reconciled Depreciation": 841000000.0,
        "Reconciled Cost Of Revenue": 17002000000.0,
        "EBITDA": 2502000000.0,
        "EBIT": 1661000000.0,
        "Net Interest Income": -281000000.0,
        "Interest Expense": 373000000.0,
        "Interest Income": 92000000.0,
        "Normalized Income": 1088973602.484472,
        "Net Income From Continuing And Discontinued Operation": 1160000000.0,
        "Total Expenses": 20827000000.0,
        "Total Operating Income As Reported": 1491000000.0,
        "Diluted Average Shares": 706335200.0,
        "Basic Average Shares": 706335200.0,
        "Diluted EPS": 1.64228,
        "Basic EPS": 1.64228,
        "Diluted NI Availto Com Stockholders": 1160000000.0,
        "Net Income Common Stockholders": 1160000000.0,
        "Net Income": 1160000000.0,
        "Minority Interests": 2000000.0,
        "Net Income Including Noncontrolling Interests": 1158000000.0,
        "Net Income Continuous Operations": 1158000000.0,
        "Tax Provision": 130000000.0,
        "Pretax Income": 1288000000.0,
        "Other Income Expense": 78000000.0,
        "Other Non Operating Income Expenses": -1000000.0,
        "Special Income Charges": 68000000.0,
        "Gain On Sale Of Security": 11000000.0,
        "Net Non Operating Interest Income Expense": -281000000.0,
        "Total Other Finance Cost": NaN,
        "Interest Expense Non Operating": 373000000.0,
        "Interest Income Non Operating": 92000000.0,
        "Operating Income": 1491000000.0,
        "Operating Expense": 3825000000.0,
        "Research And Development": 716000000.0,
        "Selling General And Administration": 3109000000.0,
        "Gross Profit": 5316000000.0,
        "Cost Of Revenue": 17002000000.0,
        "Total Revenue": 22318000000.0,
        "Operating Revenue": 22318000000.0
    },
    "2024-07-31": {
        "Tax Effect Of Unusual Items": -1200000.0,
        "Tax Rate For Calcs": 0.15,
        "Normalized EBITDA": 2168000000.0,
        "Total Unusual Items": -8000000.0,
        "Total Unusual Items Excluding Goodwill": -8000000.0,
        "Net Income From Continuing Operation Net Minority Interest": 846000000.0,
        "Reconciled Depreciation": 784000000.0,
        "Reconciled Cost Of Revenue": 19715000000.0,
        "EBITDA": 2160000000.0,
        "EBIT": 1376000000.0,
        "Net Interest Income": -345000000.0,
        "Interest Expense": 387000000.0,
        "Interest Income": 42000000.0,
        "Normalized Income": 852800000.0,
        "Net Income From Continuing And Discontinued Operation": 846000000.0,
        "Total Expenses": 23684000000.0,
        "Total Operating Income As Reported": 1342000000.0,
        "Diluted Average Shares": 723076923.0,
        "Basic Average Shares": 705621967.0,
        "Diluted EPS": 1.17,
        "Basic EPS": 1.196083,
        "Diluted NI Availto Com Stockholders": 846000000.0,
        "Net Income Common Stockholders": 846000000.0,
        "Net Income": 846000000.0,
        "Minority Interests": 5000000.0,
        "Net Income Including Noncontrolling Interests": 841000000.0,
        "Net Income Continuous Operations": 841000000.0,
        "Tax Provision": 148000000.0,
        "Pretax Income": 989000000.0,
        "Other Income Expense": -8000000.0,
        "Other Non Operating Income Expenses": NaN,
        "Special Income Charges": NaN,
        "Gain On Sale Of Security": -8000000.0,
        "Net Non Operating Interest Income Expense": -345000000.0,
        "Total Other Finance Cost": NaN,
        "Interest Expense Non Operating": 387000000.0,
        "Interest Income Non Operating": 42000000.0,
        "Operating Income": 1342000000.0,
        "Operating Expense": 3969000000.0,
        "Research And Development": 780000000.0,
        "Selling General And Administration": 3189000000.0,
        "Gross Profit": 5311000000.0,
        "Cost Of Revenue": 19715000000.0,
        "Total Revenue": 25026000000.0,
        "Operating Revenue": 25026000000.0
    },
    "2024-04-30": {
        "Tax Effect Of Unusual Items": -14280000.0,
        "Tax Rate For Calcs": 0.21,
        "Normalized EBITDA": 1774000000.0,
        "Total Unusual Items": -68000000.0,
        "Total Unusual Items Excluding Goodwill": -68000000.0,
        "Net Income From Continuing Operation Net Minority Interest": 960000000.0,
        "Reconciled Depreciation": 800000000.0,
        "Reconciled Cost Of Revenue": 17438000000.0,
        "EBITDA": 1706000000.0,
        "EBIT": 906000000.0,
        "Net Interest Income": -305000000.0,
        "Interest Expense": 359000000.0,
        "Interest Income": 54000000.0,
        "Normalized Income": 1013720000.0,
        "Net Income From Continuing And Discontinued Operation": 960000000.0,
        "Total Expenses": 21324000000.0,
        "Total Operating Income As Reported": 920000000.0,
        "Diluted Average Shares": 710455138.0,
        "Basic Average Shares": 710455138.0,
        "Diluted EPS": 1.344933,
        "Basic EPS": 1.344933,
        "Diluted NI Availto Com Stockholders": 960000000.0,
        "Net Income Common Stockholders": 960000000.0,
        "Net Income": 960000000.0,
        "Minority Interests": 5000000.0,
        "Net Income Including Noncontrolling Interests": 955000000.0,
        "Net Income Continuous Operations": 955000000.0,
        "Tax Provision": -408000000.0,
        "Pretax Income": 547000000.0,
        "Other Income Expense": -68000000.0,
        "Other Non Operating Income Expenses": NaN,
        "Special Income Charges": NaN,
        "Gain On Sale Of Security": -68000000.0,
        "Net Non Operating Interest Income Expense": -305000000.0,
        "Total Other Finance Cost": NaN,
        "Interest Expense Non Operating": 359000000.0,
        "Interest Income Non Operating": 54000000.0,
        "Operating Income": 920000000.0,
        "Operating Expense": 3886000000.0,
        "Research And Development": 763000000.0,
        "Selling General And Administration": 3123000000.0,
        "Gross Profit": 4806000000.0,
        "Cost Of Revenue": 17438000000.0,
        "Total Revenue": 22244000000.0,
        "Operating Revenue": 22244000000.0
    },
    "2024-10-31": {
        "Tax Effect Of Unusual Items": 3230000.0,
        "Tax Rate For Calcs": 0.19,
        "Normalized EBITDA": 2468000000.0,
        "Total Unusual Items": 17000000.0,
        "Total Unusual Items Excluding Goodwill": 17000000.0,
        "Net Income From Continuing Operation Net Minority Interest": 1132000000.0,
        "Reconciled Depreciation": 765000000.0,
        "Reconciled Cost Of Revenue": 19059000000.0,
        "EBITDA": 2485000000.0,
        "EBIT": 1720000000.0,
        "Net Interest Income": -293000000.0,
        "Interest Expense": 328000000.0,
        "Interest Income": 35000000.0,
        "Normalized Income": 1118230000.0,
        "Net Income From Continuing And Discontinued Operation": 1132000000.0,
        "Total Expenses": 22698000000.0,
        "Total Operating Income As Reported": 1668000000.0,
        "Diluted Average Shares": 716455696.0,
        "Basic Average Shares": 701996435.0,
        "Diluted EPS": 1.58,
        "Basic EPS": 1.612544,
        "Diluted NI Availto Com Stockholders": 1132000000.0,
        "Net Income Common Stockholders": 1132000000.0,
        "Net Income": 1132000000.0,
        "Minority Interests": 5000000.0,
        "Net Income Including Noncontrolling Interests": 1127000000.0,
        "Net Income Continuous Operations": 1127000000.0,
        "Tax Provision": 265000000.0,
        "Pretax Income": 1392000000.0,
        "Other Income Expense": 17000000.0,
        "Other Non Operating Income Expenses": NaN,
        "Special Income Charges": NaN,
        "Gain On Sale Of Security": 17000000.0,
        "Net Non Operating Interest Income Expense": -293000000.0,
        "Total Other Finance Cost": NaN,
        "Interest Expense Non Operating": 328000000.0,
        "Interest Income Non Operating": 35000000.0,
        "Operating Income": 1668000000.0,
        "Operating Expense": 3639000000.0,
        "Research And Development": 745000000.0,
        "Selling General And Administration": 2894000000.0,
        "Gross Profit": 5307000000.0,
        "Cost Of Revenue": 19059000000.0,
        "Total Revenue": 24366000000.0,
        "Operating Revenue": 24366000000.0
    }
}