{
    "2023-03-31": {
        "Tax Effect Of Unusual Items": 0.0,
        "Tax Rate For Calcs": 0.0,
        "Normalized EBITDA": -4266280.0,
        "Total Unusual Items": NaN,
        "Total Unusual Items Excluding Goodwill": NaN,
        "Net Income From Continuing Operation Net Minority Interest": -4092384.0,
        "Reconciled Depreciation": NaN,
        "EBIT": -4266280.0,
        "Net Interest Income": 173897.0,
        "Interest Income": 173897.0,
        "Normalized Income": -4092384.0,
        "Net Income From Continuing And Discontinued Operation": -4092384.0,
        "Total Expenses": 4266280.0,
        "Total Operating Income As Reported": -4266281.0,
        "Diluted Average Shares": 2039737.0,
        "Basic Average Shares": 2039737.0,
        "Diluted EPS": -1.95,
        "Basic EPS": -1.95,
        "Diluted NI Availto Com Stockholders": -4092384.0,
        "Net Income Common Stockholders": -4092384.0,
        "Net Income": -4092384.0,
        "Net Income Including Noncontrolling Interests": -4092384.0,
        "Net Income Continuous Operations": -4092384.0,
        "Tax Provision": NaN,
        "Pretax Income": -4092384.0,
        "Special Income Charges": NaN,
        "Impairment Of Capital Assets": NaN,
        "Net Non Operating Interest Income Expense": 173897.0,
        "Interest Income Non Operating": 173897.0,
        "Operating Income": -4266280.0,
        "Operating Expense": 4266280.0,
        "Depreciation Amortization Depletion Income Statement": NaN,
        "Depreciation And Amortization In Income Statement": NaN,
        "Depreciation Income Statement": NaN,
        "Research And Development": 1308589.0,
        "Selling General And Administration": 2957691.0,
        "General And Administrative Expense": 2957691.0,
        "Other Gand A": 2957691.0,
        "Total Revenue": 0.0,
        "Operating Revenue": 0.0
    },
    "2022-12-31": {
        "Tax Effect Of Unusual Items": 0.0,
        "Tax Rate For Calcs": 0.0,
        "Normalized EBITDA": -4248819.0,
        "Total Unusual Items": 0.0,
        "Total Unusual Items Excluding Goodwill": 0.0,
        "Net Income From Continuing Operation Net Minority Interest": -4075964.0,
        "Reconciled Depreciation": 0.0,
        "EBIT": -4248819.0,
        "Net Interest Income": 172855.0,
        "Interest Income": 172855.0,
        "Normalized Income": -4075964.0,
        "Net Income From Continuing And Discontinued Operation": -4075964.0,
        "Total Expenses": 4248819.0,
        "Total Operating Income As Reported": -27695541.0,
        "Diluted Average Shares": NaN,
        "Basic Average Shares": NaN,
        "Diluted EPS": NaN,
        "Basic EPS": NaN,
        "Diluted NI Availto Com Stockholders": -4075964.0,
        "Net Income Common Stockholders": -4075964.0,
        "Net Income": -4075964.0,
        "Net Income Including Noncontrolling Interests": -4075964.0,
        "Net Income Continuous Operations": -4075964.0,
        "Tax Provision": 0.0,
        "Pretax Income": -4075964.0,
        "Special Income Charges": 0.0,
        "Impairment Of Capital Assets": 0.0,
        "Net Non Operating Interest Income Expense": 172855.0,
        "Interest Income Non Operating": 172855.0,
        "Operating Income": -4248819.0,
        "Operating Expense": 4248819.0,
        "Depreciation Amortization Depletion Income Statement": 0.0,
        "Depreciation And Amortization In Income Statement": 0.0,
        "Depreciation Income Statement": 0.0,
        "Research And Development": 1904467.0,
        "Selling General And Administration": 2344352.0,
        "General And Administrative Expense": 2344352.0,
        "Other Gand A": 2344352.0,
        "Total Revenue": 0.0,
        "Operating Revenue": 0.0
    },
    "2022-09-30": {
        "Tax Effect Of Unusual Items": 0.0,
        "Tax Rate For Calcs": 0.0,
        "Normalized EBITDA": -2923032.0,
        "Total Unusual Items": 0.0,
        "Total Unusual Items Excluding Goodwill": 0.0,
        "Net Income From Continuing Operation Net Minority Interest": -2798322.0,
        "Reconciled Depreciation": 0.0,
        "EBIT": -2923032.0,
        "Net Interest Income": 124710.0,
        "Interest Income": 124710.0,
        "Normalized Income": -2798322.0,
        "Net Income From Continuing And Discontinued Operation": -2798322.0,
        "Total Expenses": 2923032.0,
        "Total Operating Income As Reported": 2923032.0,
        "Diluted Average Shares": 2039089.0,
        "Basic Average Shares": 2039089.0,
        "Diluted EPS": -1.37,
        "Basic EPS": -1.37,
        "Diluted NI Availto Com Stockholders": -2798322.0,
        "Net Income Common Stockholders": -2798322.0,
        "Net Income": -2798322.0,
        "Net Income Including Noncontrolling Interests": -2798322.0,
        "Net Income Continuous Operations": -2798322.0,
        "Tax Provision": 0.0,
        "Pretax Income": -2798322.0,
        "Special Income Charges": 0.0,
        "Impairment Of Capital Assets": 0.0,
        "Net Non Operating Interest Income Expense": 124710.0,
        "Interest Income Non Operating": 124710.0,
        "Operating Income": -2923032.0,
        "Operating Expense": 2923032.0,
        "Depreciation Amortization Depletion Income Statement": 0.0,
        "Depreciation And Amortization In Income Statement": 0.0,
        "Depreciation Income Statement": 0.0,
        "Research And Development": 798247.0,
        "Selling General And Administration": 2124785.0,
        "General And Administrative Expense": 2124785.0,
        "Other Gand A": 2124785.0,
        "Total Revenue": 0.0,
        "Operating Revenue": 0.0
    },
    "2022-06-30": {
        "Tax Effect Of Unusual Items": 0.0,
        "Tax Rate For Calcs": 0.0,
        "Normalized EBITDA": -4245879.0,
        "Total Unusual Items": NaN,
        "Total Unusual Items Excluding Goodwill": NaN,
        "Net Income From Continuing Operation Net Minority Interest": -4190501.0,
        "Reconciled Depreciation": 0.0,
        "EBIT": -4245879.0,
        "Net Interest Income": 55378.0,
        "Interest Income": 55378.0,
        "Normalized Income": -4190501.0,
        "Net Income From Continuing And Discontinued Operation": -4190501.0,
        "Total Expenses": 4245879.0,
        "Total Operating Income As Reported": -4245879.0,
        "Diluted Average Shares": 2038727.0,
        "Basic Average Shares": 2038727.0,
        "Diluted EPS": -2.06,
        "Basic EPS": -2.06,
        "Diluted NI Availto Com Stockholders": -4190501.0,
        "Net Income Common Stockholders": -4190501.0,
        "Net Income": -4190501.0,
        "Net Income Including Noncontrolling Interests": -4190501.0,
        "Net Income Continuous Operations": -4190501.0,
        "Tax Provision": NaN,
        "Pretax Income": -4190501.0,
        "Special Income Charges": NaN,
        "Impairment Of Capital Assets": NaN,
        "Net Non Operating Interest Income Expense": 55378.0,
        "Interest Income Non Operating": 55378.0,
        "Operating Income": -4245879.0,
        "Operating Expense": 4245879.0,
        "Depreciation Amortization Depletion Income Statement": 0.0,
        "Depreciation And Amortization In Income Statement": 0.0,
        "Depreciation Income Statement": 0.0,
        "Research And Development": 2108553.0,
        "Selling General And Administration": 2137326.0,
        "General And Administrative Expense": 2137326.0,
        "Other Gand A": 2137326.0,
        "Total Revenue": 0.0,
        "Operating Revenue": 0.0
    },
    "2022-03-31": {
        "Diluted EPS": -2.22,
        "Total Revenue": NaN,
        "Gross Profit": NaN,
        "Operating Income": -5,
        "EBIT": -5,
        "Net Income": -5
    },
    "2021-12-31": {
        "Diluted EPS": -1.73,
        "Total Revenue": NaN,
        "Gross Profit": NaN,
        "Operating Income": -3,
        "EBIT": -12,
        "Net Income": -3
    },
    "2021-09-30": {
        "Diluted EPS": -5.99,
        "Total Revenue": NaN,
        "Gross Profit": NaN,
        "Operating Income": -13,
        "EBIT": -4,
        "Net Income": -12
    },
    "2021-06-30": {
        "Diluted EPS": -1.85,
        "Total Revenue": NaN,
        "Gross Profit": NaN,
        "Operating Income": -4,
        "EBIT": -4,
        "Net Income": -4
    },
    "2021-03-31": {
        "Diluted EPS": -2.81,
        "Total Revenue": NaN,
        "Gross Profit": NaN,
        "Operating Income": -5,
        "EBIT": -5,
        "Net Income": -5
    },
    "2020-12-31": {
        "Diluted EPS": -3.0,
        "Total Revenue": NaN,
        "Gross Profit": NaN,
        "Operating Income": -4,
        "EBIT": -4,
        "Net Income": -4
    },
    "2020-09-30": {
        "Diluted EPS": -3.5,
        "Total Revenue": NaN,
        "Gross Profit": NaN,
        "Operating Income": -5,
        "EBIT": -5,
        "Net Income": -4
    },
    "2020-06-30": {
        "Diluted EPS": -5.0,
        "Total Revenue": NaN,
        "Gross Profit": NaN,
        "Operating Income": -4,
        "EBIT": -4,
        "Net Income": -5
    },
    "2020-03-31": {
        "Diluted EPS": -3.5,
        "Total Revenue": NaN,
        "Gross Profit": NaN,
        "Operating Income": -3,
        "EBIT": -3,
        "Net Income": -3
    },
    "2019-12-31": {
        "Diluted EPS": 14.0,
        "Total Revenue": NaN,
        "Gross Profit": NaN,
        "Operating Income": -3,
        "EBIT": -3,
        "Net Income": -4
    },
    "2019-09-30": {
        "Diluted EPS": -30.0,
        "Total Revenue": NaN,
        "Gross Profit": NaN,
        "Operating Income": -3,
        "EBIT": -3,
        "Net Income": -3
    },
    "2019-06-30": {
        "Diluted EPS": -31.5,
        "Total Revenue": NaN,
        "Gross Profit": NaN,
        "Operating Income": -3,
        "EBIT": -3,
        "Net Income": -2
    },
    "2019-03-31": {
        "Diluted EPS": -40.5,
        "Total Revenue": NaN,
        "Gross Profit": NaN,
        "Operating Income": -3,
        "EBIT": -3,
        "Net Income": -3
    },
    "2018-12-31": {
        "Diluted EPS": -64.5,
        "Total Revenue": NaN,
        "Gross Profit": NaN,
        "Operating Income": -6,
        "EBIT": -3,
        "Net Income": -6
    },
    "2018-09-30": {
        "Diluted EPS": -99.5,
        "Total Revenue": NaN,
        "Gross Profit": NaN,
        "Operating Income": -7,
        "EBIT": -3,
        "Net Income": -7
    },
    "2018-06-30": {
        "Diluted EPS": -41.0,
        "Total Revenue": NaN,
        "Gross Profit": NaN,
        "Operating Income": -3,
        "EBIT": -3,
        "Net Income": -3
    },
    "2018-03-31": {
        "Diluted EPS": -205.5,
        "Total Revenue": NaN,
        "Gross Profit": NaN,
        "Operating Income": -3,
        "EBIT": -3,
        "Net Income": -12
    },
    "2017-12-31": {
        "Diluted EPS": NaN,
        "Total Revenue": NaN,
        "Gross Profit": NaN,
        "Operating Income": -2,
        "EBIT": -2,
        "Net Income": 14
    },
    "2017-09-30": {
        "Diluted EPS": 149.93,
        "Total Revenue": NaN,
        "Gross Profit": NaN,
        "Operating Income": -3,
        "EBIT": -3,
        "Net Income": 3
    },
    "2017-06-30": {
        "Diluted EPS": -749.63,
        "Total Revenue": NaN,
        "Gross Profit": NaN,
        "Operating Income": -3,
        "EBIT": -3,
        "Net Income": 9
    },
    "2017-03-31": {
        "Diluted EPS": NaN,
        "Total Revenue": NaN,
        "Gross Profit": NaN,
        "Operating Income": -3,
        "EBIT": -3,
        "Net Income": -29
    },
    "2016-12-31": {
        "Diluted EPS": -179.91,
        "Total Revenue": NaN,
        "Gross Profit": NaN,
        "Operating Income": -3,
        "EBIT": -3,
        "Net Income": -3
    },
    "2016-09-30": {
        "Diluted EPS": -397.3,
        "Total Revenue": NaN,
        "Gross Profit": NaN,
        "Operating Income": -6,
        "EBIT": -5,
        "Net Income": -5
    },
    "2016-06-30": {
        "Diluted EPS": -277.36,
        "Total Revenue": NaN,
        "Gross Profit": NaN,
        "Operating Income": -4,
        "EBIT": -4,
        "Net Income": -4
    },
    "2016-03-31": {
        "Diluted EPS": -464.77,
        "Total Revenue": NaN,
        "Gross Profit": NaN,
        "Operating Income": -6,
        "EBIT": -6,
        "Net Income": -6
    },
    "2015-12-31": {
        "Diluted EPS": -539.73,
        "Total Revenue": NaN,
        "Gross Profit": NaN,
        "Operating Income": -3,
        "EBIT": -2,
        "Net Income": -3
    },
    "2015-09-30": {
        "Diluted EPS": -479.76,
        "Total Revenue": NaN,
        "Gross Profit": NaN,
        "Operating Income": -1,
        "EBIT": -1,
        "Net Income": -1
    },
    "2015-06-30": {
        "Diluted EPS": -449.78,
        "Total Revenue": NaN,
        "Gross Profit": NaN,
        "Operating Income": -1,
        "EBIT": -1,
        "Net Income": -1
    },
    "2015-03-31": {
        "Diluted EPS": -449.78,
        "Total Revenue": NaN,
        "Gross Profit": NaN,
        "Operating Income": -1,
        "EBIT": -1,
        "Net Income": -1
    },
    "2014-12-31": {
        "Diluted EPS": NaN,
        "Total Revenue": NaN,
        "Gross Profit": NaN,
        "Operating Income": -8,
        "EBIT": -2,
        "Net Income": -5
    },
    "2014-09-30": {
        "Diluted EPS": NaN,
        "Total Revenue": NaN,
        "Gross Profit": NaN,
        "Operating Income": -4,
        "EBIT": -3,
        "Net Income": -3
    },
    "2014-06-30": {
        "Diluted EPS": NaN,
        "Total Revenue": NaN,
        "Gross Profit": NaN,
        "Operating Income": -2,
        "EBIT": -1,
        "Net Income": -4
    },
    "2014-03-31": {
        "Diluted EPS": NaN,
        "Total Revenue": NaN,
        "Gross Profit": NaN,
        "Operating Income": -1,
        "EBIT": -1,
        "Net Income": -1
    },
    "2013-12-31": {
        "Diluted EPS": NaN,
        "Total Revenue": NaN,
        "Gross Profit": NaN,
        "Operating Income": -1,
        "EBIT": -1,
        "Net Income": -1
    },
    "2013-09-30": {
        "Diluted EPS": NaN,
        "Total Revenue": NaN,
        "Gross Profit": NaN,
        "Operating Income": -2,
        "EBIT": -1,
        "Net Income": -2
    },
    "2013-06-30": {
        "Diluted EPS": NaN,
        "Total Revenue": NaN,
        "Gross Profit": NaN,
        "Operating Income": -8,
        "EBIT": -6,
        "Net Income": 2
    },
    "2013-03-31": {
        "Diluted EPS": NaN,
        "Total Revenue": NaN,
        "Gross Profit": NaN,
        "Operating Income": -2,
        "EBIT": -2,
        "Net Income": -3
    },
    "2012-12-31": {
        "Diluted EPS": NaN,
        "Total Revenue": NaN,
        "Gross Profit": 0,
        "Operating Income": -4,
        "EBIT": -3,
        "Net Income": 16
    },
    "2012-09-30": {
        "Diluted EPS": -0.02,
        "Total Revenue": 0,
        "Gross Profit": 0,
        "Operating Income": -3,
        "EBIT": -2,
        "Net Income": -1
    },
    "2012-06-30": {
        "Diluted EPS": -0.24,
        "Total Revenue": 0,
        "Gross Profit": 0,
        "Operating Income": -2,
        "EBIT": -2,
        "Net Income": -21
    },
    "2012-03-31": {
        "Diluted EPS": 0.0,
        "Total Revenue": 0,
        "Gross Profit": 0,
        "Operating Income": -2,
        "EBIT": -2,
        "Net Income": 0
    },
    "2011-12-31": {
        "Diluted EPS": NaN,
        "Total Revenue": 0,
        "Gross Profit": -2,
        "Operating Income": -9,
        "EBIT": -7,
        "Net Income": -8
    },
    "2011-09-30": {
        "Diluted EPS": -0.06,
        "Total Revenue": 0,
        "Gross Profit": 0,
        "Operating Income": -4,
        "EBIT": -4,
        "Net Income": -4
    },
    "2011-06-30": {
        "Diluted EPS": -0.03,
        "Total Revenue": NaN,
        "Gross Profit": NaN,
        "Operating Income": -2,
        "EBIT": -2,
        "Net Income": -2
    },
    "2011-03-31": {
        "Diluted EPS": -0.03,
        "Total Revenue": NaN,
        "Gross Profit": NaN,
        "Operating Income": -2,
        "EBIT": -2,
        "Net Income": -2
    },
    "2010-12-31": {
        "Diluted EPS": NaN,
        "Total Revenue": 0,
        "Gross Profit": 0,
        "Operating Income": 1,
        "EBIT": 1,
        "Net Income": -3
    },
    "2010-09-30": {
        "Diluted EPS": NaN,
        "Total Revenue": NaN,
        "Gross Profit": NaN,
        "Operating Income": -2,
        "EBIT": -2,
        "Net Income": -2
    },
    "2010-06-30": {
        "Diluted EPS": NaN,
        "Total Revenue": NaN,
        "Gross Profit": NaN,
        "Operating Income": -1,
        "EBIT": -1,
        "Net Income": -2
    },
    "2010-03-31": {
        "Diluted EPS": NaN,
        "Total Revenue": NaN,
        "Gross Profit": NaN,
        "Operating Income": 0,
        "EBIT": 0,
        "Net Income": -4
    },
    "2009-12-31": {
        "Diluted EPS": NaN,
        "Total Revenue": NaN,
        "Gross Profit": NaN,
        "Operating Income": NaN,
        "EBIT": 0,
        "Net Income": -2
    },
    "2009-09-30": {
        "Diluted EPS": NaN,
        "Total Revenue": NaN,
        "Gross Profit": NaN,
        "Operating Income": 0,
        "EBIT": 0,
        "Net Income": -1
    },
    "2009-06-30": {
        "Diluted EPS": NaN,
        "Total Revenue": NaN,
        "Gross Profit": NaN,
        "Operating Income": 0,
        "EBIT": 0,
        "Net Income": -1
    },
    "2009-03-31": {
        "Diluted EPS": NaN,
        "Total Revenue": NaN,
        "Gross Profit": NaN,
        "Operating Income": NaN,
        "EBIT": NaN,
        "Net Income": 0
    },
    "2023-06-30": {
        "Tax Effect Of Unusual Items": 0.0,
        "Tax Rate For Calcs": 0.0,
        "Normalized EBITDA": -2292558.0,
        "Total Unusual Items": NaN,
        "Total Unusual Items Excluding Goodwill": NaN,
        "Net Income From Continuing Operation Net Minority Interest": -2113102.0,
        "Reconciled Depreciation": NaN,
        "EBIT": -2292558.0,
        "Net Interest Income": 179456.0,
        "Interest Income": 179456.0,
        "Normalized Income": -2113102.0,
        "Net Income From Continuing And Discontinued Operation": -2113102.0,
        "Total Expenses": 2292558.0,
        "Total Operating Income As Reported": -2292558.0,
        "Diluted Average Shares": 2040066.0,
        "Basic Average Shares": 2040066.0,
        "Diluted EPS": -1.04,
        "Basic EPS": -1.04,
        "Diluted NI Availto Com Stockholders": -2113102.0,
        "Net Income Common Stockholders": -2113102.0,
        "Net Income": -2113102.0,
        "Net Income Including Noncontrolling Interests": -2113102.0,
        "Net Income Continuous Operations": -2113102.0,
        "Tax Provision": NaN,
        "Pretax Income": -2113102.0,
        "Special Income Charges": NaN,
        "Impairment Of Capital Assets": NaN,
        "Net Non Operating Interest Income Expense": 179456.0,
        "Interest Income Non Operating": 179456.0,
        "Operating Income": -2292558.0,
        "Operating Expense": 2292558.0,
        "Depreciation Amortization Depletion Income Statement": NaN,
        "Depreciation And Amortization In Income Statement": NaN,
        "Depreciation Income Statement": NaN,
        "Research And Development": 72185.0,
        "Selling General And Administration": 2220373.0,
        "General And Administrative Expense": 2220373.0,
        "Other Gand A": 2220373.0,
        "Total Revenue": 0.0,
        "Operating Revenue": 0.0
    }
}