{
    "2023-03-31": {
        "Tax Effect Of Unusual Items": 0.0,
        "Tax Rate For Calcs": 0.0,
        "Normalized EBITDA": -9287000.0,
        "Total Unusual Items": 18523000.0,
        "Total Unusual Items Excluding Goodwill": 18523000.0,
        "Net Income From Continuing Operation Net Minority Interest": 4775000.0,
        "Reconciled Depreciation": 605000.0,
        "Reconciled Cost Of Revenue": 14124000.0,
        "EBITDA": 9236000.0,
        "EBIT": 8631000.0,
        "Net Interest Income": -3856000.0,
        "Interest Expense": 3856000.0,
        "Normalized Income": -13748000.0,
        "Net Income From Continuing And Discontinued Operation": 4775000.0,
        "Total Expenses": 28683000.0,
        "Total Operating Income As Reported": -9892000.0,
        "Diluted Average Shares": 48455996.0,
        "Basic Average Shares": 45104515.0,
        "Diluted EPS": 0.1,
        "Basic EPS": 0.11,
        "Diluted NI Availto Com Stockholders": 4775000.0,
        "Net Income Common Stockholders": 4775000.0,
        "Net Income": 4775000.0,
        "Net Income Including Noncontrolling Interests": 4775000.0,
        "Net Income Continuous Operations": 4775000.0,
        "Tax Provision": 0.0,
        "Pretax Income": 4775000.0,
        "Other Income Expense": 18523000.0,
        "Other Non Operating Income Expenses": NaN,
        "Gain On Sale Of Security": 18523000.0,
        "Net Non Operating Interest Income Expense": -3856000.0,
        "Interest Expense Non Operating": 3856000.0,
        "Operating Income": -9892000.0,
        "Operating Expense": 14559000.0,
        "Research And Development": 880000.0,
        "Selling General And Administration": 13679000.0,
        "Selling And Marketing Expense": 4184000.0,
        "General And Administrative Expense": 9495000.0,
        "Other Gand A": 9495000.0,
        "Salaries And Wages": NaN,
        "Gross Profit": 4667000.0,
        "Cost Of Revenue": 14124000.0,
        "Total Revenue": 18791000.0,
        "Operating Revenue": 18791000.0
    },
    "2022-12-31": {
        "Tax Effect Of Unusual Items": 0.0,
        "Tax Rate For Calcs": 0.21,
        "Normalized EBITDA": -27593000.0,
        "Total Unusual Items": NaN,
        "Total Unusual Items Excluding Goodwill": NaN,
        "Net Income From Continuing Operation Net Minority Interest": -32115000.0,
        "Reconciled Depreciation": 243000.0,
        "Reconciled Cost Of Revenue": 15766000.0,
        "EBITDA": -27593000.0,
        "EBIT": -27836000.0,
        "Net Interest Income": -3288000.0,
        "Interest Expense": 3288000.0,
        "Normalized Income": -32115000.0,
        "Net Income From Continuing And Discontinued Operation": -32115000.0,
        "Total Expenses": 48707000.0,
        "Total Operating Income As Reported": -28498000.0,
        "Diluted Average Shares": 42948026.0,
        "Basic Average Shares": 42948026.0,
        "Diluted EPS": -0.75,
        "Basic EPS": -0.75,
        "Diluted NI Availto Com Stockholders": -32115000.0,
        "Net Income Common Stockholders": -32115000.0,
        "Net Income": -32115000.0,
        "Net Income Including Noncontrolling Interests": -32115000.0,
        "Net Income Continuous Operations": -32115000.0,
        "Tax Provision": 991000.0,
        "Pretax Income": -31124000.0,
        "Other Income Expense": NaN,
        "Gain On Sale Of Security": NaN,
        "Net Non Operating Interest Income Expense": -3288000.0,
        "Interest Expense Non Operating": 3288000.0,
        "Operating Income": -28498000.0,
        "Operating Expense": 32941000.0,
        "Research And Development": 813000.0,
        "Selling General And Administration": 32128000.0,
        "Selling And Marketing Expense": 4340000.0,
        "General And Administrative Expense": 27788000.0,
        "Other Gand A": 27788000.0,
        "Salaries And Wages": NaN,
        "Gross Profit": 4443000.0,
        "Cost Of Revenue": 15766000.0,
        "Total Revenue": 20209000.0,
        "Operating Revenue": 20209000.0
    },
    "2022-09-30": {
        "Tax Effect Of Unusual Items": NaN,
        "Tax Rate For Calcs": NaN,
        "Normalized EBITDA": NaN,
        "Total Unusual Items": NaN,
        "Total Unusual Items Excluding Goodwill": NaN,
        "Net Income From Continuing Operation Net Minority Interest": NaN,
        "Reconciled Depreciation": NaN,
        "Reconciled Cost Of Revenue": NaN,
        "EBITDA": NaN,
        "EBIT": NaN,
        "Net Interest Income": NaN,
        "Interest Expense": NaN,
        "Normalized Income": NaN,
        "Net Income From Continuing And Discontinued Operation": NaN,
        "Total Expenses": NaN,
        "Total Operating Income As Reported": NaN,
        "Diluted Average Shares": NaN,
        "Basic Average Shares": NaN,
        "Diluted EPS": NaN,
        "Basic EPS": NaN,
        "Diluted NI Availto Com Stockholders": NaN,
        "Net Income Common Stockholders": NaN,
        "Net Income": NaN,
        "Net Income Including Noncontrolling Interests": NaN,
        "Net Income Continuous Operations": NaN,
        "Tax Provision": NaN,
        "Pretax Income": NaN,
        "Other Income Expense": NaN,
        "Other Non Operating Income Expenses": NaN,
        "Gain On Sale Of Security": NaN,
        "Net Non Operating Interest Income Expense": NaN,
        "Interest Expense Non Operating": NaN,
        "Operating Income": NaN,
        "Operating Expense": NaN,
        "Other Operating Expenses": 999216.0,
        "Other Taxes": 50000.0,
        "Research And Development": NaN,
        "Selling General And Administration": NaN,
        "Selling And Marketing Expense": NaN,
        "General And Administrative Expense": NaN,
        "Other Gand A": NaN,
        "Salaries And Wages": NaN,
        "Gross Profit": NaN,
        "Cost Of Revenue": NaN,
        "Total Revenue": NaN,
        "Operating Revenue": NaN
    },
    "2022-06-30": {
        "Tax Effect Of Unusual Items": 0.0,
        "Tax Rate For Calcs": 0.16344,
        "Normalized EBITDA": -310000.0,
        "Total Unusual Items": NaN,
        "Total Unusual Items Excluding Goodwill": NaN,
        "Net Income From Continuing Operation Net Minority Interest": -1469000.0,
        "Reconciled Depreciation": 197000.0,
        "Reconciled Cost Of Revenue": 14594000.0,
        "EBITDA": -310000.0,
        "EBIT": -507000.0,
        "Net Interest Income": -1187000.0,
        "Interest Expense": 1228000.0,
        "Normalized Income": -1469000.0,
        "Net Income From Continuing And Discontinued Operation": -1469000.0,
        "Total Expenses": 22129000.0,
        "Total Operating Income As Reported": -507000.0,
        "Diluted Average Shares": 44848686.0,
        "Basic Average Shares": 44848686.0,
        "Diluted EPS": -0.032755,
        "Basic EPS": -0.032755,
        "Diluted NI Availto Com Stockholders": -1469000.0,
        "Net Income Common Stockholders": -1469000.0,
        "Otherunder Preferred Stock Dividend": 0.0,
        "Net Income": -1469000.0,
        "Net Income Including Noncontrolling Interests": -1469000.0,
        "Net Income Continuous Operations": -1469000.0,
        "Tax Provision": -287000.0,
        "Pretax Income": -1756000.0,
        "Other Income Expense": NaN,
        "Other Non Operating Income Expenses": NaN,
        "Special Income Charges": NaN,
        "Other Special Charges": NaN,
        "Gain On Sale Of Security": NaN,
        "Net Non Operating Interest Income Expense": -1187000.0,
        "Total Other Finance Cost": 1187000.0,
        "Interest Expense Non Operating": 1228000.0,
        "Operating Income": -507000.0,
        "Operating Expense": 7535000.0,
        "Other Operating Expenses": NaN,
        "Other Taxes": NaN,
        "Research And Development": 859000.0,
        "Selling General And Administration": 6676000.0,
        "Selling And Marketing Expense": 2881000.0,
        "General And Administrative Expense": 3795000.0,
        "Other Gand A": 3795000.0,
        "Salaries And Wages": 251000.0,
        "Gross Profit": 7028000.0,
        "Cost Of Revenue": 14594000.0,
        "Total Revenue": 21622000.0,
        "Operating Revenue": 21622000.0
    },
    "2022-03-31": {
        "Diluted EPS": -0.06,
        "Total Revenue": 18,
        "Gross Profit": 5,
        "Operating Income": -2,
        "EBIT": -1,
        "Net Income": -2
    },
    "2021-12-31": {
        "Diluted EPS": -0.17,
        "Total Revenue": NaN,
        "Gross Profit": NaN,
        "Operating Income": -71,
        "EBIT": -71,
        "Net Income": 2
    },
    "2021-09-30": {
        "Diluted EPS": 0.28,
        "Total Revenue": NaN,
        "Gross Profit": NaN,
        "Operating Income": 0,
        "EBIT": 0,
        "Net Income": 3
    },
    "2021-06-30": {
        "Diluted EPS": 0.0,
        "Total Revenue": NaN,
        "Gross Profit": NaN,
        "Operating Income": 0,
        "EBIT": 0,
        "Net Income": 0
    },
    "2021-03-31": {
        "Diluted EPS": 0.0,
        "Total Revenue": NaN,
        "Gross Profit": NaN,
        "Operating Income": NaN,
        "EBIT": NaN,
        "Net Income": NaN
    },
    "2020-12-31": {
        "Diluted EPS": 0.0,
        "Total Revenue": NaN,
        "Gross Profit": NaN,
        "Operating Income": NaN,
        "EBIT": NaN,
        "Net Income": NaN
    },
    "2023-06-30": {
        "Tax Effect Of Unusual Items": NaN,
        "Tax Rate For Calcs": NaN,
        "Normalized EBITDA": NaN,
        "Total Unusual Items": NaN,
        "Total Unusual Items Excluding Goodwill": NaN,
        "Net Income From Continuing Operation Net Minority Interest": NaN,
        "Reconciled Depreciation": NaN,
        "Reconciled Cost Of Revenue": NaN,
        "EBITDA": NaN,
        "EBIT": NaN,
        "Net Interest Income": NaN,
        "Interest Expense": NaN,
        "Normalized Income": NaN,
        "Net Income From Continuing And Discontinued Operation": NaN,
        "Total Expenses": NaN,
        "Total Operating Income As Reported": NaN,
        "Diluted Average Shares": NaN,
        "Basic Average Shares": NaN,
        "Diluted EPS": NaN,
        "Basic EPS": NaN,
        "Diluted NI Availto Com Stockholders": NaN,
        "Net Income Common Stockholders": NaN,
        "Net Income": NaN,
        "Net Income Including Noncontrolling Interests": NaN,
        "Net Income Continuous Operations": NaN,
        "Tax Provision": NaN,
        "Pretax Income": NaN,
        "Other Income Expense": NaN,
        "Other Non Operating Income Expenses": NaN,
        "Gain On Sale Of Security": NaN,
        "Net Non Operating Interest Income Expense": NaN,
        "Interest Expense Non Operating": NaN,
        "Operating Income": NaN,
        "Operating Expense": NaN,
        "Research And Development": NaN,
        "Selling General And Administration": NaN,
        "Selling And Marketing Expense": NaN,
        "General And Administrative Expense": NaN,
        "Other Gand A": NaN,
        "Salaries And Wages": 895000.0,
        "Gross Profit": NaN,
        "Cost Of Revenue": NaN,
        "Total Revenue": NaN,
        "Operating Revenue": NaN
    },
    "2023-09-30": {
        "Tax Effect Of Unusual Items": 0.0,
        "Tax Rate For Calcs": 0.0,
        "Normalized EBITDA": -5262000.0,
        "Total Unusual Items": -145000.0,
        "Total Unusual Items Excluding Goodwill": -145000.0,
        "Net Income From Continuing Operation Net Minority Interest": -10007000.0,
        "Reconciled Depreciation": 613000.0,
        "Reconciled Cost Of Revenue": 11291000.0,
        "EBITDA": -5407000.0,
        "EBIT": -6020000.0,
        "Net Interest Income": -3987000.0,
        "Interest Expense": 3987000.0,
        "Normalized Income": -9862000.0,
        "Net Income From Continuing And Discontinued Operation": -10007000.0,
        "Total Expenses": 21764000.0,
        "Total Operating Income As Reported": -5875000.0,
        "Diluted Average Shares": 58736013.0,
        "Basic Average Shares": 58736013.0,
        "Diluted EPS": -0.17,
        "Basic EPS": -0.17,
        "Diluted NI Availto Com Stockholders": -10007000.0,
        "Net Income Common Stockholders": -10007000.0,
        "Net Income": -10007000.0,
        "Net Income Including Noncontrolling Interests": -10007000.0,
        "Net Income Continuous Operations": -10007000.0,
        "Tax Provision": 0.0,
        "Pretax Income": -10007000.0,
        "Other Income Expense": -145000.0,
        "Other Non Operating Income Expenses": NaN,
        "Gain On Sale Of Security": -145000.0,
        "Net Non Operating Interest Income Expense": -3987000.0,
        "Interest Expense Non Operating": 3987000.0,
        "Operating Income": -5875000.0,
        "Operating Expense": 10473000.0,
        "Research And Development": 1385000.0,
        "Selling General And Administration": 9088000.0,
        "Selling And Marketing Expense": 3083000.0,
        "General And Administrative Expense": 6005000.0,
        "Other Gand A": 6005000.0,
        "Salaries And Wages": NaN,
        "Gross Profit": 4598000.0,
        "Cost Of Revenue": 11291000.0,
        "Total Revenue": 15889000.0,
        "Operating Revenue": 15889000.0
    },
    "2023-12-31": {
        "Tax Effect Of Unusual Items": 2184000.0,
        "Tax Rate For Calcs": 0.21,
        "Normalized EBITDA": -2974000.0,
        "Total Unusual Items": 10400000.0,
        "Total Unusual Items Excluding Goodwill": 10400000.0,
        "Net Income From Continuing Operation Net Minority Interest": 3014000.0,
        "Reconciled Depreciation": 328000.0,
        "Reconciled Cost Of Revenue": 8405000.0,
        "EBITDA": 7426000.0,
        "EBIT": 7098000.0,
        "Net Interest Income": -4110000.0,
        "Interest Expense": 4110000.0,
        "Normalized Income": -5202000.0,
        "Net Income From Continuing And Discontinued Operation": 3014000.0,
        "Total Expenses": 13759000.0,
        "Total Operating Income As Reported": -3321000.0,
        "Diluted Average Shares": 60597708.0,
        "Basic Average Shares": 59590032.0,
        "Diluted EPS": 0.05,
        "Basic EPS": 0.05,
        "Diluted NI Availto Com Stockholders": 3014000.0,
        "Net Income Common Stockholders": 3014000.0,
        "Net Income": 3014000.0,
        "Net Income Including Noncontrolling Interests": 3014000.0,
        "Net Income Continuous Operations": 3014000.0,
        "Tax Provision": -26000.0,
        "Pretax Income": 2988000.0,
        "Other Income Expense": 10419000.0,
        "Other Non Operating Income Expenses": NaN,
        "Gain On Sale Of Security": 10400000.0,
        "Net Non Operating Interest Income Expense": -4110000.0,
        "Interest Expense Non Operating": 4110000.0,
        "Operating Income": -3321000.0,
        "Operating Expense": 5354000.0,
        "Research And Development": 531000.0,
        "Selling General And Administration": 4823000.0,
        "Selling And Marketing Expense": 1548000.0,
        "General And Administrative Expense": 3275000.0,
        "Other Gand A": 3275000.0,
        "Salaries And Wages": NaN,
        "Gross Profit": 2033000.0,
        "Cost Of Revenue": 8405000.0,
        "Total Revenue": 10438000.0,
        "Operating Revenue": 10438000.0
    },
    "2024-03-31": {
        "Tax Effect Of Unusual Items": 0.0,
        "Tax Rate For Calcs": 0.0,
        "Normalized EBITDA": -5089000.0,
        "Total Unusual Items": 236000.0,
        "Total Unusual Items Excluding Goodwill": 236000.0,
        "Net Income From Continuing Operation Net Minority Interest": -10367000.0,
        "Reconciled Depreciation": 754000.0,
        "Reconciled Cost Of Revenue": 9454000.0,
        "EBITDA": -4853000.0,
        "EBIT": -5607000.0,
        "Net Interest Income": -4760000.0,
        "Interest Expense": 4760000.0,
        "Normalized Income": -10603000.0,
        "Net Income From Continuing And Discontinued Operation": -10367000.0,
        "Total Expenses": 18344000.0,
        "Total Operating Income As Reported": -5839000.0,
        "Diluted Average Shares": 60260282.0,
        "Basic Average Shares": 60260282.0,
        "Diluted EPS": -0.17,
        "Basic EPS": -0.17,
        "Diluted NI Availto Com Stockholders": -10367000.0,
        "Net Income Common Stockholders": -10367000.0,
        "Net Income": -10367000.0,
        "Net Income Including Noncontrolling Interests": -10367000.0,
        "Net Income Continuous Operations": -10367000.0,
        "Tax Provision": 0.0,
        "Pretax Income": -10367000.0,
        "Other Income Expense": 232000.0,
        "Other Non Operating Income Expenses": -4000.0,
        "Gain On Sale Of Security": 236000.0,
        "Net Non Operating Interest Income Expense": -4760000.0,
        "Interest Expense Non Operating": 4760000.0,
        "Operating Income": -5839000.0,
        "Operating Expense": 8890000.0,
        "Research And Development": 1333000.0,
        "Selling General And Administration": 7557000.0,
        "Selling And Marketing Expense": 2744000.0,
        "General And Administrative Expense": 4813000.0,
        "Other Gand A": 4813000.0,
        "Salaries And Wages": NaN,
        "Gross Profit": 3051000.0,
        "Cost Of Revenue": 9454000.0,
        "Total Revenue": 12505000.0,
        "Operating Revenue": 12505000.0
    },
    "2024-06-30": {
        "Tax Effect Of Unusual Items": 0.0,
        "Tax Rate For Calcs": 0.0,
        "Normalized EBITDA": -5840000.0,
        "Total Unusual Items": -1981000.0,
        "Total Unusual Items Excluding Goodwill": -1981000.0,
        "Net Income From Continuing Operation Net Minority Interest": -13627000.0,
        "Reconciled Depreciation": 928000.0,
        "Reconciled Cost Of Revenue": 10041000.0,
        "EBITDA": -7821000.0,
        "EBIT": -8749000.0,
        "Net Interest Income": -4878000.0,
        "Interest Expense": 4878000.0,
        "Normalized Income": -11646000.0,
        "Net Income From Continuing And Discontinued Operation": -13627000.0,
        "Total Expenses": 19957000.0,
        "Total Operating Income As Reported": -6749000.0,
        "Diluted Average Shares": 60673835.0,
        "Basic Average Shares": 60673835.0,
        "Diluted EPS": -0.22,
        "Basic EPS": -0.22,
        "Diluted NI Availto Com Stockholders": -13627000.0,
        "Net Income Common Stockholders": -13627000.0,
        "Net Income": -13627000.0,
        "Net Income Including Noncontrolling Interests": -13627000.0,
        "Net Income Continuous Operations": -13627000.0,
        "Tax Provision": 0.0,
        "Pretax Income": -13627000.0,
        "Other Income Expense": -2000000.0,
        "Other Non Operating Income Expenses": -19000.0,
        "Gain On Sale Of Security": -1981000.0,
        "Net Non Operating Interest Income Expense": -4878000.0,
        "Interest Expense Non Operating": 4878000.0,
        "Operating Income": -6749000.0,
        "Operating Expense": 9916000.0,
        "Research And Development": 1531000.0,
        "Selling General And Administration": 8385000.0,
        "Selling And Marketing Expense": 2681000.0,
        "General And Administrative Expense": 5704000.0,
        "Other Gand A": 5704000.0,
        "Salaries And Wages": NaN,
        "Gross Profit": 3167000.0,
        "Cost Of Revenue": 10041000.0,
        "Total Revenue": 13208000.0,
        "Operating Revenue": 13208000.0
    },
    "2024-09-30": {
        "Tax Effect Of Unusual Items": 0.0,
        "Tax Rate For Calcs": 0.0,
        "Normalized EBITDA": -5145000.0,
        "Total Unusual Items": 4875000.0,
        "Total Unusual Items Excluding Goodwill": 4875000.0,
        "Net Income From Continuing Operation Net Minority Interest": -6779000.0,
        "Reconciled Depreciation": 894000.0,
        "Reconciled Cost Of Revenue": 9850000.0,
        "EBITDA": -270000.0,
        "EBIT": -1164000.0,
        "Net Interest Income": -5615000.0,
        "Interest Expense": 5615000.0,
        "Normalized Income": -11654000.0,
        "Net Income From Continuing And Discontinued Operation": -6779000.0,
        "Total Expenses": 18746000.0,
        "Total Operating Income As Reported": -6026000.0,
        "Diluted Average Shares": 62328555.0,
        "Basic Average Shares": 62328555.0,
        "Diluted EPS": -0.11,
        "Basic EPS": -0.11,
        "Diluted NI Availto Com Stockholders": -6779000.0,
        "Net Income Common Stockholders": -6779000.0,
        "Net Income": -6779000.0,
        "Net Income Including Noncontrolling Interests": -6779000.0,
        "Net Income Continuous Operations": -6779000.0,
        "Tax Provision": 0.0,
        "Pretax Income": -6779000.0,
        "Other Income Expense": 4862000.0,
        "Other Non Operating Income Expenses": -13000.0,
        "Gain On Sale Of Security": 4875000.0,
        "Net Non Operating Interest Income Expense": -5615000.0,
        "Interest Expense Non Operating": 5615000.0,
        "Operating Income": -6026000.0,
        "Operating Expense": 8896000.0,
        "Research And Development": 1631000.0,
        "Selling General And Administration": 7265000.0,
        "Selling And Marketing Expense": 2904000.0,
        "General And Administrative Expense": 4361000.0,
        "Other Gand A": 4361000.0,
        "Salaries And Wages": NaN,
        "Gross Profit": 2870000.0,
        "Cost Of Revenue": 9850000.0,
        "Total Revenue": 12720000.0,
        "Operating Revenue": 12720000.0
    }
}