{
    "2023-06-30": {
        "Tax Effect Of Unusual Items": NaN,
        "Tax Rate For Calcs": NaN,
        "Net Income From Continuing Operation Net Minority Interest": NaN,
        "Reconciled Depreciation": NaN,
        "Net Interest Income": NaN,
        "Interest Expense": NaN,
        "Interest Income": NaN,
        "Normalized Income": NaN,
        "Net Income From Continuing And Discontinued Operation": NaN,
        "Diluted Average Shares": NaN,
        "Basic Average Shares": NaN,
        "Diluted EPS": NaN,
        "Basic EPS": NaN,
        "Diluted NI Availto Com Stockholders": NaN,
        "Net Income Common Stockholders": NaN,
        "Otherunder Preferred Stock Dividend": NaN,
        "Preferred Stock Dividends": NaN,
        "Net Income": NaN,
        "Net Income Including Noncontrolling Interests": NaN,
        "Net Income Continuous Operations": NaN,
        "Tax Provision": NaN,
        "Pretax Income": NaN,
        "Gain On Sale Of Security": 1000000.0,
        "Selling General And Administration": NaN,
        "Selling And Marketing Expense": NaN,
        "General And Administrative Expense": NaN,
        "Salaries And Wages": NaN,
        "Total Revenue": NaN,
        "Operating Revenue": NaN,
        "Occupancy And Equipment": NaN,
        "Professional Expense And Contract Services Expense": NaN,
        "Other Non Interest Expense": NaN
    },
    "2023-03-31": {
        "Tax Effect Of Unusual Items": NaN,
        "Tax Rate For Calcs": NaN,
        "Net Income From Continuing Operation Net Minority Interest": NaN,
        "Reconciled Depreciation": NaN,
        "Net Interest Income": NaN,
        "Interest Expense": NaN,
        "Interest Income": NaN,
        "Normalized Income": NaN,
        "Net Income From Continuing And Discontinued Operation": NaN,
        "Diluted Average Shares": NaN,
        "Basic Average Shares": NaN,
        "Diluted EPS": NaN,
        "Basic EPS": NaN,
        "Diluted NI Availto Com Stockholders": NaN,
        "Net Income Common Stockholders": NaN,
        "Otherunder Preferred Stock Dividend": NaN,
        "Preferred Stock Dividends": 31000000.0,
        "Net Income": NaN,
        "Net Income Including Noncontrolling Interests": NaN,
        "Net Income Continuous Operations": NaN,
        "Tax Provision": NaN,
        "Pretax Income": NaN,
        "Gain On Sale Of Security": NaN,
        "Selling General And Administration": NaN,
        "Selling And Marketing Expense": NaN,
        "General And Administrative Expense": NaN,
        "Salaries And Wages": NaN,
        "Total Revenue": NaN,
        "Operating Revenue": NaN,
        "Occupancy And Equipment": NaN,
        "Professional Expense And Contract Services Expense": NaN,
        "Other Non Interest Expense": NaN
    },
    "2022-12-31": {
        "Tax Effect Of Unusual Items": NaN,
        "Tax Rate For Calcs": NaN,
        "Net Income From Continuing Operation Net Minority Interest": NaN,
        "Reconciled Depreciation": NaN,
        "Net Interest Income": NaN,
        "Interest Expense": NaN,
        "Interest Income": NaN,
        "Normalized Income": NaN,
        "Net Income From Continuing And Discontinued Operation": NaN,
        "Diluted Average Shares": NaN,
        "Basic Average Shares": NaN,
        "Diluted EPS": NaN,
        "Basic EPS": NaN,
        "Diluted NI Availto Com Stockholders": NaN,
        "Net Income Common Stockholders": NaN,
        "Otherunder Preferred Stock Dividend": NaN,
        "Preferred Stock Dividends": 0.0,
        "Net Income": NaN,
        "Net Income Including Noncontrolling Interests": NaN,
        "Net Income Continuous Operations": NaN,
        "Tax Provision": NaN,
        "Pretax Income": NaN,
        "Gain On Sale Of Security": NaN,
        "Selling General And Administration": NaN,
        "Selling And Marketing Expense": NaN,
        "General And Administrative Expense": NaN,
        "Salaries And Wages": NaN,
        "Total Revenue": NaN,
        "Operating Revenue": NaN,
        "Occupancy And Equipment": NaN,
        "Professional Expense And Contract Services Expense": NaN,
        "Other Non Interest Expense": NaN
    },
    "2022-09-30": {
        "Tax Effect Of Unusual Items": 0.0,
        "Tax Rate For Calcs": 0.236722,
        "Net Income From Continuing Operation Net Minority Interest": 1006000000.0,
        "Reconciled Depreciation": 145000000.0,
        "Net Interest Income": 2843000000.0,
        "Interest Expense": 514000000.0,
        "Interest Income": 3357000000.0,
        "Normalized Income": 1006000000.0,
        "Net Income From Continuing And Discontinued Operation": 1006000000.0,
        "Diluted Average Shares": 274000000.0,
        "Basic Average Shares": 273000000.0,
        "Diluted EPS": 3.54,
        "Basic EPS": 3.54,
        "Diluted NI Availto Com Stockholders": 967000000.0,
        "Net Income Common Stockholders": 967000000.0,
        "Otherunder Preferred Stock Dividend": 39000000.0,
        "Preferred Stock Dividends": 31000000.0,
        "Net Income": 1006000000.0,
        "Net Income Including Noncontrolling Interests": 1006000000.0,
        "Net Income Continuous Operations": 1006000000.0,
        "Tax Provision": 312000000.0,
        "Pretax Income": 1318000000.0,
        "Gain On Sale Of Security": -4000000.0,
        "Selling General And Administration": 827000000.0,
        "Selling And Marketing Expense": 276000000.0,
        "General And Administrative Expense": 551000000.0,
        "Salaries And Wages": 551000000.0,
        "Total Revenue": 3479000000.0,
        "Operating Revenue": 3479000000.0
    },
    "2022-06-30": {
        "Tax Effect Of Unusual Items": 0.0,
        "Tax Rate For Calcs": 0.235,
        "Net Income From Continuing Operation Net Minority Interest": 1111000000.0,
        "Reconciled Depreciation": 140000000.0,
        "Net Interest Income": 2610000000.0,
        "Interest Expense": 305000000.0,
        "Interest Income": 2915000000.0,
        "Normalized Income": 1111000000.0,
        "Net Income From Continuing And Discontinued Operation": 1111000000.0,
        "Diluted Average Shares": 279000000.0,
        "Basic Average Shares": 279000000.0,
        "Diluted EPS": 3.93,
        "Basic EPS": 3.93,
        "Diluted NI Availto Com Stockholders": 1105000000.0,
        "Net Income Common Stockholders": 1105000000.0,
        "Otherunder Preferred Stock Dividend": 6000000.0,
        "Preferred Stock Dividends": NaN,
        "Net Income": 1111000000.0,
        "Net Income Including Noncontrolling Interests": 1111000000.0,
        "Net Income Continuous Operations": 1111000000.0,
        "Tax Provision": 341000000.0,
        "Pretax Income": 1452000000.0,
        "Gain On Sale Of Security": -42000000.0,
        "Selling General And Administration": 769000000.0,
        "Selling And Marketing Expense": 254000000.0,
        "General And Administrative Expense": 515000000.0,
        "Salaries And Wages": 515000000.0,
        "Total Revenue": 3224000000.0,
        "Operating Revenue": 3224000000.0
    },
    "2022-03-31": {
        "Diluted EPS": 4.22,
        "Total Revenue": NaN,
        "Gross Profit": NaN,
        "Operating Income": NaN,
        "EBIT": NaN,
        "Net Income": NaN
    },
    "2021-12-31": {
        "Diluted EPS": 3.7,
        "Total Revenue": NaN,
        "Gross Profit": NaN,
        "Operating Income": NaN,
        "EBIT": NaN,
        "Net Income": NaN
    },
    "2021-09-30": {
        "Diluted EPS": 3.54,
        "Total Revenue": NaN,
        "Gross Profit": NaN,
        "Operating Income": NaN,
        "EBIT": NaN,
        "Net Income": NaN
    },
    "2021-06-30": {
        "Diluted EPS": 5.55,
        "Total Revenue": NaN,
        "Gross Profit": NaN,
        "Operating Income": NaN,
        "EBIT": NaN,
        "Net Income": NaN
    },
    "2021-03-31": {
        "Diluted EPS": 5.04,
        "Total Revenue": NaN,
        "Gross Profit": NaN,
        "Operating Income": NaN,
        "EBIT": NaN,
        "Net Income": NaN
    },
    "2020-12-31": {
        "Diluted EPS": 2.6,
        "Total Revenue": NaN,
        "Gross Profit": NaN,
        "Operating Income": NaN,
        "EBIT": NaN,
        "Net Income": 800
    },
    "2020-09-30": {
        "Diluted EPS": 2.45,
        "Total Revenue": NaN,
        "Gross Profit": NaN,
        "Operating Income": 959,
        "EBIT": NaN,
        "Net Income": 751
    },
    "2020-06-30": {
        "Diluted EPS": -1.2,
        "Total Revenue": NaN,
        "Gross Profit": NaN,
        "Operating Income": -461,
        "EBIT": NaN,
        "Net Income": -369
    },
    "2020-03-31": {
        "Diluted EPS": -0.25,
        "Total Revenue": NaN,
        "Gross Profit": NaN,
        "Operating Income": -78,
        "EBIT": NaN,
        "Net Income": -78
    },
    "2019-12-31": {
        "Diluted EPS": 2.25,
        "Total Revenue": NaN,
        "Gross Profit": NaN,
        "Operating Income": 924,
        "EBIT": NaN,
        "Net Income": 707
    },
    "2019-09-30": {
        "Diluted EPS": 2.36,
        "Total Revenue": NaN,
        "Gross Profit": NaN,
        "Operating Income": 994,
        "EBIT": NaN,
        "Net Income": 749
    },
    "2019-06-30": {
        "Diluted EPS": 2.32,
        "Total Revenue": NaN,
        "Gross Profit": NaN,
        "Operating Income": 987,
        "EBIT": NaN,
        "Net Income": 747
    },
    "2019-03-31": {
        "Diluted EPS": 2.15,
        "Total Revenue": NaN,
        "Gross Profit": NaN,
        "Operating Income": 930,
        "EBIT": NaN,
        "Net Income": 705
    },
    "2018-12-31": {
        "Diluted EPS": 2.01,
        "Total Revenue": NaN,
        "Gross Profit": NaN,
        "Operating Income": 897,
        "EBIT": NaN,
        "Net Income": 681
    },
    "2018-09-30": {
        "Diluted EPS": 2.05,
        "Total Revenue": NaN,
        "Gross Profit": NaN,
        "Operating Income": 967,
        "EBIT": NaN,
        "Net Income": 699
    },
    "2018-06-30": {
        "Diluted EPS": 1.91,
        "Total Revenue": NaN,
        "Gross Profit": NaN,
        "Operating Income": 877,
        "EBIT": NaN,
        "Net Income": 663
    },
    "2018-03-31": {
        "Diluted EPS": 1.82,
        "Total Revenue": NaN,
        "Gross Profit": NaN,
        "Operating Income": 856,
        "EBIT": NaN,
        "Net Income": 646
    },
    "2017-12-31": {
        "Diluted EPS": 1.0,
        "Total Revenue": NaN,
        "Gross Profit": NaN,
        "Operating Income": 899,
        "EBIT": NaN,
        "Net Income": 359
    },
    "2017-09-30": {
        "Diluted EPS": 1.59,
        "Total Revenue": NaN,
        "Gross Profit": NaN,
        "Operating Income": 903,
        "EBIT": NaN,
        "Net Income": 589
    },
    "2017-06-30": {
        "Diluted EPS": 1.4,
        "Total Revenue": NaN,
        "Gross Profit": NaN,
        "Operating Income": 867,
        "EBIT": NaN,
        "Net Income": 532
    },
    "2017-03-31": {
        "Diluted EPS": 1.43,
        "Total Revenue": NaN,
        "Gross Profit": NaN,
        "Operating Income": 868,
        "EBIT": NaN,
        "Net Income": 551
    },
    "2016-12-31": {
        "Diluted EPS": 1.39,
        "Total Revenue": NaN,
        "Gross Profit": NaN,
        "Operating Income": 883,
        "EBIT": NaN,
        "Net Income": 550
    },
    "2016-09-30": {
        "Diluted EPS": 1.56,
        "Total Revenue": NaN,
        "Gross Profit": NaN,
        "Operating Income": 961,
        "EBIT": NaN,
        "Net Income": 625
    },
    "2016-06-30": {
        "Diluted EPS": 1.47,
        "Total Revenue": NaN,
        "Gross Profit": NaN,
        "Operating Income": 898,
        "EBIT": NaN,
        "Net Income": 602
    },
    "2016-03-31": {
        "Diluted EPS": 1.35,
        "Total Revenue": NaN,
        "Gross Profit": NaN,
        "Operating Income": 914,
        "EBIT": NaN,
        "Net Income": 562
    },
    "2015-12-31": {
        "Diluted EPS": 1.14,
        "Total Revenue": NaN,
        "Gross Profit": NaN,
        "Operating Income": 788,
        "EBIT": NaN,
        "Net Income": 488
    },
    "2015-09-30": {
        "Diluted EPS": 1.38,
        "Total Revenue": NaN,
        "Gross Profit": NaN,
        "Operating Income": 974,
        "EBIT": NaN,
        "Net Income": 599
    },
    "2015-06-30": {
        "Diluted EPS": 1.33,
        "Total Revenue": NaN,
        "Gross Profit": NaN,
        "Operating Income": 942,
        "EBIT": NaN,
        "Net Income": 586
    },
    "2015-03-31": {
        "Diluted EPS": 1.28,
        "Total Revenue": NaN,
        "Gross Profit": NaN,
        "Operating Income": 908,
        "EBIT": NaN,
        "Net Income": 573
    },
    "2014-12-31": {
        "Diluted EPS": 0.87,
        "Total Revenue": NaN,
        "Gross Profit": NaN,
        "Operating Income": 648,
        "EBIT": NaN,
        "Net Income": 392
    },
    "2014-09-30": {
        "Diluted EPS": 1.37,
        "Total Revenue": NaN,
        "Gross Profit": NaN,
        "Operating Income": NaN,
        "EBIT": NaN,
        "Net Income": 630
    },
    "2014-06-30": {
        "Diluted EPS": 1.35,
        "Total Revenue": NaN,
        "Gross Profit": NaN,
        "Operating Income": NaN,
        "EBIT": NaN,
        "Net Income": 630
    },
    "2014-03-31": {
        "Diluted EPS": 1.31,
        "Total Revenue": NaN,
        "Gross Profit": NaN,
        "Operating Income": NaN,
        "EBIT": NaN,
        "Net Income": 618
    },
    "2013-12-31": {
        "Diluted EPS": 1.23,
        "Total Revenue": NaN,
        "Gross Profit": NaN,
        "Operating Income": 937,
        "EBIT": NaN,
        "Net Income": 588
    },
    "2013-09-30": {
        "Diluted EPS": 1.2,
        "Total Revenue": NaN,
        "Gross Profit": NaN,
        "Operating Income": 946,
        "EBIT": NaN,
        "Net Income": 579
    },
    "2013-06-30": {
        "Diluted EPS": 1.2,
        "Total Revenue": NaN,
        "Gross Profit": NaN,
        "Operating Income": 981,
        "EBIT": NaN,
        "Net Income": 588
    },
    "2013-03-31": {
        "Diluted EPS": 1.33,
        "Total Revenue": NaN,
        "Gross Profit": NaN,
        "Operating Income": NaN,
        "EBIT": NaN,
        "Net Income": 659
    },
    "2012-12-31": {
        "Diluted EPS": 0.0,
        "Total Revenue": NaN,
        "Gross Profit": NaN,
        "Operating Income": NaN,
        "EBIT": NaN,
        "Net Income": NaN
    },
    "2012-11-30": {
        "Diluted EPS": 0.0,
        "Total Revenue": NaN,
        "Gross Profit": NaN,
        "Operating Income": NaN,
        "EBIT": NaN,
        "Net Income": NaN
    },
    "2012-09-30": {
        "Diluted EPS": 1.24,
        "Total Revenue": NaN,
        "Gross Profit": NaN,
        "Operating Income": NaN,
        "EBIT": NaN,
        "Net Income": 631
    },
    "2012-08-31": {
        "Diluted EPS": 1.21,
        "Total Revenue": NaN,
        "Gross Profit": NaN,
        "Operating Income": NaN,
        "EBIT": NaN,
        "Net Income": 621
    },
    "2012-06-30": {
        "Diluted EPS": 0.99,
        "Total Revenue": NaN,
        "Gross Profit": NaN,
        "Operating Income": 846,
        "EBIT": NaN,
        "Net Income": 520
    },
    "2012-05-31": {
        "Diluted EPS": 1.0,
        "Total Revenue": NaN,
        "Gross Profit": NaN,
        "Operating Income": 867,
        "EBIT": NaN,
        "Net Income": 532
    },
    "2012-03-31": {
        "Diluted EPS": 1.21,
        "Total Revenue": NaN,
        "Gross Profit": NaN,
        "Operating Income": NaN,
        "EBIT": NaN,
        "Net Income": 644
    },
    "2012-02-29": {
        "Diluted EPS": 1.18,
        "Total Revenue": NaN,
        "Gross Profit": NaN,
        "Operating Income": NaN,
        "EBIT": NaN,
        "Net Income": 624
    },
    "2011-11-30": {
        "Diluted EPS": 0.0,
        "Total Revenue": NaN,
        "Gross Profit": NaN,
        "Operating Income": NaN,
        "EBIT": NaN,
        "Net Income": NaN
    },
    "2011-08-31": {
        "Diluted EPS": 1.18,
        "Total Revenue": NaN,
        "Gross Profit": NaN,
        "Operating Income": NaN,
        "EBIT": NaN,
        "Net Income": 642
    },
    "2011-05-31": {
        "Diluted EPS": 1.09,
        "Total Revenue": NaN,
        "Gross Profit": NaN,
        "Operating Income": 926,
        "EBIT": NaN,
        "Net Income": 593
    },
    "2011-02-28": {
        "Diluted EPS": 0.84,
        "Total Revenue": NaN,
        "Gross Profit": NaN,
        "Operating Income": 720,
        "EBIT": NaN,
        "Net Income": 459
    },
    "2010-11-30": {
        "Diluted EPS": 0.0,
        "Total Revenue": NaN,
        "Gross Profit": NaN,
        "Operating Income": NaN,
        "EBIT": NaN,
        "Net Income": NaN
    },
    "2010-08-31": {
        "Diluted EPS": 0.47,
        "Total Revenue": NaN,
        "Gross Profit": NaN,
        "Operating Income": 432,
        "EBIT": NaN,
        "Net Income": 261
    },
    "2010-05-31": {
        "Diluted EPS": 0.33,
        "Total Revenue": NaN,
        "Gross Profit": NaN,
        "Operating Income": 422,
        "EBIT": NaN,
        "Net Income": 258
    },
    "2010-02-28": {
        "Diluted EPS": -0.22,
        "Total Revenue": NaN,
        "Gross Profit": NaN,
        "Operating Income": -171,
        "EBIT": NaN,
        "Net Income": -104
    },
    "2009-11-30": {
        "Diluted EPS": 0.0,
        "Total Revenue": NaN,
        "Gross Profit": NaN,
        "Operating Income": NaN,
        "EBIT": NaN,
        "Net Income": NaN
    },
    "2009-08-31": {
        "Diluted EPS": 1.07,
        "Total Revenue": NaN,
        "Gross Profit": NaN,
        "Operating Income": 940,
        "EBIT": NaN,
        "Net Income": 577
    },
    "2009-05-31": {
        "Diluted EPS": 0.43,
        "Total Revenue": NaN,
        "Gross Profit": NaN,
        "Operating Income": 415,
        "EBIT": NaN,
        "Net Income": 226
    },
    "2009-02-28": {
        "Diluted EPS": 0.25,
        "Total Revenue": NaN,
        "Gross Profit": NaN,
        "Operating Income": 196,
        "EBIT": NaN,
        "Net Income": 120
    },
    "2023-09-30": {
        "Tax Effect Of Unusual Items": 0.0,
        "Tax Rate For Calcs": 0.23,
        "Net Income From Continuing Operation Net Minority Interest": 586000000.0,
        "Reconciled Depreciation": 106000000.0,
        "Net Interest Income": 3322000000.0,
        "Interest Expense": 1288000000.0,
        "Interest Income": 4610000000.0,
        "Normalized Income": 586000000.0,
        "Net Income From Continuing And Discontinued Operation": 586000000.0,
        "Diluted Average Shares": 250000000.0,
        "Basic Average Shares": 250000000.0,
        "Diluted EPS": 2.21,
        "Basic EPS": 2.21,
        "Diluted NI Availto Com Stockholders": 550000000.0,
        "Net Income Common Stockholders": 550000000.0,
        "Otherunder Preferred Stock Dividend": 5000000.0,
        "Preferred Stock Dividends": 31000000.0,
        "Net Income": 586000000.0,
        "Net Income Including Noncontrolling Interests": 586000000.0,
        "Net Income Continuous Operations": 586000000.0,
        "Tax Provision": 175000000.0,
        "Pretax Income": 761000000.0,
        "Gain On Sale Of Security": 6000000.0,
        "Selling General And Administration": 858000000.0,
        "Selling And Marketing Expense": 283000000.0,
        "General And Administrative Expense": 575000000.0,
        "Salaries And Wages": 575000000.0,
        "Total Revenue": 4027000000.0,
        "Operating Revenue": 4027000000.0,
        "Occupancy And Equipment": 22000000.0,
        "Professional Expense And Contract Services Expense": 281000000.0,
        "Other Non Interest Expense": 403000000.0
    },
    "2023-12-31": {
        "Tax Effect Of Unusual Items": 0.0,
        "Tax Rate For Calcs": 0.242188,
        "Net Income From Continuing Operation Net Minority Interest": 388000000.0,
        "Reconciled Depreciation": 104000000.0,
        "Net Interest Income": 3468000000.0,
        "Interest Expense": 1400000000.0,
        "Interest Income": 4868000000.0,
        "Normalized Income": 388000000.0,
        "Net Income From Continuing And Discontinued Operation": 388000000.0,
        "Diluted Average Shares": 250000000.0,
        "Basic Average Shares": 250000000.0,
        "Diluted EPS": 1.54,
        "Basic EPS": 1.54,
        "Diluted NI Availto Com Stockholders": 386000000.0,
        "Net Income Common Stockholders": 386000000.0,
        "Otherunder Preferred Stock Dividend": 2000000.0,
        "Preferred Stock Dividends": 0.0,
        "Net Income": 388000000.0,
        "Net Income Including Noncontrolling Interests": 388000000.0,
        "Net Income Continuous Operations": 388000000.0,
        "Tax Provision": 124000000.0,
        "Pretax Income": 512000000.0,
        "Gain On Sale Of Security": 2000000.0,
        "Selling General And Administration": 1018000000.0,
        "Selling And Marketing Expense": 372000000.0,
        "General And Administrative Expense": 646000000.0,
        "Salaries And Wages": 646000000.0,
        "Total Revenue": 4196000000.0,
        "Operating Revenue": 4196000000.0,
        "Occupancy And Equipment": 25000000.0,
        "Professional Expense And Contract Services Expense": 312000000.0,
        "Other Non Interest Expense": 403000000.0
    },
    "2024-03-31": {
        "Tax Effect Of Unusual Items": 0.0,
        "Tax Rate For Calcs": 0.2395,
        "Net Income From Continuing Operation Net Minority Interest": 851000000.0,
        "Reconciled Depreciation": 96000000.0,
        "Net Interest Income": 3487000000.0,
        "Interest Expense": 1461000000.0,
        "Interest Income": 4948000000.0,
        "Normalized Income": 851000000.0,
        "Net Income From Continuing And Discontinued Operation": 851000000.0,
        "Diluted Average Shares": 250000000.0,
        "Basic Average Shares": 250000000.0,
        "Diluted EPS": 3.25,
        "Basic EPS": 3.25,
        "Diluted NI Availto Com Stockholders": 813000000.0,
        "Net Income Common Stockholders": 813000000.0,
        "Otherunder Preferred Stock Dividend": 7000000.0,
        "Preferred Stock Dividends": 31000000.0,
        "Net Income": 851000000.0,
        "Net Income Including Noncontrolling Interests": 851000000.0,
        "Net Income Continuous Operations": 851000000.0,
        "Tax Provision": 268000000.0,
        "Pretax Income": 1119000000.0,
        "Gain On Sale Of Security": 0.0,
        "Selling General And Administration": 921000000.0,
        "Selling And Marketing Expense": 250000000.0,
        "General And Administrative Expense": 671000000.0,
        "Salaries And Wages": 671000000.0,
        "Total Revenue": 4160000000.0,
        "Operating Revenue": 4160000000.0,
        "Occupancy And Equipment": 20000000.0,
        "Professional Expense And Contract Services Expense": 292000000.0,
        "Other Non Interest Expense": 311000000.0
    },
    "2024-06-30": {
        "Tax Effect Of Unusual Items": 0.0,
        "Tax Rate For Calcs": 0.261038,
        "Net Income From Continuing Operation Net Minority Interest": 1523000000.0,
        "Reconciled Depreciation": 82000000.0,
        "Net Interest Income": 3524000000.0,
        "Interest Expense": 1447000000.0,
        "Interest Income": 4971000000.0,
        "Normalized Income": 1523000000.0,
        "Net Income From Continuing And Discontinued Operation": 1523000000.0,
        "Diluted Average Shares": 251000000.0,
        "Basic Average Shares": 251000000.0,
        "Diluted EPS": 6.03,
        "Basic EPS": 6.04,
        "Diluted NI Availto Com Stockholders": 1515000000.0,
        "Net Income Common Stockholders": 1515000000.0,
        "Otherunder Preferred Stock Dividend": 8000000.0,
        "Preferred Stock Dividends": NaN,
        "Net Income": 1523000000.0,
        "Net Income Including Noncontrolling Interests": 1523000000.0,
        "Net Income Continuous Operations": 1523000000.0,
        "Tax Provision": 538000000.0,
        "Pretax Income": 2061000000.0,
        "Gain On Sale Of Security": 0.0,
        "Selling General And Administration": 916000000.0,
        "Selling And Marketing Expense": 258000000.0,
        "General And Administrative Expense": 658000000.0,
        "Salaries And Wages": 658000000.0,
        "Total Revenue": 4538000000.0,
        "Operating Revenue": 4538000000.0,
        "Occupancy And Equipment": 23000000.0,
        "Professional Expense And Contract Services Expense": 296000000.0,
        "Other Non Interest Expense": 503000000.0
    },
    "2024-09-30": {
        "Tax Effect Of Unusual Items": 0.0,
        "Tax Rate For Calcs": 0.27,
        "Net Income From Continuing Operation Net Minority Interest": 870000000.0,
        "Reconciled Depreciation": 91000000.0,
        "Net Interest Income": 3655000000.0,
        "Interest Expense": 1457000000.0,
        "Interest Income": 5112000000.0,
        "Normalized Income": 870000000.0,
        "Net Income From Continuing And Discontinued Operation": 870000000.0,
        "Diluted Average Shares": 251000000.0,
        "Basic Average Shares": 251000000.0,
        "Diluted EPS": 3.32,
        "Basic EPS": 3.32,
        "Diluted NI Availto Com Stockholders": 834000000.0,
        "Net Income Common Stockholders": 834000000.0,
        "Otherunder Preferred Stock Dividend": 5000000.0,
        "Preferred Stock Dividends": 31000000.0,
        "Net Income": 870000000.0,
        "Net Income Including Noncontrolling Interests": 870000000.0,
        "Net Income Continuous Operations": 870000000.0,
        "Tax Provision": 322000000.0,
        "Pretax Income": 1192000000.0,
        "Gain On Sale Of Security": NaN,
        "Selling General And Administration": 966000000.0,
        "Selling And Marketing Expense": 263000000.0,
        "General And Administrative Expense": 703000000.0,
        "Salaries And Wages": 703000000.0,
        "Total Revenue": 4453000000.0,
        "Operating Revenue": 4453000000.0,
        "Occupancy And Equipment": 25000000.0,
        "Professional Expense And Contract Services Expense": 323000000.0,
        "Other Non Interest Expense": 474000000.0
    }
}