{
    "2023-03-31": {
        "Tax Effect Of Unusual Items": 0.0,
        "Tax Rate For Calcs": 0.0,
        "Normalized EBITDA": -5588826.0,
        "Total Unusual Items": 158021.0,
        "Total Unusual Items Excluding Goodwill": 158021.0,
        "Net Income From Continuing Operation Net Minority Interest": -6105818.0,
        "Reconciled Depreciation": 543110.0,
        "Reconciled Cost Of Revenue": 6152398.0,
        "EBITDA": -5430805.0,
        "EBIT": -5973915.0,
        "Net Interest Income": 9813.0,
        "Interest Expense": 5664.0,
        "Interest Income": 15477.0,
        "Normalized Income": -6263839.0,
        "Net Income From Continuing And Discontinued Operation": -6105818.0,
        "Total Expenses": 13869996.0,
        "Total Operating Income As Reported": -6172806.0,
        "Diluted NI Availto Com Stockholders": -6105818.0,
        "Net Income Common Stockholders": -6105818.0,
        "Net Income": -6105818.0,
        "Minority Interests": -126239.0,
        "Net Income Including Noncontrolling Interests": -5979579.0,
        "Net Income Continuous Operations": -5979579.0,
        "Tax Provision": 0.0,
        "Pretax Income": -5979579.0,
        "Other Income Expense": 183414.0,
        "Other Non Operating Income Expenses": 25393.0,
        "Special Income Charges": 158021.0,
        "Other Special Charges": NaN,
        "Restructuring And Mergern Acquisition": -158021.0,
        "Gain On Sale Of Security": NaN,
        "Net Non Operating Interest Income Expense": 9813.0,
        "Interest Expense Non Operating": 5664.0,
        "Interest Income Non Operating": 15477.0,
        "Operating Income": -6172806.0,
        "Operating Expense": 7717598.0,
        "Research And Development": 934939.0,
        "Selling General And Administration": 6782659.0,
        "Selling And Marketing Expense": 1847489.0,
        "General And Administrative Expense": 4935170.0,
        "Other Gand A": 4935170.0,
        "Gross Profit": 1544792.0,
        "Cost Of Revenue": 6152398.0,
        "Total Revenue": 7697190.0,
        "Operating Revenue": 7697190.0
    },
    "2022-12-31": {
        "Tax Effect Of Unusual Items": 0.0,
        "Tax Rate For Calcs": 0.0,
        "Normalized EBITDA": -9428990.0,
        "Total Unusual Items": 382632.0,
        "Total Unusual Items Excluding Goodwill": 382632.0,
        "Net Income From Continuing Operation Net Minority Interest": -9713557.0,
        "Reconciled Depreciation": 530472.0,
        "Reconciled Cost Of Revenue": 10811760.0,
        "EBITDA": -9046358.0,
        "EBIT": -9576830.0,
        "Net Interest Income": 16667.0,
        "Interest Expense": -2570.0,
        "Interest Income": 14097.0,
        "Normalized Income": -10096189.0,
        "Net Income From Continuing And Discontinued Operation": -9713557.0,
        "Total Expenses": 18581151.0,
        "Total Operating Income As Reported": -9701648.0,
        "Diluted NI Availto Com Stockholders": -12098557.0,
        "Net Income Common Stockholders": -12098557.0,
        "Net Income": -9713557.0,
        "Minority Interests": -139297.0,
        "Net Income Including Noncontrolling Interests": -9574260.0,
        "Net Income Continuous Operations": -9574260.0,
        "Tax Provision": 0.0,
        "Pretax Income": -9574260.0,
        "Other Income Expense": 110721.0,
        "Other Non Operating Income Expenses": -271911.0,
        "Special Income Charges": 382632.0,
        "Other Special Charges": NaN,
        "Restructuring And Mergern Acquisition": -169801.0,
        "Gain On Sale Of Security": 0.0,
        "Net Non Operating Interest Income Expense": 16667.0,
        "Interest Expense Non Operating": -2570.0,
        "Interest Income Non Operating": 14097.0,
        "Operating Income": -9701648.0,
        "Operating Expense": 7769391.0,
        "Research And Development": 635898.0,
        "Selling General And Administration": 7133493.0,
        "Selling And Marketing Expense": 1936840.0,
        "General And Administrative Expense": 5196653.0,
        "Other Gand A": 5196653.0,
        "Gross Profit": -1932257.0,
        "Cost Of Revenue": 10811760.0,
        "Total Revenue": 8879503.0,
        "Operating Revenue": 8879503.0
    },
    "2022-09-30": {
        "Tax Effect Of Unusual Items": 0.0,
        "Tax Rate For Calcs": 0.0,
        "Normalized EBITDA": -5933613.0,
        "Total Unusual Items": 4650766.0,
        "Total Unusual Items Excluding Goodwill": 4650766.0,
        "Net Income From Continuing Operation Net Minority Interest": -1902475.0,
        "Reconciled Depreciation": 621969.0,
        "Reconciled Cost Of Revenue": 7888653.0,
        "EBITDA": -1282847.0,
        "EBIT": -1904816.0,
        "Net Interest Income": -922.0,
        "Interest Expense": 14255.0,
        "Interest Income": 13333.0,
        "Normalized Income": -6553241.0,
        "Net Income From Continuing And Discontinued Operation": -1902475.0,
        "Total Expenses": 15051176.0,
        "Total Operating Income As Reported": -6567023.0,
        "Diluted Average Shares": 2518261.0,
        "Basic Average Shares": 2518261.0,
        "Diluted EPS": -0.76,
        "Basic EPS": -0.76,
        "Diluted NI Availto Com Stockholders": -1902475.0,
        "Net Income Common Stockholders": -1902475.0,
        "Net Income": -1902475.0,
        "Minority Interests": 16596.0,
        "Net Income Including Noncontrolling Interests": -1919071.0,
        "Net Income Continuous Operations": -1919071.0,
        "Tax Provision": 0.0,
        "Pretax Income": -1919071.0,
        "Other Income Expense": 4648874.0,
        "Other Non Operating Income Expenses": -1892.0,
        "Special Income Charges": -138877.0,
        "Other Special Charges": NaN,
        "Restructuring And Mergern Acquisition": 138877.0,
        "Gain On Sale Of Security": 4789643.0,
        "Net Non Operating Interest Income Expense": -922.0,
        "Interest Expense Non Operating": 14255.0,
        "Interest Income Non Operating": 13333.0,
        "Operating Income": -6567023.0,
        "Operating Expense": 7162523.0,
        "Research And Development": 616174.0,
        "Selling General And Administration": 6546349.0,
        "Selling And Marketing Expense": 1832916.0,
        "General And Administrative Expense": 4713433.0,
        "Other Gand A": 4713433.0,
        "Gross Profit": 595500.0,
        "Cost Of Revenue": 7888653.0,
        "Total Revenue": 8484153.0,
        "Operating Revenue": 8484153.0
    },
    "2022-06-30": {
        "Tax Effect Of Unusual Items": 0.0,
        "Tax Rate For Calcs": 0.0,
        "Normalized EBITDA": -6098557.0,
        "Total Unusual Items": 5955714.0,
        "Total Unusual Items Excluding Goodwill": 5955714.0,
        "Net Income From Continuing Operation Net Minority Interest": -1065513.0,
        "Reconciled Depreciation": 530843.0,
        "Reconciled Cost Of Revenue": 7632379.0,
        "EBITDA": -142843.0,
        "EBIT": -673686.0,
        "Net Interest Income": 23732.0,
        "Interest Expense": 8501.0,
        "Interest Income": 32233.0,
        "Normalized Income": -7021227.0,
        "Net Income From Continuing And Discontinued Operation": -1065513.0,
        "Total Expenses": 16012709.0,
        "Total Operating Income As Reported": -6661252.0,
        "Diluted Average Shares": 2432872.0,
        "Basic Average Shares": 2432872.0,
        "Diluted EPS": -0.44,
        "Basic EPS": -0.44,
        "Diluted NI Availto Com Stockholders": -1065513.0,
        "Net Income Common Stockholders": -1065513.0,
        "Net Income": -1065513.0,
        "Minority Interests": -383326.0,
        "Net Income Including Noncontrolling Interests": -682187.0,
        "Net Income Continuous Operations": -682187.0,
        "Tax Provision": 0.0,
        "Pretax Income": -682187.0,
        "Other Income Expense": 5955333.0,
        "Other Non Operating Income Expenses": -381.0,
        "Special Income Charges": 542096.0,
        "Other Special Charges": NaN,
        "Restructuring And Mergern Acquisition": -542096.0,
        "Gain On Sale Of Security": 5413618.0,
        "Net Non Operating Interest Income Expense": 23732.0,
        "Interest Expense Non Operating": 8501.0,
        "Interest Income Non Operating": 32233.0,
        "Operating Income": -6661252.0,
        "Operating Expense": 8380330.0,
        "Research And Development": 540222.0,
        "Selling General And Administration": 7840108.0,
        "Selling And Marketing Expense": 2763045.0,
        "General And Administrative Expense": 5077063.0,
        "Other Gand A": 5077063.0,
        "Gross Profit": 1719078.0,
        "Cost Of Revenue": 7632379.0,
        "Total Revenue": 9351457.0,
        "Operating Revenue": 9351457.0
    },
    "2022-03-31": {
        "Diluted EPS": -2.59,
        "Total Revenue": 10,
        "Gross Profit": 2,
        "Operating Income": -7,
        "EBIT": -6,
        "Net Income": -7
    },
    "2021-12-31": {
        "Diluted EPS": -0.86,
        "Total Revenue": 12,
        "Gross Profit": 2,
        "Operating Income": -6,
        "EBIT": -5,
        "Net Income": 1
    },
    "2021-09-30": {
        "Diluted EPS": 3.2,
        "Total Revenue": 5,
        "Gross Profit": 1,
        "Operating Income": -4,
        "EBIT": -4,
        "Net Income": 8
    },
    "2021-06-30": {
        "Diluted EPS": -2.0,
        "Total Revenue": 2,
        "Gross Profit": 1,
        "Operating Income": -3,
        "EBIT": -3,
        "Net Income": -5
    },
    "2021-03-31": {
        "Diluted EPS": 9.8,
        "Total Revenue": 3,
        "Gross Profit": 1,
        "Operating Income": -3,
        "EBIT": -3,
        "Net Income": 22
    },
    "2020-12-31": {
        "Diluted EPS": 1.2,
        "Total Revenue": 3,
        "Gross Profit": 1,
        "Operating Income": -2,
        "EBIT": -2,
        "Net Income": 0
    },
    "2020-09-30": {
        "Diluted EPS": 0.4,
        "Total Revenue": 4,
        "Gross Profit": 1,
        "Operating Income": -2,
        "EBIT": -2,
        "Net Income": 1
    },
    "2020-06-30": {
        "Diluted EPS": -0.6,
        "Total Revenue": 2,
        "Gross Profit": 0,
        "Operating Income": -2,
        "EBIT": -2,
        "Net Income": 0
    },
    "2020-03-31": {
        "Diluted EPS": -3.4,
        "Total Revenue": 2,
        "Gross Profit": 1,
        "Operating Income": -2,
        "EBIT": -2,
        "Net Income": -2
    },
    "2019-12-31": {
        "Diluted EPS": -5.8,
        "Total Revenue": 2,
        "Gross Profit": 0,
        "Operating Income": -3,
        "EBIT": -3,
        "Net Income": -3
    },
    "2019-09-30": {
        "Diluted EPS": -5.2,
        "Total Revenue": 3,
        "Gross Profit": 1,
        "Operating Income": -2,
        "EBIT": -2,
        "Net Income": -3
    },
    "2019-06-30": {
        "Diluted EPS": -0.6,
        "Total Revenue": 3,
        "Gross Profit": 1,
        "Operating Income": 3,
        "EBIT": 3,
        "Net Income": 0
    },
    "2019-03-31": {
        "Diluted EPS": -5.8,
        "Total Revenue": 3,
        "Gross Profit": 1,
        "Operating Income": -3,
        "EBIT": -3,
        "Net Income": -3
    },
    "2018-12-31": {
        "Diluted EPS": -10.8,
        "Total Revenue": 2,
        "Gross Profit": 0,
        "Operating Income": -5,
        "EBIT": -5,
        "Net Income": -5
    },
    "2018-09-30": {
        "Diluted EPS": -12.0,
        "Total Revenue": 3,
        "Gross Profit": 1,
        "Operating Income": -2,
        "EBIT": -2,
        "Net Income": -5
    },
    "2018-06-30": {
        "Diluted EPS": -8.4,
        "Total Revenue": 4,
        "Gross Profit": 2,
        "Operating Income": -1,
        "EBIT": -1,
        "Net Income": -3
    },
    "2018-03-31": {
        "Diluted EPS": -7.4,
        "Total Revenue": 2,
        "Gross Profit": 1,
        "Operating Income": -2,
        "EBIT": -2,
        "Net Income": -3
    },
    "2017-12-31": {
        "Diluted EPS": -8.6,
        "Total Revenue": 3,
        "Gross Profit": 0,
        "Operating Income": -4,
        "EBIT": -3,
        "Net Income": -4
    },
    "2017-09-30": {
        "Diluted EPS": -11.2,
        "Total Revenue": 3,
        "Gross Profit": 1,
        "Operating Income": -3,
        "EBIT": -3,
        "Net Income": -3
    },
    "2017-06-30": {
        "Diluted EPS": -8.2,
        "Total Revenue": 3,
        "Gross Profit": 1,
        "Operating Income": -2,
        "EBIT": -2,
        "Net Income": -2
    },
    "2017-03-31": {
        "Diluted EPS": -7.2,
        "Total Revenue": 5,
        "Gross Profit": 2,
        "Operating Income": -2,
        "EBIT": -2,
        "Net Income": -2
    },
    "2016-12-31": {
        "Diluted EPS": -15.8,
        "Total Revenue": 3,
        "Gross Profit": 0,
        "Operating Income": -4,
        "EBIT": -4,
        "Net Income": -4
    },
    "2016-09-30": {
        "Diluted EPS": -12.2,
        "Total Revenue": 4,
        "Gross Profit": 2,
        "Operating Income": -3,
        "EBIT": -3,
        "Net Income": -3
    },
    "2016-06-30": {
        "Diluted EPS": -10.8,
        "Total Revenue": 4,
        "Gross Profit": 1,
        "Operating Income": -3,
        "EBIT": -3,
        "Net Income": -3
    },
    "2016-03-31": {
        "Diluted EPS": -8.8,
        "Total Revenue": 4,
        "Gross Profit": 2,
        "Operating Income": -2,
        "EBIT": -2,
        "Net Income": -2
    },
    "2015-12-31": {
        "Diluted EPS": -4.4,
        "Total Revenue": 5,
        "Gross Profit": 2,
        "Operating Income": -3,
        "EBIT": -3,
        "Net Income": -3
    },
    "2015-09-30": {
        "Diluted EPS": -9.0,
        "Total Revenue": 5,
        "Gross Profit": 2,
        "Operating Income": -2,
        "EBIT": -2,
        "Net Income": -2
    },
    "2015-06-30": {
        "Diluted EPS": -4.0,
        "Total Revenue": 6,
        "Gross Profit": 3,
        "Operating Income": -1,
        "EBIT": -1,
        "Net Income": -1
    },
    "2015-03-31": {
        "Diluted EPS": -38.0,
        "Total Revenue": 4,
        "Gross Profit": 2,
        "Operating Income": -2,
        "EBIT": -2,
        "Net Income": -6
    },
    "2014-12-31": {
        "Diluted EPS": -8.0,
        "Total Revenue": 5,
        "Gross Profit": 3,
        "Operating Income": 0,
        "EBIT": 0,
        "Net Income": -1
    },
    "2014-09-30": {
        "Diluted EPS": -46.4,
        "Total Revenue": 5,
        "Gross Profit": 2,
        "Operating Income": -1,
        "EBIT": -1,
        "Net Income": -6
    },
    "2014-06-30": {
        "Diluted EPS": -8.6,
        "Total Revenue": 3,
        "Gross Profit": 2,
        "Operating Income": -1,
        "EBIT": -1,
        "Net Income": -1
    },
    "2014-03-31": {
        "Diluted EPS": -7.8,
        "Total Revenue": 4,
        "Gross Profit": 2,
        "Operating Income": -1,
        "EBIT": 0,
        "Net Income": -1
    },
    "2013-12-31": {
        "Diluted EPS": -15.4,
        "Total Revenue": 4,
        "Gross Profit": 2,
        "Operating Income": -2,
        "EBIT": -1,
        "Net Income": -2
    },
    "2013-09-30": {
        "Diluted EPS": -8.4,
        "Total Revenue": 4,
        "Gross Profit": 2,
        "Operating Income": -1,
        "EBIT": -1,
        "Net Income": -1
    },
    "2013-06-30": {
        "Diluted EPS": -0.6,
        "Total Revenue": 5,
        "Gross Profit": 3,
        "Operating Income": 0,
        "EBIT": 0,
        "Net Income": 0
    },
    "2013-03-31": {
        "Diluted EPS": 1.0,
        "Total Revenue": 5,
        "Gross Profit": 3,
        "Operating Income": 0,
        "EBIT": 0,
        "Net Income": 0
    },
    "2012-12-31": {
        "Diluted EPS": -4.6,
        "Total Revenue": 5,
        "Gross Profit": 2,
        "Operating Income": 0,
        "EBIT": 0,
        "Net Income": 0
    },
    "2012-09-30": {
        "Diluted EPS": 2.6,
        "Total Revenue": 5,
        "Gross Profit": 3,
        "Operating Income": 0,
        "EBIT": 0,
        "Net Income": 0
    },
    "2012-06-30": {
        "Diluted EPS": -9.4,
        "Total Revenue": 5,
        "Gross Profit": 2,
        "Operating Income": -1,
        "EBIT": -1,
        "Net Income": -1
    },
    "2012-03-31": {
        "Diluted EPS": -8.0,
        "Total Revenue": 4,
        "Gross Profit": 2,
        "Operating Income": -1,
        "EBIT": -1,
        "Net Income": -1
    },
    "2011-12-31": {
        "Diluted EPS": -15.2,
        "Total Revenue": 4,
        "Gross Profit": 2,
        "Operating Income": -1,
        "EBIT": -1,
        "Net Income": -2
    },
    "2011-09-30": {
        "Diluted EPS": -1.6,
        "Total Revenue": 6,
        "Gross Profit": 3,
        "Operating Income": 0,
        "EBIT": 0,
        "Net Income": 0
    },
    "2011-06-30": {
        "Diluted EPS": -11.2,
        "Total Revenue": 5,
        "Gross Profit": 2,
        "Operating Income": -1,
        "EBIT": -1,
        "Net Income": -1
    },
    "2011-03-31": {
        "Diluted EPS": -11.2,
        "Total Revenue": 5,
        "Gross Profit": 2,
        "Operating Income": -1,
        "EBIT": -1,
        "Net Income": -1
    },
    "2010-12-31": {
        "Diluted EPS": -48.0,
        "Total Revenue": 6,
        "Gross Profit": 3,
        "Operating Income": -1,
        "EBIT": -1,
        "Net Income": -5
    },
    "2010-09-30": {
        "Diluted EPS": -4.8,
        "Total Revenue": 7,
        "Gross Profit": 3,
        "Operating Income": -1,
        "EBIT": 0,
        "Net Income": 0
    },
    "2010-06-30": {
        "Diluted EPS": -8.0,
        "Total Revenue": 6,
        "Gross Profit": 3,
        "Operating Income": -1,
        "EBIT": -1,
        "Net Income": -1
    },
    "2010-03-31": {
        "Diluted EPS": -3.2,
        "Total Revenue": 6,
        "Gross Profit": 3,
        "Operating Income": -1,
        "EBIT": 0,
        "Net Income": 0
    },
    "2009-12-31": {
        "Diluted EPS": 1.6,
        "Total Revenue": 9,
        "Gross Profit": 5,
        "Operating Income": 0,
        "EBIT": 1,
        "Net Income": 0
    },
    "2009-09-30": {
        "Diluted EPS": 1.6,
        "Total Revenue": 6,
        "Gross Profit": 3,
        "Operating Income": 0,
        "EBIT": 0,
        "Net Income": 0
    },
    "2009-06-30": {
        "Diluted EPS": -1.6,
        "Total Revenue": 7,
        "Gross Profit": 4,
        "Operating Income": 0,
        "EBIT": 0,
        "Net Income": 0
    },
    "2009-03-31": {
        "Diluted EPS": -12.8,
        "Total Revenue": 4,
        "Gross Profit": 2,
        "Operating Income": -2,
        "EBIT": -2,
        "Net Income": -1
    },
    "2023-06-30": {
        "Tax Effect Of Unusual Items": 0.0,
        "Tax Rate For Calcs": 0.0,
        "Normalized EBITDA": -4405034.0,
        "Total Unusual Items": -1852074.0,
        "Total Unusual Items Excluding Goodwill": -1852074.0,
        "Net Income From Continuing Operation Net Minority Interest": -8393304.0,
        "Reconciled Depreciation": 547932.0,
        "Reconciled Cost Of Revenue": 5542592.0,
        "EBITDA": -6257108.0,
        "EBIT": -6805040.0,
        "Net Interest Income": -1459779.0,
        "Interest Expense": 1515509.0,
        "Interest Income": 55730.0,
        "Normalized Income": -6541230.0,
        "Net Income From Continuing And Discontinued Operation": -8393304.0,
        "Total Expenses": 13220336.0,
        "Total Operating Income As Reported": -4940704.0,
        "Diluted NI Availto Com Stockholders": -8393304.0,
        "Net Income Common Stockholders": -8393304.0,
        "Net Income": -8393304.0,
        "Minority Interests": -72755.0,
        "Net Income Including Noncontrolling Interests": -8320549.0,
        "Net Income Continuous Operations": -8320549.0,
        "Tax Provision": 0.0,
        "Pretax Income": -8320549.0,
        "Other Income Expense": -1920066.0,
        "Other Non Operating Income Expenses": -67992.0,
        "Special Income Charges": -1792308.0,
        "Other Special Charges": 1792308.0,
        "Restructuring And Mergern Acquisition": 0.0,
        "Gain On Sale Of Security": -59766.0,
        "Net Non Operating Interest Income Expense": -1459779.0,
        "Interest Expense Non Operating": 1515509.0,
        "Interest Income Non Operating": 55730.0,
        "Operating Income": -4940704.0,
        "Operating Expense": 7677744.0,
        "Research And Development": 540276.0,
        "Selling General And Administration": 7137468.0,
        "Selling And Marketing Expense": 2104625.0,
        "General And Administrative Expense": 5032843.0,
        "Other Gand A": 5032843.0,
        "Gross Profit": 2737040.0,
        "Cost Of Revenue": 5542592.0,
        "Total Revenue": 8279632.0,
        "Operating Revenue": 8279632.0
    },
    "2023-09-30": {
        "Tax Effect Of Unusual Items": 0.0,
        "Tax Rate For Calcs": 0.0,
        "Normalized EBITDA": -4544078.0,
        "Total Unusual Items": 2390518.0,
        "Total Unusual Items Excluding Goodwill": 2390518.0,
        "Net Income From Continuing Operation Net Minority Interest": -3708673.0,
        "Reconciled Depreciation": 565585.0,
        "Reconciled Cost Of Revenue": 5111550.0,
        "EBITDA": -2153560.0,
        "EBIT": -2719145.0,
        "Net Interest Income": -946912.0,
        "Interest Expense": 959898.0,
        "Interest Income": 12986.0,
        "Normalized Income": -6099191.0,
        "Net Income From Continuing And Discontinued Operation": -3708673.0,
        "Total Expenses": 11485742.0,
        "Total Operating Income As Reported": -5148043.0,
        "Diluted NI Availto Com Stockholders": -3708673.0,
        "Net Income Common Stockholders": -3708673.0,
        "Net Income": -3708673.0,
        "Minority Interests": -29630.0,
        "Net Income Including Noncontrolling Interests": -3679043.0,
        "Net Income Continuous Operations": -3679043.0,
        "Tax Provision": 0.0,
        "Pretax Income": -3679043.0,
        "Other Income Expense": 2415912.0,
        "Other Non Operating Income Expenses": 25394.0,
        "Special Income Charges": 527192.0,
        "Other Special Charges": -507304.0,
        "Restructuring And Mergern Acquisition": -19888.0,
        "Gain On Sale Of Security": 1863326.0,
        "Net Non Operating Interest Income Expense": -946912.0,
        "Interest Expense Non Operating": 959898.0,
        "Interest Income Non Operating": 12986.0,
        "Operating Income": -5148043.0,
        "Operating Expense": 6374192.0,
        "Research And Development": 564146.0,
        "Selling General And Administration": 5810046.0,
        "Selling And Marketing Expense": 1932982.0,
        "General And Administrative Expense": 3877064.0,
        "Other Gand A": 3877064.0,
        "Gross Profit": 1226149.0,
        "Cost Of Revenue": 5111550.0,
        "Total Revenue": 6337699.0,
        "Operating Revenue": 6337699.0
    }
}