{
    "2023-06-30": {
        "Tax Effect Of Unusual Items": 0.0,
        "Tax Rate For Calcs": 0.236593,
        "Normalized EBITDA": 466000000.0,
        "Net Income From Continuing Operation Net Minority Interest": 235000000.0,
        "Reconciled Depreciation": 112000000.0,
        "Reconciled Cost Of Revenue": 1462000000.0,
        "EBIT": 354000000.0,
        "Net Interest Income": -37000000.0,
        "Interest Expense": 37000000.0,
        "Interest Income": 2000000.0,
        "Normalized Income": 235000000.0,
        "Net Income From Continuing And Discontinued Operation": 235000000.0,
        "Total Expenses": 1990000000.0,
        "Total Operating Income As Reported": 348000000.0,
        "Diluted Average Shares": 114000000.0,
        "Basic Average Shares": 112000000.0,
        "Diluted EPS": 2.05,
        "Basic EPS": 2.08,
        "Diluted NI Availto Com Stockholders": 234000000.0,
        "Net Income Common Stockholders": 234000000.0,
        "Otherunder Preferred Stock Dividend": 1000000.0,
        "Net Income": 235000000.0,
        "Minority Interests": -14000000.0,
        "Net Income Including Noncontrolling Interests": 249000000.0,
        "Net Income Continuous Operations": 249000000.0,
        "Earnings From Equity Interest Net Of Tax": 7000000.0,
        "Tax Provision": 75000000.0,
        "Pretax Income": 317000000.0,
        "Other Income Expense": 6000000.0,
        "Other Non Operating Income Expenses": 6000000.0,
        "Net Non Operating Interest Income Expense": -37000000.0,
        "Interest Expense Non Operating": 37000000.0,
        "Interest Income Non Operating": 2000000.0,
        "Operating Income": 348000000.0,
        "Operating Expense": 444000000.0,
        "Other Operating Expenses": NaN,
        "Depreciation Amortization Depletion Income Statement": 28000000.0,
        "Depreciation And Amortization In Income Statement": 28000000.0,
        "Amortization": 28000000.0,
        "Amortization Of Intangibles Income Statement": 28000000.0,
        "Selling General And Administration": 416000000.0,
        "Gross Profit": 792000000.0,
        "Cost Of Revenue": 1546000000.0,
        "Total Revenue": 2338000000.0,
        "Operating Revenue": 2338000000.0
    },
    "2023-03-31": {
        "Tax Effect Of Unusual Items": 0.0,
        "Tax Rate For Calcs": 0.234657,
        "Normalized EBITDA": 419000000.0,
        "Net Income From Continuing Operation Net Minority Interest": 202000000.0,
        "Reconciled Depreciation": 107000000.0,
        "Reconciled Cost Of Revenue": 1479000000.0,
        "EBIT": 312000000.0,
        "Net Interest Income": -35000000.0,
        "Interest Expense": 35000000.0,
        "Interest Income": 2000000.0,
        "Normalized Income": 202000000.0,
        "Net Income From Continuing And Discontinued Operation": 202000000.0,
        "Total Expenses": 2026000000.0,
        "Total Operating Income As Reported": 305000000.0,
        "Diluted Average Shares": 113000000.0,
        "Basic Average Shares": 112000000.0,
        "Diluted EPS": 1.78,
        "Basic EPS": 1.8,
        "Diluted NI Availto Com Stockholders": 201000000.0,
        "Net Income Common Stockholders": 201000000.0,
        "Otherunder Preferred Stock Dividend": 1000000.0,
        "Net Income": 202000000.0,
        "Minority Interests": -15000000.0,
        "Net Income Including Noncontrolling Interests": 217000000.0,
        "Net Income Continuous Operations": 217000000.0,
        "Earnings From Equity Interest Net Of Tax": 5000000.0,
        "Tax Provision": 65000000.0,
        "Pretax Income": 277000000.0,
        "Other Income Expense": 7000000.0,
        "Other Non Operating Income Expenses": 7000000.0,
        "Net Non Operating Interest Income Expense": -35000000.0,
        "Interest Expense Non Operating": 35000000.0,
        "Interest Income Non Operating": 2000000.0,
        "Operating Income": 305000000.0,
        "Operating Expense": 466000000.0,
        "Other Operating Expenses": 1000000.0,
        "Depreciation Amortization Depletion Income Statement": 26000000.0,
        "Depreciation And Amortization In Income Statement": 26000000.0,
        "Amortization": 26000000.0,
        "Amortization Of Intangibles Income Statement": 26000000.0,
        "Selling General And Administration": 439000000.0,
        "Gross Profit": 771000000.0,
        "Cost Of Revenue": 1560000000.0,
        "Total Revenue": 2331000000.0,
        "Operating Revenue": 2331000000.0
    },
    "2022-12-31": {
        "Tax Effect Of Unusual Items": 0.0,
        "Tax Rate For Calcs": 0.4,
        "Normalized EBITDA": 257000000.0,
        "Net Income From Continuing Operation Net Minority Interest": 101000000.0,
        "Reconciled Depreciation": 116000000.0,
        "Reconciled Cost Of Revenue": 1498000000.0,
        "EBIT": 141000000.0,
        "Net Interest Income": -32000000.0,
        "Interest Expense": 32000000.0,
        "Interest Income": 4000000.0,
        "Normalized Income": 101000000.0,
        "Net Income From Continuing And Discontinued Operation": 101000000.0,
        "Total Expenses": 2198000000.0,
        "Total Operating Income As Reported": 135000000.0,
        "Diluted Average Shares": 115000000.0,
        "Basic Average Shares": 113000000.0,
        "Diluted EPS": 0.87,
        "Basic EPS": 0.89,
        "Diluted NI Availto Com Stockholders": 101000000.0,
        "Net Income Common Stockholders": 101000000.0,
        "Otherunder Preferred Stock Dividend": 0.0,
        "Net Income": 101000000.0,
        "Minority Interests": -15000000.0,
        "Net Income Including Noncontrolling Interests": 116000000.0,
        "Net Income Continuous Operations": 116000000.0,
        "Earnings From Equity Interest Net Of Tax": 3000000.0,
        "Tax Provision": -4000000.0,
        "Pretax Income": 109000000.0,
        "Other Income Expense": 6000000.0,
        "Other Non Operating Income Expenses": 6000000.0,
        "Net Non Operating Interest Income Expense": -32000000.0,
        "Interest Expense Non Operating": 32000000.0,
        "Interest Income Non Operating": 4000000.0,
        "Operating Income": 135000000.0,
        "Operating Expense": 623000000.0,
        "Other Operating Expenses": 21000000.0,
        "Depreciation Amortization Depletion Income Statement": 39000000.0,
        "Depreciation And Amortization In Income Statement": 39000000.0,
        "Amortization": 39000000.0,
        "Amortization Of Intangibles Income Statement": 39000000.0,
        "Selling General And Administration": 563000000.0,
        "Gross Profit": 758000000.0,
        "Cost Of Revenue": 1575000000.0,
        "Total Revenue": 2333000000.0,
        "Operating Revenue": 2333000000.0
    },
    "2022-09-30": {
        "Tax Effect Of Unusual Items": 0.0,
        "Tax Rate For Calcs": 0.230769,
        "Normalized EBITDA": 492000000.0,
        "Net Income From Continuing Operation Net Minority Interest": 256000000.0,
        "Reconciled Depreciation": 108000000.0,
        "Reconciled Cost Of Revenue": 1537000000.0,
        "EBIT": 384000000.0,
        "Net Interest Income": -33000000.0,
        "Interest Expense": 33000000.0,
        "Interest Income": 4000000.0,
        "Normalized Income": 256000000.0,
        "Net Income From Continuing And Discontinued Operation": 256000000.0,
        "Total Expenses": 2094000000.0,
        "Total Operating Income As Reported": 392000000.0,
        "Diluted Average Shares": 118000000.0,
        "Basic Average Shares": 116000000.0,
        "Diluted EPS": 2.17,
        "Basic EPS": 2.2,
        "Diluted NI Availto Com Stockholders": 254000000.0,
        "Net Income Common Stockholders": 254000000.0,
        "Otherunder Preferred Stock Dividend": 2000000.0,
        "Net Income": 256000000.0,
        "Minority Interests": -20000000.0,
        "Net Income Including Noncontrolling Interests": 276000000.0,
        "Net Income Continuous Operations": 276000000.0,
        "Earnings From Equity Interest Net Of Tax": 6000000.0,
        "Tax Provision": 81000000.0,
        "Pretax Income": 351000000.0,
        "Other Income Expense": -8000000.0,
        "Other Non Operating Income Expenses": -8000000.0,
        "Net Non Operating Interest Income Expense": -33000000.0,
        "Interest Expense Non Operating": 33000000.0,
        "Interest Income Non Operating": 4000000.0,
        "Operating Income": 392000000.0,
        "Operating Expense": 476000000.0,
        "Other Operating Expenses": -15000000.0,
        "Depreciation Amortization Depletion Income Statement": 27000000.0,
        "Depreciation And Amortization In Income Statement": 27000000.0,
        "Amortization": 27000000.0,
        "Amortization Of Intangibles Income Statement": 27000000.0,
        "Selling General And Administration": 464000000.0,
        "Gross Profit": 868000000.0,
        "Cost Of Revenue": 1618000000.0,
        "Total Revenue": 2486000000.0,
        "Operating Revenue": 2486000000.0
    },
    "2022-06-30": {
        "Tax Effect Of Unusual Items": 0.0,
        "Tax Rate For Calcs": 0.23839,
        "Normalized EBITDA": 466000000.0,
        "Net Income From Continuing Operation Net Minority Interest": 234000000.0,
        "Reconciled Depreciation": 107000000.0,
        "Reconciled Cost Of Revenue": 1531000000.0,
        "EBIT": 359000000.0,
        "Net Interest Income": -36000000.0,
        "Interest Expense": 36000000.0,
        "Interest Income": NaN,
        "Normalized Income": 234000000.0,
        "Net Income From Continuing And Discontinued Operation": 234000000.0,
        "Total Expenses": 2065000000.0,
        "Total Operating Income As Reported": 388000000.0,
        "Diluted Average Shares": 119000000.0,
        "Basic Average Shares": 117000000.0,
        "Diluted EPS": 1.96,
        "Basic EPS": 2.0,
        "Diluted NI Availto Com Stockholders": 233000000.0,
        "Net Income Common Stockholders": 233000000.0,
        "Otherunder Preferred Stock Dividend": 1000000.0,
        "Net Income": 234000000.0,
        "Minority Interests": -16000000.0,
        "Net Income Including Noncontrolling Interests": 250000000.0,
        "Net Income Continuous Operations": 250000000.0,
        "Earnings From Equity Interest Net Of Tax": 4000000.0,
        "Tax Provision": 77000000.0,
        "Pretax Income": 323000000.0,
        "Other Income Expense": -29000000.0,
        "Other Non Operating Income Expenses": -29000000.0,
        "Net Non Operating Interest Income Expense": -36000000.0,
        "Interest Expense Non Operating": 36000000.0,
        "Interest Income Non Operating": NaN,
        "Operating Income": 388000000.0,
        "Operating Expense": 454000000.0,
        "Other Operating Expenses": 5000000.0,
        "Depreciation Amortization Depletion Income Statement": 27000000.0,
        "Depreciation And Amortization In Income Statement": 27000000.0,
        "Amortization": 27000000.0,
        "Amortization Of Intangibles Income Statement": 27000000.0,
        "Selling General And Administration": 422000000.0,
        "Gross Profit": 842000000.0,
        "Cost Of Revenue": 1611000000.0,
        "Total Revenue": 2453000000.0,
        "Operating Revenue": 2453000000.0
    },
    "2022-03-31": {
        "Diluted EPS": 2.92,
        "Total Revenue": NaN,
        "Gross Profit": 965,
        "Operating Income": 513,
        "EBIT": 619,
        "Net Income": 355
    },
    "2021-12-31": {
        "Diluted EPS": 3.11,
        "Total Revenue": NaN,
        "Gross Profit": NaN,
        "Operating Income": 536,
        "EBIT": 642,
        "Net Income": 383
    },
    "2021-09-30": {
        "Diluted EPS": 4.02,
        "Total Revenue": NaN,
        "Gross Profit": NaN,
        "Operating Income": 652,
        "EBIT": 753,
        "Net Income": 505
    },
    "2021-06-30": {
        "Diluted EPS": 4.96,
        "Total Revenue": NaN,
        "Gross Profit": 985,
        "Operating Income": 533,
        "EBIT": 633,
        "Net Income": 631
    },
    "2021-03-31": {
        "Diluted EPS": 3.46,
        "Total Revenue": NaN,
        "Gross Profit": NaN,
        "Operating Income": 660,
        "EBIT": 761,
        "Net Income": 469
    },
    "2020-12-31": {
        "Diluted EPS": 4.24,
        "Total Revenue": NaN,
        "Gross Profit": NaN,
        "Operating Income": 795,
        "EBIT": 893,
        "Net Income": 573
    },
    "2020-09-30": {
        "Diluted EPS": 4.14,
        "Total Revenue": NaN,
        "Gross Profit": NaN,
        "Operating Income": 718,
        "EBIT": 807,
        "Net Income": 568
    },
    "2020-06-30": {
        "Diluted EPS": 1.36,
        "Total Revenue": NaN,
        "Gross Profit": 606,
        "Operating Income": 283,
        "EBIT": 372,
        "Net Income": 185
    },
    "2020-03-31": {
        "Diluted EPS": 0.73,
        "Total Revenue": NaN,
        "Gross Profit": 552,
        "Operating Income": 175,
        "EBIT": 260,
        "Net Income": 99
    },
    "2019-12-31": {
        "Diluted EPS": 1.86,
        "Total Revenue": NaN,
        "Gross Profit": 662,
        "Operating Income": 363,
        "EBIT": 445,
        "Net Income": 253
    },
    "2019-09-30": {
        "Diluted EPS": 1.56,
        "Total Revenue": NaN,
        "Gross Profit": 692,
        "Operating Income": 313,
        "EBIT": 395,
        "Net Income": 215
    },
    "2019-06-30": {
        "Diluted EPS": 1.66,
        "Total Revenue": NaN,
        "Gross Profit": 688,
        "Operating Income": 307,
        "EBIT": 388,
        "Net Income": 226
    },
    "2019-03-31": {
        "Diluted EPS": 1.2,
        "Total Revenue": NaN,
        "Gross Profit": 647,
        "Operating Income": 248,
        "EBIT": 332,
        "Net Income": 164
    },
    "2018-12-31": {
        "Diluted EPS": 0.92,
        "Total Revenue": NaN,
        "Gross Profit": 604,
        "Operating Income": 220,
        "EBIT": 301,
        "Net Income": 127
    },
    "2018-09-30": {
        "Diluted EPS": 1.53,
        "Total Revenue": NaN,
        "Gross Profit": 667,
        "Operating Income": 304,
        "EBIT": 381,
        "Net Income": 213
    },
    "2018-06-30": {
        "Diluted EPS": 1.57,
        "Total Revenue": NaN,
        "Gross Profit": 676,
        "Operating Income": 305,
        "EBIT": 382,
        "Net Income": 219
    },
    "2018-03-31": {
        "Diluted EPS": 1.27,
        "Total Revenue": NaN,
        "Gross Profit": 658,
        "Operating Income": 272,
        "EBIT": 346,
        "Net Income": 177
    },
    "2017-12-31": {
        "Diluted EPS": 1.82,
        "Total Revenue": NaN,
        "Gross Profit": 671,
        "Operating Income": 269,
        "EBIT": 342,
        "Net Income": 254
    },
    "2017-09-30": {
        "Diluted EPS": 1.15,
        "Total Revenue": NaN,
        "Gross Profit": 666,
        "Operating Income": 298,
        "EBIT": 367,
        "Net Income": 161
    },
    "2017-06-30": {
        "Diluted EPS": 1.37,
        "Total Revenue": NaN,
        "Gross Profit": 694,
        "Operating Income": 319,
        "EBIT": 385,
        "Net Income": 193
    },
    "2017-03-31": {
        "Diluted EPS": 1.16,
        "Total Revenue": NaN,
        "Gross Profit": 652,
        "Operating Income": 279,
        "EBIT": 341,
        "Net Income": 164
    },
    "2016-12-31": {
        "Diluted EPS": 1.09,
        "Total Revenue": NaN,
        "Gross Profit": 400,
        "Operating Income": 276,
        "EBIT": 339,
        "Net Income": 152
    },
    "2016-09-30": {
        "Diluted EPS": 1.34,
        "Total Revenue": NaN,
        "Gross Profit": 728,
        "Operating Income": 322,
        "EBIT": 385,
        "Net Income": 192
    },
    "2016-06-30": {
        "Diluted EPS": 1.37,
        "Total Revenue": NaN,
        "Gross Profit": 751,
        "Operating Income": 422,
        "EBIT": 483,
        "Net Income": 195
    },
    "2016-03-31": {
        "Diluted EPS": 0.71,
        "Total Revenue": NaN,
        "Gross Profit": 719,
        "Operating Income": 257,
        "EBIT": 319,
        "Net Income": 103
    },
    "2015-12-31": {
        "Diluted EPS": 1.29,
        "Total Revenue": NaN,
        "Gross Profit": 699,
        "Operating Income": 239,
        "EBIT": 313,
        "Net Income": 185
    },
    "2015-09-30": {
        "Diluted EPS": 2.35,
        "Total Revenue": NaN,
        "Gross Profit": 718,
        "Operating Income": 631,
        "EBIT": 708,
        "Net Income": 342
    },
    "2015-06-30": {
        "Diluted EPS": 0.81,
        "Total Revenue": NaN,
        "Gross Profit": 743,
        "Operating Income": 301,
        "EBIT": 376,
        "Net Income": 118
    },
    "2015-03-31": {
        "Diluted EPS": 0.42,
        "Total Revenue": NaN,
        "Gross Profit": 676,
        "Operating Income": 228,
        "EBIT": 306,
        "Net Income": 61
    },
    "2014-12-31": {
        "Diluted EPS": 1.3,
        "Total Revenue": NaN,
        "Gross Profit": 699,
        "Operating Income": 257,
        "EBIT": 336,
        "Net Income": 190
    },
    "2014-09-30": {
        "Diluted EPS": 0.88,
        "Total Revenue": NaN,
        "Gross Profit": 726,
        "Operating Income": 256,
        "EBIT": 335,
        "Net Income": 129
    },
    "2014-06-30": {
        "Diluted EPS": 0.92,
        "Total Revenue": NaN,
        "Gross Profit": 728,
        "Operating Income": 262,
        "EBIT": 343,
        "Net Income": 133
    },
    "2014-03-31": {
        "Diluted EPS": 0.71,
        "Total Revenue": NaN,
        "Gross Profit": 645,
        "Operating Income": 208,
        "EBIT": 283,
        "Net Income": 104
    },
    "2013-12-31": {
        "Diluted EPS": 0.94,
        "Total Revenue": NaN,
        "Gross Profit": 705,
        "Operating Income": 270,
        "EBIT": 342,
        "Net Income": 143
    },
    "2013-09-30": {
        "Diluted EPS": 2.68,
        "Total Revenue": NaN,
        "Gross Profit": 699,
        "Operating Income": 689,
        "EBIT": 758,
        "Net Income": 405
    },
    "2013-06-30": {
        "Diluted EPS": 1.07,
        "Total Revenue": NaN,
        "Gross Profit": 721,
        "Operating Income": 289,
        "EBIT": 361,
        "Net Income": 165
    },
    "2013-03-31": {
        "Diluted EPS": 0.85,
        "Total Revenue": NaN,
        "Gross Profit": 695,
        "Operating Income": 227,
        "EBIT": 297,
        "Net Income": 136
    },
    "2012-12-31": {
        "Diluted EPS": 0.35,
        "Total Revenue": NaN,
        "Gross Profit": 701,
        "Operating Income": 265,
        "EBIT": 337,
        "Net Income": 56
    },
    "2012-09-30": {
        "Diluted EPS": 1.01,
        "Total Revenue": NaN,
        "Gross Profit": 741,
        "Operating Income": 305,
        "EBIT": 376,
        "Net Income": 163
    },
    "2012-06-30": {
        "Diluted EPS": 1.11,
        "Total Revenue": NaN,
        "Gross Profit": 776,
        "Operating Income": 333,
        "EBIT": 405,
        "Net Income": 178
    },
    "2012-03-31": {
        "Diluted EPS": 0.99,
        "Total Revenue": NaN,
        "Gross Profit": 800,
        "Operating Income": 298,
        "EBIT": 370,
        "Net Income": 159
    },
    "2011-12-31": {
        "Diluted EPS": 1.16,
        "Total Revenue": NaN,
        "Gross Profit": 716,
        "Operating Income": 317,
        "EBIT": 389,
        "Net Income": 190
    },
    "2011-09-30": {
        "Diluted EPS": 1.07,
        "Total Revenue": NaN,
        "Gross Profit": 790,
        "Operating Income": 322,
        "EBIT": 395,
        "Net Income": 172
    },
    "2011-06-30": {
        "Diluted EPS": 1.02,
        "Total Revenue": NaN,
        "Gross Profit": 799,
        "Operating Income": 317,
        "EBIT": 390,
        "Net Income": 163
    },
    "2011-03-31": {
        "Diluted EPS": -0.33,
        "Total Revenue": NaN,
        "Gross Profit": 725,
        "Operating Income": 31,
        "EBIT": 94,
        "Net Income": -54
    },
    "2010-12-31": {
        "Diluted EPS": 0.96,
        "Total Revenue": NaN,
        "Gross Profit": 677,
        "Operating Income": 282,
        "EBIT": 346,
        "Net Income": 166
    },
    "2010-09-30": {
        "Diluted EPS": 1.13,
        "Total Revenue": NaN,
        "Gross Profit": 773,
        "Operating Income": 337,
        "EBIT": 401,
        "Net Income": 198
    },
    "2010-06-30": {
        "Diluted EPS": 1.07,
        "Total Revenue": NaN,
        "Gross Profit": 796,
        "Operating Income": 366,
        "EBIT": 429,
        "Net Income": 195
    },
    "2010-03-31": {
        "Diluted EPS": 0.89,
        "Total Revenue": NaN,
        "Gross Profit": 739,
        "Operating Income": 299,
        "EBIT": 362,
        "Net Income": 162
    },
    "2009-12-31": {
        "Diluted EPS": 0.97,
        "Total Revenue": NaN,
        "Gross Profit": 778,
        "Operating Income": 330,
        "EBIT": 393,
        "Net Income": 182
    },
    "2009-09-30": {
        "Diluted EPS": 1.02,
        "Total Revenue": NaN,
        "Gross Profit": 800,
        "Operating Income": 348,
        "EBIT": 412,
        "Net Income": 192
    },
    "2009-06-30": {
        "Diluted EPS": 1.0,
        "Total Revenue": NaN,
        "Gross Profit": 802,
        "Operating Income": 359,
        "EBIT": 425,
        "Net Income": 188
    },
    "2009-03-31": {
        "Diluted EPS": 0.88,
        "Total Revenue": NaN,
        "Gross Profit": 755,
        "Operating Income": 321,
        "EBIT": 386,
        "Net Income": 167
    }
}