{
    "2023-03-31": {
        "Tax Effect Of Unusual Items": -111370.0,
        "Tax Rate For Calcs": 0.043,
        "Normalized EBITDA": 2466000.0,
        "Total Unusual Items": -2590000.0,
        "Total Unusual Items Excluding Goodwill": -2590000.0,
        "Net Income From Continuing Operation Net Minority Interest": -12063000.0,
        "Reconciled Depreciation": 12944000.0,
        "Reconciled Cost Of Revenue": 8552000.0,
        "EBITDA": -124000.0,
        "EBIT": -13068000.0,
        "Net Interest Income": -780000.0,
        "Interest Expense": 3614000.0,
        "Interest Income": 2834000.0,
        "Normalized Income": -9584370.0,
        "Net Income From Continuing And Discontinued Operation": -12063000.0,
        "Total Expenses": 68882000.0,
        "Total Operating Income As Reported": -12271000.0,
        "Diluted Average Shares": 108234043.0,
        "Basic Average Shares": 108234043.0,
        "Diluted EPS": -0.11,
        "Basic EPS": -0.11,
        "Diluted NI Availto Com Stockholders": -12063000.0,
        "Net Income Common Stockholders": -12063000.0,
        "Otherunder Preferred Stock Dividend": NaN,
        "Net Income": -12063000.0,
        "Minority Interests": 3909000.0,
        "Net Income Including Noncontrolling Interests": -15972000.0,
        "Net Income Continuous Operations": -15972000.0,
        "Tax Provision": -710000.0,
        "Pretax Income": -16682000.0,
        "Other Income Expense": -6221000.0,
        "Other Non Operating Income Expenses": -3631000.0,
        "Special Income Charges": -2590000.0,
        "Impairment Of Capital Assets": NaN,
        "Restructuring And Mergern Acquisition": 2590000.0,
        "Net Non Operating Interest Income Expense": -780000.0,
        "Interest Expense Non Operating": 3614000.0,
        "Interest Income Non Operating": 2834000.0,
        "Operating Income": -9681000.0,
        "Operating Expense": 56976000.0,
        "Depreciation Amortization Depletion Income Statement": 9590000.0,
        "Depreciation And Amortization In Income Statement": 9590000.0,
        "Research And Development": 9884000.0,
        "Selling General And Administration": 37502000.0,
        "Selling And Marketing Expense": 23423000.0,
        "General And Administrative Expense": 14079000.0,
        "Other Gand A": 14079000.0,
        "Gross Profit": 47295000.0,
        "Cost Of Revenue": 11906000.0,
        "Total Revenue": 59201000.0,
        "Operating Revenue": 59201000.0
    },
    "2022-12-31": {
        "Tax Effect Of Unusual Items": NaN,
        "Tax Rate For Calcs": NaN,
        "Normalized EBITDA": NaN,
        "Total Unusual Items": NaN,
        "Total Unusual Items Excluding Goodwill": NaN,
        "Net Income From Continuing Operation Net Minority Interest": NaN,
        "Reconciled Depreciation": NaN,
        "Reconciled Cost Of Revenue": NaN,
        "EBITDA": NaN,
        "EBIT": NaN,
        "Net Interest Income": NaN,
        "Interest Expense": NaN,
        "Interest Income": NaN,
        "Normalized Income": NaN,
        "Net Income From Continuing And Discontinued Operation": NaN,
        "Total Expenses": NaN,
        "Total Operating Income As Reported": NaN,
        "Diluted Average Shares": NaN,
        "Basic Average Shares": NaN,
        "Diluted EPS": NaN,
        "Basic EPS": NaN,
        "Diluted NI Availto Com Stockholders": NaN,
        "Net Income Common Stockholders": NaN,
        "Otherunder Preferred Stock Dividend": 0.0,
        "Net Income": NaN,
        "Minority Interests": NaN,
        "Net Income Including Noncontrolling Interests": NaN,
        "Net Income Continuous Operations": NaN,
        "Tax Provision": NaN,
        "Pretax Income": NaN,
        "Other Income Expense": NaN,
        "Other Non Operating Income Expenses": NaN,
        "Special Income Charges": NaN,
        "Impairment Of Capital Assets": NaN,
        "Restructuring And Mergern Acquisition": NaN,
        "Net Non Operating Interest Income Expense": NaN,
        "Interest Expense Non Operating": NaN,
        "Interest Income Non Operating": NaN,
        "Operating Income": NaN,
        "Operating Expense": NaN,
        "Depreciation Amortization Depletion Income Statement": NaN,
        "Depreciation And Amortization In Income Statement": NaN,
        "Research And Development": NaN,
        "Selling General And Administration": NaN,
        "Selling And Marketing Expense": NaN,
        "General And Administrative Expense": NaN,
        "Other Gand A": NaN,
        "Gross Profit": NaN,
        "Cost Of Revenue": NaN,
        "Total Revenue": NaN,
        "Operating Revenue": NaN
    },
    "2022-09-30": {
        "Tax Effect Of Unusual Items": NaN,
        "Tax Rate For Calcs": NaN,
        "Normalized EBITDA": NaN,
        "Total Unusual Items": NaN,
        "Total Unusual Items Excluding Goodwill": NaN,
        "Net Income From Continuing Operation Net Minority Interest": NaN,
        "Reconciled Depreciation": NaN,
        "Reconciled Cost Of Revenue": NaN,
        "EBITDA": NaN,
        "EBIT": NaN,
        "Net Interest Income": NaN,
        "Interest Expense": NaN,
        "Interest Income": NaN,
        "Normalized Income": NaN,
        "Net Income From Continuing And Discontinued Operation": NaN,
        "Total Expenses": NaN,
        "Total Operating Income As Reported": NaN,
        "Diluted Average Shares": NaN,
        "Basic Average Shares": NaN,
        "Diluted EPS": NaN,
        "Basic EPS": NaN,
        "Diluted NI Availto Com Stockholders": NaN,
        "Net Income Common Stockholders": NaN,
        "Otherunder Preferred Stock Dividend": 0.0,
        "Net Income": NaN,
        "Minority Interests": NaN,
        "Net Income Including Noncontrolling Interests": NaN,
        "Net Income Continuous Operations": NaN,
        "Tax Provision": NaN,
        "Pretax Income": NaN,
        "Other Income Expense": NaN,
        "Other Non Operating Income Expenses": NaN,
        "Special Income Charges": NaN,
        "Impairment Of Capital Assets": 0.0,
        "Restructuring And Mergern Acquisition": NaN,
        "Net Non Operating Interest Income Expense": NaN,
        "Interest Expense Non Operating": NaN,
        "Interest Income Non Operating": NaN,
        "Operating Income": NaN,
        "Operating Expense": NaN,
        "Depreciation Amortization Depletion Income Statement": NaN,
        "Depreciation And Amortization In Income Statement": NaN,
        "Research And Development": NaN,
        "Selling General And Administration": NaN,
        "Selling And Marketing Expense": NaN,
        "General And Administrative Expense": NaN,
        "Other Gand A": NaN,
        "Gross Profit": NaN,
        "Cost Of Revenue": NaN,
        "Total Revenue": NaN,
        "Operating Revenue": NaN
    },
    "2022-06-30": {
        "Tax Effect Of Unusual Items": -46354.0,
        "Tax Rate For Calcs": 0.022,
        "Normalized EBITDA": 10669000.0,
        "Total Unusual Items": -2107000.0,
        "Total Unusual Items Excluding Goodwill": -2107000.0,
        "Net Income From Continuing Operation Net Minority Interest": -5150000.0,
        "Reconciled Depreciation": 15774000.0,
        "Reconciled Cost Of Revenue": 6198000.0,
        "EBITDA": 8562000.0,
        "EBIT": -7212000.0,
        "Net Interest Income": -2580000.0,
        "Interest Expense": 2580000.0,
        "Interest Income": NaN,
        "Normalized Income": -3089354.0,
        "Net Income From Continuing And Discontinued Operation": -5150000.0,
        "Total Expenses": 63655000.0,
        "Total Operating Income As Reported": -11214000.0,
        "Diluted Average Shares": 99203697.0,
        "Basic Average Shares": 99203697.0,
        "Diluted EPS": -0.06,
        "Basic EPS": -0.06,
        "Diluted NI Availto Com Stockholders": -5150000.0,
        "Net Income Common Stockholders": -5150000.0,
        "Otherunder Preferred Stock Dividend": 0.0,
        "Net Income": -5150000.0,
        "Minority Interests": 4429000.0,
        "Net Income Including Noncontrolling Interests": -9579000.0,
        "Net Income Continuous Operations": -9579000.0,
        "Tax Provision": -213000.0,
        "Pretax Income": -9792000.0,
        "Other Income Expense": 1895000.0,
        "Other Non Operating Income Expenses": 4002000.0,
        "Special Income Charges": -2107000.0,
        "Restructuring And Mergern Acquisition": 2107000.0,
        "Net Non Operating Interest Income Expense": -2580000.0,
        "Interest Expense Non Operating": 2580000.0,
        "Interest Income Non Operating": NaN,
        "Operating Income": -9107000.0,
        "Operating Expense": 51877000.0,
        "Depreciation Amortization Depletion Income Statement": 10194000.0,
        "Depreciation And Amortization In Income Statement": 10194000.0,
        "Research And Development": 8706000.0,
        "Selling General And Administration": 32977000.0,
        "Selling And Marketing Expense": 23585000.0,
        "General And Administrative Expense": 9392000.0,
        "Other Gand A": 9392000.0,
        "Gross Profit": 42770000.0,
        "Cost Of Revenue": 11778000.0,
        "Total Revenue": 54548000.0,
        "Operating Revenue": 54548000.0
    },
    "2023-06-30": {
        "Tax Effect Of Unusual Items": NaN,
        "Tax Rate For Calcs": NaN,
        "Normalized EBITDA": NaN,
        "Total Unusual Items": NaN,
        "Total Unusual Items Excluding Goodwill": NaN,
        "Net Income From Continuing Operation Net Minority Interest": NaN,
        "Reconciled Depreciation": NaN,
        "Reconciled Cost Of Revenue": NaN,
        "EBITDA": NaN,
        "EBIT": NaN,
        "Net Interest Income": NaN,
        "Interest Expense": NaN,
        "Interest Income": NaN,
        "Normalized Income": NaN,
        "Net Income From Continuing And Discontinued Operation": NaN,
        "Total Expenses": NaN,
        "Total Operating Income As Reported": NaN,
        "Diluted Average Shares": NaN,
        "Basic Average Shares": NaN,
        "Diluted EPS": NaN,
        "Basic EPS": NaN,
        "Diluted NI Availto Com Stockholders": NaN,
        "Net Income Common Stockholders": NaN,
        "Net Income": NaN,
        "Minority Interests": NaN,
        "Net Income Including Noncontrolling Interests": NaN,
        "Net Income Continuous Operations": NaN,
        "Tax Provision": NaN,
        "Pretax Income": NaN,
        "Other Income Expense": NaN,
        "Other Non Operating Income Expenses": NaN,
        "Special Income Charges": NaN,
        "Impairment Of Capital Assets": 0.0,
        "Restructuring And Mergern Acquisition": NaN,
        "Net Non Operating Interest Income Expense": NaN,
        "Interest Expense Non Operating": NaN,
        "Interest Income Non Operating": NaN,
        "Operating Income": NaN,
        "Operating Expense": NaN,
        "Depreciation Amortization Depletion Income Statement": NaN,
        "Depreciation And Amortization In Income Statement": NaN,
        "Research And Development": NaN,
        "Selling General And Administration": NaN,
        "Selling And Marketing Expense": NaN,
        "General And Administrative Expense": NaN,
        "Other Gand A": NaN,
        "Gross Profit": NaN,
        "Cost Of Revenue": NaN,
        "Total Revenue": NaN,
        "Operating Revenue": NaN
    },
    "2023-09-30": {
        "Tax Effect Of Unusual Items": -19159679.778531,
        "Tax Rate For Calcs": 0.065862,
        "Normalized EBITDA": 41607000.0,
        "Total Unusual Items": -290905000.0,
        "Total Unusual Items Excluding Goodwill": -290905000.0,
        "Net Income From Continuing Operation Net Minority Interest": -171526000.0,
        "Reconciled Depreciation": 13027000.0,
        "Reconciled Cost Of Revenue": 8663000.0,
        "EBITDA": -249298000.0,
        "EBIT": -262325000.0,
        "Net Interest Income": -433000.0,
        "Interest Expense": 3897000.0,
        "Interest Income": 3464000.0,
        "Normalized Income": 100219320.221469,
        "Net Income From Continuing And Discontinued Operation": -171526000.0,
        "Total Expenses": 69798000.0,
        "Total Operating Income As Reported": -295378000.0,
        "Diluted Average Shares": 114527514.0,
        "Basic Average Shares": 114527514.0,
        "Diluted EPS": -1.5,
        "Basic EPS": -1.5,
        "Diluted NI Availto Com Stockholders": -171526000.0,
        "Net Income Common Stockholders": -171526000.0,
        "Net Income": -171526000.0,
        "Minority Interests": 77162000.0,
        "Net Income Including Noncontrolling Interests": -248688000.0,
        "Net Income Continuous Operations": -248688000.0,
        "Tax Provision": -17534000.0,
        "Pretax Income": -266222000.0,
        "Other Income Expense": -261316000.0,
        "Other Non Operating Income Expenses": 29589000.0,
        "Special Income Charges": -290905000.0,
        "Impairment Of Capital Assets": 287400000.0,
        "Restructuring And Mergern Acquisition": 3505000.0,
        "Net Non Operating Interest Income Expense": -433000.0,
        "Interest Expense Non Operating": 3897000.0,
        "Interest Income Non Operating": 3464000.0,
        "Operating Income": -4473000.0,
        "Operating Expense": 57903000.0,
        "Depreciation Amortization Depletion Income Statement": 9795000.0,
        "Depreciation And Amortization In Income Statement": 9795000.0,
        "Research And Development": 10759000.0,
        "Selling General And Administration": 37349000.0,
        "Selling And Marketing Expense": 22804000.0,
        "General And Administrative Expense": 14545000.0,
        "Other Gand A": 14545000.0,
        "Gross Profit": 53430000.0,
        "Cost Of Revenue": 11895000.0,
        "Total Revenue": 65325000.0,
        "Operating Revenue": 65325000.0
    },
    "2023-12-31": {
        "Tax Effect Of Unusual Items": -382830.0,
        "Tax Rate For Calcs": 0.21,
        "Normalized EBITDA": 6536000.0,
        "Total Unusual Items": -1823000.0,
        "Total Unusual Items Excluding Goodwill": -1823000.0,
        "Net Income From Continuing Operation Net Minority Interest": -10233000.0,
        "Reconciled Depreciation": 13001000.0,
        "Reconciled Cost Of Revenue": 9447000.0,
        "EBITDA": 4713000.0,
        "EBIT": -8288000.0,
        "Net Interest Income": -125000.0,
        "Interest Expense": 3899000.0,
        "Interest Income": 3774000.0,
        "Normalized Income": -8792830.0,
        "Net Income From Continuing And Discontinued Operation": -10233000.0,
        "Total Expenses": 74189000.0,
        "Total Operating Income As Reported": -10080000.0,
        "Diluted Average Shares": 116418495.0,
        "Basic Average Shares": 116418495.0,
        "Diluted EPS": -0.09,
        "Basic EPS": -0.09,
        "Diluted NI Availto Com Stockholders": -10233000.0,
        "Net Income Common Stockholders": -10233000.0,
        "Net Income": -10233000.0,
        "Minority Interests": 3129000.0,
        "Net Income Including Noncontrolling Interests": -13362000.0,
        "Net Income Continuous Operations": -13362000.0,
        "Tax Provision": 1175000.0,
        "Pretax Income": -12187000.0,
        "Other Income Expense": -3805000.0,
        "Other Non Operating Income Expenses": -1982000.0,
        "Special Income Charges": -1823000.0,
        "Impairment Of Capital Assets": 0.0,
        "Restructuring And Mergern Acquisition": 1823000.0,
        "Net Non Operating Interest Income Expense": -125000.0,
        "Interest Expense Non Operating": 3899000.0,
        "Interest Income Non Operating": 3774000.0,
        "Operating Income": -8257000.0,
        "Operating Expense": 61676000.0,
        "Depreciation Amortization Depletion Income Statement": 9935000.0,
        "Depreciation And Amortization In Income Statement": 9935000.0,
        "Research And Development": 11569000.0,
        "Selling General And Administration": 40172000.0,
        "Selling And Marketing Expense": 23605000.0,
        "General And Administrative Expense": 16567000.0,
        "Other Gand A": 16567000.0,
        "Gross Profit": 53419000.0,
        "Cost Of Revenue": 12513000.0,
        "Total Revenue": 65932000.0,
        "Operating Revenue": 65932000.0
    },
    "2024-03-31": {
        "Tax Effect Of Unusual Items": -494972.0,
        "Tax Rate For Calcs": 0.058,
        "Normalized EBITDA": 11536000.0,
        "Total Unusual Items": -8534000.0,
        "Total Unusual Items Excluding Goodwill": -8534000.0,
        "Net Income From Continuing Operation Net Minority Interest": -9518000.0,
        "Reconciled Depreciation": 12684000.0,
        "Reconciled Cost Of Revenue": 9736000.0,
        "EBITDA": 3002000.0,
        "EBIT": -9682000.0,
        "Net Interest Income": 111000.0,
        "Interest Expense": 3816000.0,
        "Interest Income": 3927000.0,
        "Normalized Income": -1478972.0,
        "Net Income From Continuing And Discontinued Operation": -9518000.0,
        "Total Expenses": 71195000.0,
        "Total Operating Income As Reported": -16249000.0,
        "Diluted Average Shares": 117433520.0,
        "Basic Average Shares": 117433520.0,
        "Diluted EPS": -0.08,
        "Basic EPS": -0.08,
        "Diluted NI Availto Com Stockholders": -9518000.0,
        "Net Income Common Stockholders": -9518000.0,
        "Net Income": -9518000.0,
        "Minority Interests": 3200000.0,
        "Net Income Including Noncontrolling Interests": -12718000.0,
        "Net Income Continuous Operations": -12718000.0,
        "Tax Provision": -780000.0,
        "Pretax Income": -13498000.0,
        "Other Income Expense": -5894000.0,
        "Other Non Operating Income Expenses": 2640000.0,
        "Special Income Charges": -8534000.0,
        "Impairment Of Capital Assets": NaN,
        "Restructuring And Mergern Acquisition": 8534000.0,
        "Net Non Operating Interest Income Expense": 111000.0,
        "Interest Expense Non Operating": 3816000.0,
        "Interest Income Non Operating": 3927000.0,
        "Operating Income": -7715000.0,
        "Operating Expense": 58097000.0,
        "Depreciation Amortization Depletion Income Statement": 9322000.0,
        "Depreciation And Amortization In Income Statement": 9322000.0,
        "Research And Development": 10132000.0,
        "Selling General And Administration": 38643000.0,
        "Selling And Marketing Expense": 21760000.0,
        "General And Administrative Expense": 16883000.0,
        "Other Gand A": 16883000.0,
        "Gross Profit": 50382000.0,
        "Cost Of Revenue": 13098000.0,
        "Total Revenue": 63480000.0,
        "Operating Revenue": 63480000.0
    },
    "2024-06-30": {
        "Tax Effect Of Unusual Items": -24554964.0,
        "Tax Rate For Calcs": 0.067,
        "Normalized EBITDA": 54956000.0,
        "Total Unusual Items": -366492000.0,
        "Total Unusual Items Excluding Goodwill": -366492000.0,
        "Net Income From Continuing Operation Net Minority Interest": -213635000.0,
        "Reconciled Depreciation": 12788000.0,
        "Reconciled Cost Of Revenue": 9904000.0,
        "EBITDA": -311536000.0,
        "EBIT": -324324000.0,
        "Net Interest Income": -46000.0,
        "Interest Expense": 3763000.0,
        "Interest Income": 3717000.0,
        "Normalized Income": 128302036.0,
        "Net Income From Continuing And Discontinued Operation": -213635000.0,
        "Total Expenses": 66886000.0,
        "Total Operating Income As Reported": -369641000.0,
        "Diluted Average Shares": 117750392.0,
        "Basic Average Shares": 117750392.0,
        "Diluted EPS": -1.814304,
        "Basic EPS": -1.81,
        "Diluted NI Availto Com Stockholders": -213635000.0,
        "Net Income Common Stockholders": -213635000.0,
        "Net Income": -213635000.0,
        "Minority Interests": 92552000.0,
        "Net Income Including Noncontrolling Interests": -306187000.0,
        "Net Income Continuous Operations": -306187000.0,
        "Tax Provision": -21900000.0,
        "Pretax Income": -328087000.0,
        "Other Income Expense": -324892000.0,
        "Other Non Operating Income Expenses": 41600000.0,
        "Special Income Charges": -366492000.0,
        "Impairment Of Capital Assets": 363641000.0,
        "Restructuring And Mergern Acquisition": 2851000.0,
        "Net Non Operating Interest Income Expense": -46000.0,
        "Interest Expense Non Operating": 3763000.0,
        "Interest Income Non Operating": 3717000.0,
        "Operating Income": -3149000.0,
        "Operating Expense": 53603000.0,
        "Depreciation Amortization Depletion Income Statement": 9409000.0,
        "Depreciation And Amortization In Income Statement": 9409000.0,
        "Research And Development": 10122000.0,
        "Selling General And Administration": 34072000.0,
        "Selling And Marketing Expense": 21545000.0,
        "General And Administrative Expense": 12527000.0,
        "Other Gand A": 12527000.0,
        "Gross Profit": 50454000.0,
        "Cost Of Revenue": 13283000.0,
        "Total Revenue": 63737000.0,
        "Operating Revenue": 63737000.0
    },
    "2024-09-30": {
        "Tax Effect Of Unusual Items": -15399767.757557,
        "Tax Rate For Calcs": 0.068093,
        "Normalized EBITDA": 41422000.0,
        "Total Unusual Items": -226158000.0,
        "Total Unusual Items Excluding Goodwill": -226158000.0,
        "Net Income From Continuing Operation Net Minority Interest": -130896000.0,
        "Reconciled Depreciation": 13063000.0,
        "Reconciled Cost Of Revenue": 10077000.0,
        "EBITDA": -184736000.0,
        "EBIT": -197799000.0,
        "Net Interest Income": -7000.0,
        "Interest Expense": 3749000.0,
        "Interest Income": 3742000.0,
        "Normalized Income": 79862232.242443,
        "Net Income From Continuing And Discontinued Operation": -130896000.0,
        "Total Expenses": 61906000.0,
        "Total Operating Income As Reported": -225367000.0,
        "Diluted Average Shares": 116382021.0,
        "Basic Average Shares": 116382021.0,
        "Diluted EPS": -1.12,
        "Basic EPS": -1.12,
        "Diluted NI Availto Com Stockholders": -130896000.0,
        "Net Income Common Stockholders": -130896000.0,
        "Net Income": -130896000.0,
        "Minority Interests": 56928000.0,
        "Net Income Including Noncontrolling Interests": -187824000.0,
        "Net Income Continuous Operations": -187824000.0,
        "Tax Provision": -13724000.0,
        "Pretax Income": -201548000.0,
        "Other Income Expense": -202332000.0,
        "Other Non Operating Income Expenses": 23826000.0,
        "Special Income Charges": -226158000.0,
        "Impairment Of Capital Assets": 228153000.0,
        "Restructuring And Mergern Acquisition": -1995000.0,
        "Net Non Operating Interest Income Expense": -7000.0,
        "Interest Expense Non Operating": 3749000.0,
        "Interest Income Non Operating": 3742000.0,
        "Operating Income": 791000.0,
        "Operating Expense": 48240000.0,
        "Depreciation Amortization Depletion Income Statement": 9474000.0,
        "Depreciation And Amortization In Income Statement": 9474000.0,
        "Research And Development": 7282000.0,
        "Selling General And Administration": 31484000.0,
        "Selling And Marketing Expense": 20130000.0,
        "General And Administrative Expense": 11354000.0,
        "Other Gand A": 11354000.0,
        "Gross Profit": 49031000.0,
        "Cost Of Revenue": 13666000.0,
        "Total Revenue": 62697000.0,
        "Operating Revenue": 62697000.0
    }
}