{
    "2023-06-30": {
        "Tax Effect Of Unusual Items": -3298000.0,
        "Tax Rate For Calcs": 0.194,
        "Normalized EBITDA": 1764000000.0,
        "Total Unusual Items": -17000000.0,
        "Total Unusual Items Excluding Goodwill": -17000000.0,
        "Net Income From Continuing Operation Net Minority Interest": 920000000.0,
        "Reconciled Depreciation": 540000000.0,
        "Reconciled Cost Of Revenue": 2594000000.0,
        "EBITDA": 1747000000.0,
        "EBIT": 1207000000.0,
        "Net Interest Income": -6000000.0,
        "Interest Expense": 65000000.0,
        "Interest Income": 59000000.0,
        "Normalized Income": 933702000.0,
        "Net Income From Continuing And Discontinued Operation": 1106000000.0,
        "Total Expenses": 4749000000.0,
        "Total Operating Income As Reported": 1163000000.0,
        "Diluted Average Shares": 744700000.0,
        "Basic Average Shares": 737300000.0,
        "Diluted EPS": 1.49,
        "Basic EPS": 1.5,
        "Diluted NI Availto Com Stockholders": 1106000000.0,
        "Average Dilution Earnings": NaN,
        "Net Income Common Stockholders": 1106000000.0,
        "Preferred Stock Dividends": NaN,
        "Net Income": 1106000000.0,
        "Net Income Including Noncontrolling Interests": 1106000000.0,
        "Net Income Discontinuous Operations": 186000000.0,
        "Net Income Continuous Operations": 920000000.0,
        "Tax Provision": 222000000.0,
        "Pretax Income": 1142000000.0,
        "Other Income Expense": -15000000.0,
        "Other Non Operating Income Expenses": 2000000.0,
        "Gain On Sale Of Security": -17000000.0,
        "Net Non Operating Interest Income Expense": -6000000.0,
        "Interest Expense Non Operating": 65000000.0,
        "Interest Income Non Operating": 59000000.0,
        "Operating Income": 1163000000.0,
        "Operating Expense": 2155000000.0,
        "Research And Development": 361000000.0,
        "Selling General And Administration": 1794000000.0,
        "Gross Profit": 3318000000.0,
        "Cost Of Revenue": 2594000000.0,
        "Total Revenue": 5912000000.0,
        "Operating Revenue": 5912000000.0
    },
    "2023-03-31": {
        "Tax Effect Of Unusual Items": NaN,
        "Tax Rate For Calcs": NaN,
        "Normalized EBITDA": NaN,
        "Total Unusual Items": NaN,
        "Total Unusual Items Excluding Goodwill": NaN,
        "Net Income From Continuing Operation Net Minority Interest": NaN,
        "Reconciled Depreciation": NaN,
        "Reconciled Cost Of Revenue": NaN,
        "EBITDA": NaN,
        "EBIT": NaN,
        "Net Interest Income": NaN,
        "Interest Expense": NaN,
        "Interest Income": NaN,
        "Normalized Income": NaN,
        "Net Income From Continuing And Discontinued Operation": NaN,
        "Total Expenses": NaN,
        "Total Operating Income As Reported": NaN,
        "Diluted Average Shares": NaN,
        "Basic Average Shares": NaN,
        "Diluted EPS": NaN,
        "Basic EPS": NaN,
        "Diluted NI Availto Com Stockholders": NaN,
        "Average Dilution Earnings": 0.0,
        "Net Income Common Stockholders": NaN,
        "Preferred Stock Dividends": 21000000.0,
        "Net Income": NaN,
        "Net Income Including Noncontrolling Interests": NaN,
        "Net Income Discontinuous Operations": 210000000.0,
        "Net Income Continuous Operations": NaN,
        "Tax Provision": NaN,
        "Pretax Income": NaN,
        "Other Income Expense": NaN,
        "Other Non Operating Income Expenses": 2000000.0,
        "Gain On Sale Of Security": NaN,
        "Net Non Operating Interest Income Expense": NaN,
        "Interest Expense Non Operating": NaN,
        "Interest Income Non Operating": NaN,
        "Operating Income": NaN,
        "Operating Expense": NaN,
        "Research And Development": NaN,
        "Selling General And Administration": NaN,
        "Gross Profit": NaN,
        "Cost Of Revenue": NaN,
        "Total Revenue": NaN,
        "Operating Revenue": NaN
    },
    "2022-12-31": {
        "Tax Effect Of Unusual Items": NaN,
        "Tax Rate For Calcs": NaN,
        "Normalized EBITDA": NaN,
        "Total Unusual Items": NaN,
        "Total Unusual Items Excluding Goodwill": NaN,
        "Net Income From Continuing Operation Net Minority Interest": NaN,
        "Reconciled Depreciation": NaN,
        "Reconciled Cost Of Revenue": NaN,
        "EBITDA": NaN,
        "EBIT": NaN,
        "Net Interest Income": NaN,
        "Interest Expense": NaN,
        "Interest Income": NaN,
        "Normalized Income": NaN,
        "Net Income From Continuing And Discontinued Operation": NaN,
        "Total Expenses": NaN,
        "Total Operating Income As Reported": NaN,
        "Diluted Average Shares": NaN,
        "Basic Average Shares": NaN,
        "Diluted EPS": NaN,
        "Basic EPS": NaN,
        "Diluted NI Availto Com Stockholders": NaN,
        "Average Dilution Earnings": NaN,
        "Net Income Common Stockholders": NaN,
        "Preferred Stock Dividends": 22000000.0,
        "Net Income": NaN,
        "Net Income Including Noncontrolling Interests": NaN,
        "Net Income Discontinuous Operations": 0.0,
        "Net Income Continuous Operations": NaN,
        "Tax Provision": NaN,
        "Pretax Income": NaN,
        "Other Income Expense": NaN,
        "Other Non Operating Income Expenses": NaN,
        "Special Income Charges": 0.0,
        "Gain On Sale Of Business": 0.0,
        "Gain On Sale Of Security": NaN,
        "Net Non Operating Interest Income Expense": NaN,
        "Interest Expense Non Operating": NaN,
        "Interest Income Non Operating": NaN,
        "Operating Income": NaN,
        "Operating Expense": NaN,
        "Research And Development": NaN,
        "Selling General And Administration": NaN,
        "Gross Profit": NaN,
        "Cost Of Revenue": NaN,
        "Total Revenue": NaN,
        "Operating Revenue": NaN
    },
    "2022-09-30": {
        "Tax Effect Of Unusual Items": NaN,
        "Tax Rate For Calcs": NaN,
        "Normalized EBITDA": NaN,
        "Total Unusual Items": NaN,
        "Total Unusual Items Excluding Goodwill": NaN,
        "Net Income From Continuing Operation Net Minority Interest": NaN,
        "Reconciled Depreciation": NaN,
        "Reconciled Cost Of Revenue": NaN,
        "EBITDA": NaN,
        "EBIT": NaN,
        "Net Interest Income": NaN,
        "Interest Expense": NaN,
        "Interest Income": NaN,
        "Normalized Income": NaN,
        "Net Income From Continuing And Discontinued Operation": NaN,
        "Total Expenses": NaN,
        "Total Operating Income As Reported": NaN,
        "Diluted Average Shares": NaN,
        "Basic Average Shares": NaN,
        "Diluted EPS": NaN,
        "Basic EPS": NaN,
        "Diluted NI Availto Com Stockholders": NaN,
        "Average Dilution Earnings": 0.0,
        "Net Income Common Stockholders": NaN,
        "Preferred Stock Dividends": 21000000.0,
        "Net Income": NaN,
        "Net Income Including Noncontrolling Interests": NaN,
        "Net Income Discontinuous Operations": 0.0,
        "Net Income Continuous Operations": NaN,
        "Tax Provision": NaN,
        "Pretax Income": NaN,
        "Other Income Expense": NaN,
        "Other Non Operating Income Expenses": NaN,
        "Special Income Charges": 0.0,
        "Gain On Sale Of Business": 0.0,
        "Gain On Sale Of Security": NaN,
        "Net Non Operating Interest Income Expense": NaN,
        "Interest Expense Non Operating": NaN,
        "Interest Income Non Operating": NaN,
        "Operating Income": NaN,
        "Operating Expense": NaN,
        "Research And Development": NaN,
        "Selling General And Administration": NaN,
        "Gross Profit": NaN,
        "Cost Of Revenue": NaN,
        "Total Revenue": NaN,
        "Operating Revenue": NaN
    },
    "2022-06-30": {
        "Tax Effect Of Unusual Items": -18424000.0,
        "Tax Rate For Calcs": 0.188,
        "Normalized EBITDA": 2770000000.0,
        "Total Unusual Items": -98000000.0,
        "Total Unusual Items Excluding Goodwill": -98000000.0,
        "Net Income From Continuing Operation Net Minority Interest": 1680000000.0,
        "Reconciled Depreciation": 552000000.0,
        "Reconciled Cost Of Revenue": 3030000000.0,
        "EBITDA": 2672000000.0,
        "EBIT": 2120000000.0,
        "Net Interest Income": -49000000.0,
        "Interest Expense": 51000000.0,
        "Interest Income": 2000000.0,
        "Normalized Income": 1759576000.0,
        "Net Income From Continuing And Discontinued Operation": 1680000000.0,
        "Total Expenses": 5546000000.0,
        "Total Operating Income As Reported": 2205000000.0,
        "Diluted Average Shares": 736000000.0,
        "Basic Average Shares": 726700000.0,
        "Diluted EPS": 2.25,
        "Basic EPS": 2.28,
        "Diluted NI Availto Com Stockholders": 1658000000.0,
        "Average Dilution Earnings": NaN,
        "Net Income Common Stockholders": 1658000000.0,
        "Preferred Stock Dividends": 22000000.0,
        "Net Income": 1680000000.0,
        "Net Income Including Noncontrolling Interests": 1680000000.0,
        "Net Income Discontinuous Operations": 0.0,
        "Net Income Continuous Operations": 1680000000.0,
        "Tax Provision": 389000000.0,
        "Pretax Income": 2069000000.0,
        "Other Income Expense": -87000000.0,
        "Other Non Operating Income Expenses": 11000000.0,
        "Special Income Charges": 0.0,
        "Gain On Sale Of Business": 0.0,
        "Gain On Sale Of Security": -98000000.0,
        "Net Non Operating Interest Income Expense": -49000000.0,
        "Interest Expense Non Operating": 51000000.0,
        "Interest Income Non Operating": 2000000.0,
        "Operating Income": 2205000000.0,
        "Operating Expense": 2516000000.0,
        "Research And Development": 431000000.0,
        "Selling General And Administration": 2085000000.0,
        "Gross Profit": 4721000000.0,
        "Cost Of Revenue": 3030000000.0,
        "Total Revenue": 7751000000.0,
        "Operating Revenue": 7751000000.0
    },
    "2022-03-31": {
        "Diluted EPS": 2.31,
        "Total Revenue": NaN,
        "Gross Profit": NaN,
        "Operating Income": NaN,
        "EBIT": NaN,
        "Net Income": NaN
    },
    "2021-12-31": {
        "Diluted EPS": 2.38,
        "Total Revenue": NaN,
        "Gross Profit": NaN,
        "Operating Income": NaN,
        "EBIT": NaN,
        "Net Income": NaN
    },
    "2021-09-30": {
        "Diluted EPS": 1.54,
        "Total Revenue": NaN,
        "Gross Profit": NaN,
        "Operating Income": NaN,
        "EBIT": NaN,
        "Net Income": NaN
    },
    "2021-06-30": {
        "Diluted EPS": 2.4,
        "Total Revenue": NaN,
        "Gross Profit": NaN,
        "Operating Income": NaN,
        "EBIT": NaN,
        "Net Income": NaN
    },
    "2021-03-31": {
        "Diluted EPS": 2.29,
        "Total Revenue": NaN,
        "Gross Profit": NaN,
        "Operating Income": NaN,
        "EBIT": NaN,
        "Net Income": NaN
    },
    "2020-12-31": {
        "Diluted EPS": 1.68,
        "Total Revenue": NaN,
        "Gross Profit": NaN,
        "Operating Income": NaN,
        "EBIT": NaN,
        "Net Income": NaN
    },
    "2020-09-30": {
        "Diluted EPS": 1.16,
        "Total Revenue": NaN,
        "Gross Profit": NaN,
        "Operating Income": NaN,
        "EBIT": NaN,
        "Net Income": 842
    },
    "2020-06-30": {
        "Diluted EPS": 1.24,
        "Total Revenue": NaN,
        "Gross Profit": NaN,
        "Operating Income": 844,
        "EBIT": NaN,
        "Net Income": 892
    },
    "2020-03-31": {
        "Diluted EPS": 0.81,
        "Total Revenue": NaN,
        "Gross Profit": NaN,
        "Operating Income": 698,
        "EBIT": 995,
        "Net Income": 576
    },
    "2019-12-31": {
        "Diluted EPS": 1.73,
        "Total Revenue": NaN,
        "Gross Profit": NaN,
        "Operating Income": 961,
        "EBIT": NaN,
        "Net Income": NaN
    },
    "2019-09-30": {
        "Diluted EPS": 0.89,
        "Total Revenue": NaN,
        "Gross Profit": NaN,
        "Operating Income": 776,
        "EBIT": NaN,
        "Net Income": 648
    },
    "2019-06-30": {
        "Diluted EPS": 0.97,
        "Total Revenue": NaN,
        "Gross Profit": NaN,
        "Operating Income": 812,
        "EBIT": NaN,
        "Net Income": 709
    },
    "2019-03-31": {
        "Diluted EPS": 0.46,
        "Total Revenue": NaN,
        "Gross Profit": NaN,
        "Operating Income": 720,
        "EBIT": NaN,
        "Net Income": 327
    },
    "2018-12-31": {
        "Diluted EPS": 1.06,
        "Total Revenue": NaN,
        "Gross Profit": NaN,
        "Operating Income": 614,
        "EBIT": 815,
        "Net Income": 747
    },
    "2018-09-30": {
        "Diluted EPS": 0.93,
        "Total Revenue": NaN,
        "Gross Profit": NaN,
        "Operating Income": 831,
        "EBIT": NaN,
        "Net Income": 664
    },
    "2018-06-30": {
        "Diluted EPS": 0.95,
        "Total Revenue": NaN,
        "Gross Profit": NaN,
        "Operating Income": 868,
        "EBIT": NaN,
        "Net Income": 674
    },
    "2018-03-31": {
        "Diluted EPS": 0.8,
        "Total Revenue": NaN,
        "Gross Profit": NaN,
        "Operating Income": 743,
        "EBIT": NaN,
        "Net Income": 567
    },
    "2017-12-31": {
        "Diluted EPS": 1.21,
        "Total Revenue": NaN,
        "Gross Profit": NaN,
        "Operating Income": 519,
        "EBIT": 716,
        "Net Income": 857
    },
    "2017-09-30": {
        "Diluted EPS": 0.81,
        "Total Revenue": NaN,
        "Gross Profit": NaN,
        "Operating Income": 759,
        "EBIT": NaN,
        "Net Income": 572
    },
    "2017-06-30": {
        "Diluted EPS": 0.79,
        "Total Revenue": NaN,
        "Gross Profit": NaN,
        "Operating Income": 677,
        "EBIT": 980,
        "Net Income": 557
    },
    "2017-03-31": {
        "Diluted EPS": 0.72,
        "Total Revenue": NaN,
        "Gross Profit": NaN,
        "Operating Income": 617,
        "EBIT": 923,
        "Net Income": 506
    },
    "2016-12-31": {
        "Diluted EPS": 1.06,
        "Total Revenue": NaN,
        "Gross Profit": NaN,
        "Operating Income": 713,
        "EBIT": NaN,
        "Net Income": 747
    },
    "2016-09-30": {
        "Diluted EPS": 0.56,
        "Total Revenue": NaN,
        "Gross Profit": NaN,
        "Operating Income": 699,
        "EBIT": 976,
        "Net Income": 392
    },
    "2016-06-30": {
        "Diluted EPS": 0.94,
        "Total Revenue": NaN,
        "Gross Profit": NaN,
        "Operating Income": 710,
        "EBIT": 988,
        "Net Income": 657
    },
    "2016-03-31": {
        "Diluted EPS": 1.09,
        "Total Revenue": NaN,
        "Gross Profit": NaN,
        "Operating Income": 613,
        "EBIT": 881,
        "Net Income": 758
    },
    "2015-12-31": {
        "Diluted EPS": 0.97,
        "Total Revenue": NaN,
        "Gross Profit": 766,
        "Operating Income": -7,
        "EBIT": 265,
        "Net Income": 689
    },
    "2015-09-30": {
        "Diluted EPS": 2.01,
        "Total Revenue": NaN,
        "Gross Profit": NaN,
        "Operating Income": 480,
        "EBIT": 616,
        "Net Income": NaN
    },
    "2015-06-30": {
        "Diluted EPS": 0.97,
        "Total Revenue": NaN,
        "Gross Profit": NaN,
        "Operating Income": 934,
        "EBIT": NaN,
        "Net Income": 696
    },
    "2015-03-31": {
        "Diluted EPS": 0.79,
        "Total Revenue": NaN,
        "Gross Profit": NaN,
        "Operating Income": 755,
        "EBIT": 991,
        "Net Income": 570
    },
    "2014-12-31": {
        "Diluted EPS": 0.92,
        "Total Revenue": NaN,
        "Gross Profit": NaN,
        "Operating Income": 887,
        "EBIT": 941,
        "Net Income": 662
    },
    "2014-09-30": {
        "Diluted EPS": 0.95,
        "Total Revenue": NaN,
        "Gross Profit": NaN,
        "Operating Income": 866,
        "EBIT": NaN,
        "Net Income": 681
    },
    "2014-06-30": {
        "Diluted EPS": 0.95,
        "Total Revenue": NaN,
        "Gross Profit": NaN,
        "Operating Income": 889,
        "EBIT": NaN,
        "Net Income": 676
    },
    "2014-03-31": {
        "Diluted EPS": 0.81,
        "Total Revenue": NaN,
        "Gross Profit": NaN,
        "Operating Income": 789,
        "EBIT": NaN,
        "Net Income": 580
    },
    "2013-12-31": {
        "Diluted EPS": 1.11,
        "Total Revenue": NaN,
        "Gross Profit": NaN,
        "Operating Income": 888,
        "EBIT": NaN,
        "Net Income": 789
    },
    "2013-09-30": {
        "Diluted EPS": 0.84,
        "Total Revenue": NaN,
        "Gross Profit": NaN,
        "Operating Income": 812,
        "EBIT": NaN,
        "Net Income": 597
    },
    "2013-06-30": {
        "Diluted EPS": 0.87,
        "Total Revenue": NaN,
        "Gross Profit": NaN,
        "Operating Income": 844,
        "EBIT": NaN,
        "Net Income": 617
    },
    "2013-03-31": {
        "Diluted EPS": 0.98,
        "Total Revenue": NaN,
        "Gross Profit": NaN,
        "Operating Income": 731,
        "EBIT": 948,
        "Net Income": 692
    },
    "2012-12-31": {
        "Diluted EPS": 0.89,
        "Total Revenue": NaN,
        "Gross Profit": NaN,
        "Operating Income": 863,
        "EBIT": NaN,
        "Net Income": 630
    },
    "2012-09-30": {
        "Diluted EPS": 0.77,
        "Total Revenue": NaN,
        "Gross Profit": NaN,
        "Operating Income": 756,
        "EBIT": 966,
        "Net Income": 549
    },
    "2012-06-30": {
        "Diluted EPS": 0.84,
        "Total Revenue": NaN,
        "Gross Profit": NaN,
        "Operating Income": 811,
        "EBIT": NaN,
        "Net Income": 600
    },
    "2012-03-31": {
        "Diluted EPS": 0.86,
        "Total Revenue": NaN,
        "Gross Profit": NaN,
        "Operating Income": 735,
        "EBIT": 937,
        "Net Income": 613
    },
    "2011-12-31": {
        "Diluted EPS": 0.8,
        "Total Revenue": NaN,
        "Gross Profit": NaN,
        "Operating Income": 779,
        "EBIT": 983,
        "Net Income": 571
    },
    "2011-09-30": {
        "Diluted EPS": 0.74,
        "Total Revenue": NaN,
        "Gross Profit": NaN,
        "Operating Income": 643,
        "EBIT": 851,
        "Net Income": 523
    },
    "2011-06-30": {
        "Diluted EPS": 0.94,
        "Total Revenue": NaN,
        "Gross Profit": NaN,
        "Operating Income": 610,
        "EBIT": 729,
        "Net Income": 649
    },
    "2011-03-31": {
        "Diluted EPS": 0.63,
        "Total Revenue": NaN,
        "Gross Profit": NaN,
        "Operating Income": 585,
        "EBIT": 689,
        "Net Income": 429
    },
    "2010-12-31": {
        "Diluted EPS": 0.69,
        "Total Revenue": NaN,
        "Gross Profit": NaN,
        "Operating Income": 557,
        "EBIT": 659,
        "Net Income": 474
    },
    "2010-09-30": {
        "Diluted EPS": 0.95,
        "Total Revenue": NaN,
        "Gross Profit": NaN,
        "Operating Income": 553,
        "EBIT": 649,
        "Net Income": 646
    },
    "2010-06-30": {
        "Diluted EPS": 0.55,
        "Total Revenue": NaN,
        "Gross Profit": NaN,
        "Operating Income": 518,
        "EBIT": 615,
        "Net Income": 372
    },
    "2010-03-31": {
        "Diluted EPS": 0.45,
        "Total Revenue": NaN,
        "Gross Profit": NaN,
        "Operating Income": 422,
        "EBIT": 515,
        "Net Income": 300
    },
    "2009-12-31": {
        "Diluted EPS": 0.4,
        "Total Revenue": NaN,
        "Gross Profit": NaN,
        "Operating Income": 291,
        "EBIT": 370,
        "Net Income": 267
    },
    "2009-09-30": {
        "Diluted EPS": 0.53,
        "Total Revenue": NaN,
        "Gross Profit": NaN,
        "Operating Income": 465,
        "EBIT": 550,
        "Net Income": 351
    },
    "2009-06-30": {
        "Diluted EPS": 0.44,
        "Total Revenue": NaN,
        "Gross Profit": NaN,
        "Operating Income": 344,
        "EBIT": 430,
        "Net Income": 296
    },
    "2009-03-31": {
        "Diluted EPS": 0.36,
        "Total Revenue": NaN,
        "Gross Profit": NaN,
        "Operating Income": 340,
        "EBIT": 421,
        "Net Income": 238
    },
    "2023-09-30": {
        "Tax Effect Of Unusual Items": -9216000.0,
        "Tax Rate For Calcs": 0.192,
        "Normalized EBITDA": 2116000000.0,
        "Total Unusual Items": -48000000.0,
        "Total Unusual Items Excluding Goodwill": -48000000.0,
        "Net Income From Continuing Operation Net Minority Interest": 1129000000.0,
        "Reconciled Depreciation": 598000000.0,
        "Reconciled Cost Of Revenue": 2873000000.0,
        "EBITDA": 2068000000.0,
        "EBIT": 1470000000.0,
        "Net Interest Income": 6000000.0,
        "Interest Expense": 73000000.0,
        "Interest Income": 79000000.0,
        "Normalized Income": 1167784000.0,
        "Net Income From Continuing And Discontinued Operation": 1129000000.0,
        "Total Expenses": 5435000000.0,
        "Total Operating Income As Reported": 1438000000.0,
        "Diluted Average Shares": 745900000.0,
        "Basic Average Shares": 739400000.0,
        "Diluted EPS": 1.51,
        "Basic EPS": 1.53,
        "Diluted NI Availto Com Stockholders": 1129000000.0,
        "Average Dilution Earnings": 0.0,
        "Net Income Common Stockholders": 1129000000.0,
        "Preferred Stock Dividends": NaN,
        "Net Income": 1129000000.0,
        "Net Income Including Noncontrolling Interests": 1129000000.0,
        "Net Income Discontinuous Operations": NaN,
        "Net Income Continuous Operations": 1129000000.0,
        "Tax Provision": 268000000.0,
        "Pretax Income": 1397000000.0,
        "Other Income Expense": -47000000.0,
        "Other Non Operating Income Expenses": 1000000.0,
        "Gain On Sale Of Security": -48000000.0,
        "Net Non Operating Interest Income Expense": 6000000.0,
        "Interest Expense Non Operating": 73000000.0,
        "Interest Income Non Operating": 79000000.0,
        "Operating Income": 1438000000.0,
        "Operating Expense": 2562000000.0,
        "Research And Development": 417000000.0,
        "Selling General And Administration": 2145000000.0,
        "Gross Profit": 4000000000.0,
        "Cost Of Revenue": 2873000000.0,
        "Total Revenue": 6873000000.0,
        "Operating Revenue": 6873000000.0
    },
    "2023-12-31": {
        "Tax Effect Of Unusual Items": -42210000.0,
        "Tax Rate For Calcs": 0.21,
        "Normalized EBITDA": 1229000000.0,
        "Total Unusual Items": -201000000.0,
        "Total Unusual Items Excluding Goodwill": -201000000.0,
        "Net Income From Continuing Operation Net Minority Interest": 536000000.0,
        "Reconciled Depreciation": 493000000.0,
        "Reconciled Cost Of Revenue": 1070000000.0,
        "EBITDA": 1028000000.0,
        "EBIT": 535000000.0,
        "Net Interest Income": 39000000.0,
        "Interest Expense": 78000000.0,
        "Interest Income": 117000000.0,
        "Normalized Income": 694790000.0,
        "Net Income From Continuing And Discontinued Operation": 1079000000.0,
        "Total Expenses": 2075000000.0,
        "Total Operating Income As Reported": 541000000.0,
        "Diluted Average Shares": 746100000.0,
        "Basic Average Shares": 739800000.0,
        "Diluted EPS": 1.45,
        "Basic EPS": 1.46,
        "Diluted NI Availto Com Stockholders": 1079000000.0,
        "Average Dilution Earnings": NaN,
        "Net Income Common Stockholders": 1079000000.0,
        "Preferred Stock Dividends": 0.0,
        "Net Income": 1079000000.0,
        "Net Income Including Noncontrolling Interests": 1079000000.0,
        "Net Income Discontinuous Operations": NaN,
        "Net Income Continuous Operations": 536000000.0,
        "Tax Provision": -79000000.0,
        "Pretax Income": 457000000.0,
        "Other Income Expense": -200000000.0,
        "Other Non Operating Income Expenses": 1000000.0,
        "Gain On Sale Of Security": -93000000.0,
        "Net Non Operating Interest Income Expense": 39000000.0,
        "Interest Expense Non Operating": 78000000.0,
        "Interest Income Non Operating": 117000000.0,
        "Operating Income": 618000000.0,
        "Operating Expense": 1005000000.0,
        "Research And Development": 239000000.0,
        "Selling General And Administration": 766000000.0,
        "Gross Profit": 1623000000.0,
        "Cost Of Revenue": 1070000000.0,
        "Total Revenue": 2693000000.0,
        "Operating Revenue": 2693000000.0
    },
    "2024-03-31": {
        "Tax Effect Of Unusual Items": -5328000.0,
        "Tax Rate For Calcs": 0.144,
        "Normalized EBITDA": 1959000000.0,
        "Total Unusual Items": -37000000.0,
        "Total Unusual Items Excluding Goodwill": -37000000.0,
        "Net Income From Continuing Operation Net Minority Interest": 1088000000.0,
        "Reconciled Depreciation": 586000000.0,
        "Reconciled Cost Of Revenue": 2309000000.0,
        "EBITDA": 1922000000.0,
        "EBIT": 1336000000.0,
        "Net Interest Income": -5000000.0,
        "Interest Expense": 65000000.0,
        "Interest Income": 60000000.0,
        "Normalized Income": 1119672000.0,
        "Net Income From Continuing And Discontinued Operation": 1088000000.0,
        "Total Expenses": 4484000000.0,
        "Total Operating Income As Reported": 1312000000.0,
        "Diluted Average Shares": 748600000.0,
        "Basic Average Shares": 740600000.0,
        "Diluted EPS": 1.45,
        "Basic EPS": 1.47,
        "Diluted NI Availto Com Stockholders": 1088000000.0,
        "Average Dilution Earnings": NaN,
        "Net Income Common Stockholders": 1088000000.0,
        "Preferred Stock Dividends": NaN,
        "Net Income": 1088000000.0,
        "Net Income Including Noncontrolling Interests": 1088000000.0,
        "Net Income Discontinuous Operations": 0.0,
        "Net Income Continuous Operations": 1088000000.0,
        "Tax Provision": 183000000.0,
        "Pretax Income": 1271000000.0,
        "Other Income Expense": -36000000.0,
        "Other Non Operating Income Expenses": 1000000.0,
        "Gain On Sale Of Security": -37000000.0,
        "Net Non Operating Interest Income Expense": -5000000.0,
        "Interest Expense Non Operating": 65000000.0,
        "Interest Income Non Operating": 60000000.0,
        "Operating Income": 1312000000.0,
        "Operating Expense": 2175000000.0,
        "Research And Development": 368000000.0,
        "Selling General And Administration": 1807000000.0,
        "Gross Profit": 3487000000.0,
        "Cost Of Revenue": 2309000000.0,
        "Total Revenue": 5796000000.0,
        "Operating Revenue": 5796000000.0
    },
    "2024-06-30": {
        "Tax Effect Of Unusual Items": -9617000.0,
        "Tax Rate For Calcs": 0.163,
        "Normalized EBITDA": 1787000000.0,
        "Total Unusual Items": -59000000.0,
        "Total Unusual Items Excluding Goodwill": -59000000.0,
        "Net Income From Continuing Operation Net Minority Interest": 907000000.0,
        "Reconciled Depreciation": 580000000.0,
        "Reconciled Cost Of Revenue": 2315000000.0,
        "EBITDA": 1728000000.0,
        "EBIT": 1148000000.0,
        "Net Interest Income": -26000000.0,
        "Interest Expense": 65000000.0,
        "Interest Income": 39000000.0,
        "Normalized Income": 956383000.0,
        "Net Income From Continuing And Discontinued Operation": 907000000.0,
        "Total Expenses": 4575000000.0,
        "Total Operating Income As Reported": 1168000000.0,
        "Diluted Average Shares": 742400000.0,
        "Basic Average Shares": 737600000.0,
        "Diluted EPS": 1.22,
        "Basic EPS": 1.23,
        "Diluted NI Availto Com Stockholders": 907000000.0,
        "Average Dilution Earnings": NaN,
        "Net Income Common Stockholders": 907000000.0,
        "Preferred Stock Dividends": NaN,
        "Net Income": 907000000.0,
        "Net Income Including Noncontrolling Interests": 907000000.0,
        "Net Income Discontinuous Operations": 0.0,
        "Net Income Continuous Operations": 907000000.0,
        "Tax Provision": 176000000.0,
        "Pretax Income": 1083000000.0,
        "Other Income Expense": -59000000.0,
        "Other Non Operating Income Expenses": NaN,
        "Gain On Sale Of Security": -59000000.0,
        "Net Non Operating Interest Income Expense": -26000000.0,
        "Interest Expense Non Operating": 65000000.0,
        "Interest Income Non Operating": 39000000.0,
        "Operating Income": 1168000000.0,
        "Operating Expense": 2260000000.0,
        "Research And Development": 391000000.0,
        "Selling General And Administration": 1869000000.0,
        "Gross Profit": 3428000000.0,
        "Cost Of Revenue": 2315000000.0,
        "Total Revenue": 5743000000.0,
        "Operating Revenue": 5743000000.0
    }
}