{
    "2023-03-31": {
        "Tax Effect Of Unusual Items": NaN,
        "Tax Rate For Calcs": NaN,
        "Normalized EBITDA": NaN,
        "Total Unusual Items": NaN,
        "Total Unusual Items Excluding Goodwill": NaN,
        "Net Income From Continuing Operation Net Minority Interest": NaN,
        "Reconciled Depreciation": NaN,
        "Reconciled Cost Of Revenue": NaN,
        "EBITDA": NaN,
        "EBIT": NaN,
        "Net Interest Income": NaN,
        "Interest Expense": NaN,
        "Interest Income": NaN,
        "Normalized Income": NaN,
        "Net Income From Continuing And Discontinued Operation": NaN,
        "Total Expenses": NaN,
        "Diluted Average Shares": NaN,
        "Basic Average Shares": NaN,
        "Diluted EPS": NaN,
        "Basic EPS": NaN,
        "Diluted NI Availto Com Stockholders": NaN,
        "Net Income Common Stockholders": NaN,
        "Net Income": NaN,
        "Minority Interests": NaN,
        "Net Income Including Noncontrolling Interests": NaN,
        "Net Income Discontinuous Operations": 0.0,
        "Net Income Continuous Operations": NaN,
        "Tax Provision": NaN,
        "Pretax Income": NaN,
        "Other Income Expense": NaN,
        "Other Non Operating Income Expenses": NaN,
        "Special Income Charges": NaN,
        "Other Special Charges": NaN,
        "Restructuring And Mergern Acquisition": NaN,
        "Earnings From Equity Interest": NaN,
        "Gain On Sale Of Security": 149000000.0,
        "Net Non Operating Interest Income Expense": NaN,
        "Total Other Finance Cost": -84000000.0,
        "Interest Expense Non Operating": NaN,
        "Interest Income Non Operating": NaN,
        "Operating Income": NaN,
        "Operating Expense": NaN,
        "Depreciation Amortization Depletion Income Statement": NaN,
        "Depreciation And Amortization In Income Statement": NaN,
        "Selling General And Administration": NaN,
        "Gross Profit": NaN,
        "Cost Of Revenue": NaN,
        "Total Revenue": NaN,
        "Operating Revenue": NaN
    },
    "2022-12-31": {
        "Tax Effect Of Unusual Items": NaN,
        "Tax Rate For Calcs": NaN,
        "Normalized EBITDA": NaN,
        "Total Unusual Items": NaN,
        "Total Unusual Items Excluding Goodwill": NaN,
        "Net Income From Continuing Operation Net Minority Interest": NaN,
        "Reconciled Depreciation": NaN,
        "Reconciled Cost Of Revenue": NaN,
        "EBITDA": NaN,
        "EBIT": NaN,
        "Net Interest Income": NaN,
        "Interest Expense": NaN,
        "Interest Income": NaN,
        "Normalized Income": NaN,
        "Net Income From Continuing And Discontinued Operation": NaN,
        "Total Expenses": NaN,
        "Diluted Average Shares": NaN,
        "Basic Average Shares": NaN,
        "Diluted EPS": NaN,
        "Basic EPS": NaN,
        "Diluted NI Availto Com Stockholders": NaN,
        "Net Income Common Stockholders": NaN,
        "Net Income": NaN,
        "Minority Interests": NaN,
        "Net Income Including Noncontrolling Interests": NaN,
        "Net Income Discontinuous Operations": 0.0,
        "Net Income Continuous Operations": NaN,
        "Tax Provision": NaN,
        "Pretax Income": NaN,
        "Other Income Expense": NaN,
        "Other Non Operating Income Expenses": 28000000.0,
        "Special Income Charges": NaN,
        "Other Special Charges": NaN,
        "Restructuring And Mergern Acquisition": NaN,
        "Earnings From Equity Interest": NaN,
        "Gain On Sale Of Security": -70000000.0,
        "Net Non Operating Interest Income Expense": NaN,
        "Total Other Finance Cost": NaN,
        "Interest Expense Non Operating": NaN,
        "Interest Income Non Operating": NaN,
        "Operating Income": NaN,
        "Operating Expense": NaN,
        "Depreciation Amortization Depletion Income Statement": NaN,
        "Depreciation And Amortization In Income Statement": NaN,
        "Selling General And Administration": NaN,
        "Gross Profit": NaN,
        "Cost Of Revenue": NaN,
        "Total Revenue": NaN,
        "Operating Revenue": NaN
    },
    "2022-09-30": {
        "Tax Effect Of Unusual Items": NaN,
        "Tax Rate For Calcs": NaN,
        "Normalized EBITDA": NaN,
        "Total Unusual Items": NaN,
        "Total Unusual Items Excluding Goodwill": NaN,
        "Net Income From Continuing Operation Net Minority Interest": NaN,
        "Reconciled Depreciation": NaN,
        "Reconciled Cost Of Revenue": NaN,
        "EBITDA": NaN,
        "EBIT": NaN,
        "Net Interest Income": NaN,
        "Interest Expense": NaN,
        "Interest Income": NaN,
        "Normalized Income": NaN,
        "Net Income From Continuing And Discontinued Operation": NaN,
        "Total Expenses": NaN,
        "Diluted Average Shares": NaN,
        "Basic Average Shares": NaN,
        "Diluted EPS": NaN,
        "Basic EPS": NaN,
        "Diluted NI Availto Com Stockholders": NaN,
        "Net Income Common Stockholders": NaN,
        "Net Income": NaN,
        "Minority Interests": NaN,
        "Net Income Including Noncontrolling Interests": NaN,
        "Net Income Discontinuous Operations": 0.0,
        "Net Income Continuous Operations": NaN,
        "Tax Provision": NaN,
        "Pretax Income": NaN,
        "Other Income Expense": NaN,
        "Other Non Operating Income Expenses": -45000000.0,
        "Special Income Charges": NaN,
        "Gain On Sale Of Business": 0.0,
        "Restructuring And Mergern Acquisition": NaN,
        "Earnings From Equity Interest": NaN,
        "Gain On Sale Of Security": 63000000.0,
        "Net Non Operating Interest Income Expense": NaN,
        "Total Other Finance Cost": NaN,
        "Interest Expense Non Operating": NaN,
        "Interest Income Non Operating": NaN,
        "Operating Income": NaN,
        "Operating Expense": NaN,
        "Depreciation Amortization Depletion Income Statement": NaN,
        "Depreciation And Amortization In Income Statement": NaN,
        "Selling General And Administration": NaN,
        "Gross Profit": NaN,
        "Cost Of Revenue": NaN,
        "Total Revenue": NaN,
        "Operating Revenue": NaN
    },
    "2022-06-30": {
        "Tax Effect Of Unusual Items": -51798000.0,
        "Tax Rate For Calcs": 0.291,
        "Normalized EBITDA": 3967000000.0,
        "Total Unusual Items": -178000000.0,
        "Total Unusual Items Excluding Goodwill": -178000000.0,
        "Net Income From Continuing Operation Net Minority Interest": 1409000000.0,
        "Reconciled Depreciation": 1290000000.0,
        "Reconciled Cost Of Revenue": 13682000000.0,
        "EBITDA": 3789000000.0,
        "EBIT": 2499000000.0,
        "Net Interest Income": -373000000.0,
        "Interest Expense": 380000000.0,
        "Interest Income": 7000000.0,
        "Normalized Income": 1535202000.0,
        "Net Income From Continuing And Discontinued Operation": 1409000000.0,
        "Total Expenses": 19072000000.0,
        "Diluted Average Shares": 1825000000.0,
        "Basic Average Shares": 1823000000.0,
        "Diluted EPS": 0.77,
        "Basic EPS": 0.77,
        "Diluted NI Availto Com Stockholders": 1409000000.0,
        "Net Income Common Stockholders": 1409000000.0,
        "Net Income": 1409000000.0,
        "Minority Interests": -93000000.0,
        "Net Income Including Noncontrolling Interests": 1502000000.0,
        "Net Income Discontinuous Operations": 0.0,
        "Net Income Continuous Operations": 1502000000.0,
        "Tax Provision": 617000000.0,
        "Pretax Income": 2119000000.0,
        "Other Income Expense": 59000000.0,
        "Other Non Operating Income Expenses": 12000000.0,
        "Special Income Charges": -42000000.0,
        "Gain On Sale Of Business": 0.0,
        "Restructuring And Mergern Acquisition": 42000000.0,
        "Earnings From Equity Interest": 225000000.0,
        "Gain On Sale Of Security": -136000000.0,
        "Net Non Operating Interest Income Expense": -373000000.0,
        "Total Other Finance Cost": NaN,
        "Interest Expense Non Operating": 380000000.0,
        "Interest Income Non Operating": 7000000.0,
        "Operating Income": 2432000000.0,
        "Operating Expense": 5390000000.0,
        "Depreciation Amortization Depletion Income Statement": 1290000000.0,
        "Depreciation And Amortization In Income Statement": 1290000000.0,
        "Selling General And Administration": 4100000000.0,
        "Gross Profit": 7822000000.0,
        "Cost Of Revenue": 13682000000.0,
        "Total Revenue": 21504000000.0,
        "Operating Revenue": 21504000000.0
    },
    "2022-03-31": {
        "Diluted EPS": 0.26,
        "Total Revenue": NaN,
        "Gross Profit": NaN,
        "Operating Income": NaN,
        "EBIT": NaN,
        "Net Income": 470
    },
    "2021-12-31": {
        "Diluted EPS": 0.6,
        "Total Revenue": NaN,
        "Gross Profit": NaN,
        "Operating Income": NaN,
        "EBIT": NaN,
        "Net Income": NaN
    },
    "2021-09-30": {
        "Diluted EPS": 0.09,
        "Total Revenue": NaN,
        "Gross Profit": NaN,
        "Operating Income": 507,
        "EBIT": NaN,
        "Net Income": 159
    },
    "2021-06-30": {
        "Diluted EPS": 0.5,
        "Total Revenue": NaN,
        "Gross Profit": NaN,
        "Operating Income": NaN,
        "EBIT": NaN,
        "Net Income": 918
    },
    "2021-03-31": {
        "Diluted EPS": 0.49,
        "Total Revenue": NaN,
        "Gross Profit": NaN,
        "Operating Income": NaN,
        "EBIT": NaN,
        "Net Income": 901
    },
    "2020-12-31": {
        "Diluted EPS": 0.01,
        "Total Revenue": NaN,
        "Gross Profit": NaN,
        "Operating Income": 146,
        "EBIT": NaN,
        "Net Income": 17
    },
    "2020-09-30": {
        "Diluted EPS": -0.38,
        "Total Revenue": NaN,
        "Gross Profit": NaN,
        "Operating Income": -846,
        "EBIT": 489,
        "Net Income": -710
    },
    "2020-06-30": {
        "Diluted EPS": -2.61,
        "Total Revenue": NaN,
        "Gross Profit": NaN,
        "Operating Income": NaN,
        "EBIT": NaN,
        "Net Income": NaN
    },
    "2020-03-31": {
        "Diluted EPS": 0.25,
        "Total Revenue": NaN,
        "Gross Profit": NaN,
        "Operating Income": NaN,
        "EBIT": NaN,
        "Net Income": 460
    },
    "2019-12-31": {
        "Diluted EPS": 1.16,
        "Total Revenue": NaN,
        "Gross Profit": NaN,
        "Operating Income": NaN,
        "EBIT": NaN,
        "Net Income": NaN
    },
    "2019-09-30": {
        "Diluted EPS": 0.26,
        "Total Revenue": NaN,
        "Gross Profit": NaN,
        "Operating Income": NaN,
        "EBIT": NaN,
        "Net Income": NaN
    },
    "2019-06-30": {
        "Diluted EPS": 0.97,
        "Total Revenue": NaN,
        "Gross Profit": NaN,
        "Operating Income": NaN,
        "EBIT": NaN,
        "Net Income": NaN
    },
    "2019-03-31": {
        "Diluted EPS": 3.55,
        "Total Revenue": NaN,
        "Gross Profit": NaN,
        "Operating Income": NaN,
        "EBIT": NaN,
        "Net Income": NaN
    },
    "2018-12-31": {
        "Diluted EPS": 1.86,
        "Total Revenue": NaN,
        "Gross Profit": NaN,
        "Operating Income": NaN,
        "EBIT": NaN,
        "Net Income": NaN
    },
    "2018-09-30": {
        "Diluted EPS": 1.55,
        "Total Revenue": NaN,
        "Gross Profit": NaN,
        "Operating Income": NaN,
        "EBIT": NaN,
        "Net Income": NaN
    },
    "2018-06-30": {
        "Diluted EPS": 1.95,
        "Total Revenue": NaN,
        "Gross Profit": NaN,
        "Operating Income": NaN,
        "EBIT": NaN,
        "Net Income": NaN
    },
    "2018-03-31": {
        "Diluted EPS": 1.95,
        "Total Revenue": NaN,
        "Gross Profit": NaN,
        "Operating Income": NaN,
        "EBIT": NaN,
        "Net Income": NaN
    },
    "2017-12-31": {
        "Diluted EPS": 2.91,
        "Total Revenue": NaN,
        "Gross Profit": NaN,
        "Operating Income": NaN,
        "EBIT": NaN,
        "Net Income": NaN
    },
    "2017-09-30": {
        "Diluted EPS": 1.13,
        "Total Revenue": NaN,
        "Gross Profit": NaN,
        "Operating Income": NaN,
        "EBIT": NaN,
        "Net Income": NaN
    },
    "2017-06-30": {
        "Diluted EPS": 1.51,
        "Total Revenue": NaN,
        "Gross Profit": NaN,
        "Operating Income": NaN,
        "EBIT": NaN,
        "Net Income": NaN
    },
    "2017-03-31": {
        "Diluted EPS": 1.5,
        "Total Revenue": NaN,
        "Gross Profit": NaN,
        "Operating Income": NaN,
        "EBIT": NaN,
        "Net Income": NaN
    },
    "2016-12-31": {
        "Diluted EPS": 1.55,
        "Total Revenue": NaN,
        "Gross Profit": NaN,
        "Operating Income": NaN,
        "EBIT": NaN,
        "Net Income": NaN
    },
    "2016-09-30": {
        "Diluted EPS": 1.11,
        "Total Revenue": NaN,
        "Gross Profit": NaN,
        "Operating Income": NaN,
        "EBIT": NaN,
        "Net Income": NaN
    },
    "2016-06-30": {
        "Diluted EPS": 1.59,
        "Total Revenue": NaN,
        "Gross Profit": NaN,
        "Operating Income": NaN,
        "EBIT": NaN,
        "Net Income": NaN
    },
    "2016-03-31": {
        "Diluted EPS": 1.3,
        "Total Revenue": NaN,
        "Gross Profit": NaN,
        "Operating Income": NaN,
        "EBIT": NaN,
        "Net Income": NaN
    },
    "2015-12-31": {
        "Diluted EPS": 1.73,
        "Total Revenue": NaN,
        "Gross Profit": NaN,
        "Operating Income": NaN,
        "EBIT": NaN,
        "Net Income": NaN
    },
    "2015-09-30": {
        "Diluted EPS": 0.95,
        "Total Revenue": NaN,
        "Gross Profit": NaN,
        "Operating Income": NaN,
        "EBIT": NaN,
        "Net Income": NaN
    },
    "2015-06-30": {
        "Diluted EPS": 1.45,
        "Total Revenue": NaN,
        "Gross Profit": NaN,
        "Operating Income": NaN,
        "EBIT": NaN,
        "Net Income": NaN
    },
    "2015-03-31": {
        "Diluted EPS": 1.23,
        "Total Revenue": NaN,
        "Gross Profit": NaN,
        "Operating Income": NaN,
        "EBIT": NaN,
        "Net Income": NaN
    },
    "2014-12-31": {
        "Diluted EPS": 1.27,
        "Total Revenue": NaN,
        "Gross Profit": NaN,
        "Operating Income": NaN,
        "EBIT": NaN,
        "Net Income": NaN
    },
    "2014-09-30": {
        "Diluted EPS": 0.86,
        "Total Revenue": NaN,
        "Gross Profit": NaN,
        "Operating Income": NaN,
        "EBIT": NaN,
        "Net Income": NaN
    },
    "2014-06-30": {
        "Diluted EPS": 1.28,
        "Total Revenue": NaN,
        "Gross Profit": NaN,
        "Operating Income": NaN,
        "EBIT": NaN,
        "Net Income": NaN
    },
    "2014-03-31": {
        "Diluted EPS": 1.08,
        "Total Revenue": NaN,
        "Gross Profit": NaN,
        "Operating Income": NaN,
        "EBIT": NaN,
        "Net Income": NaN
    },
    "2013-12-31": {
        "Diluted EPS": 1.03,
        "Total Revenue": NaN,
        "Gross Profit": NaN,
        "Operating Income": NaN,
        "EBIT": NaN,
        "Net Income": NaN
    },
    "2013-09-30": {
        "Diluted EPS": 0.77,
        "Total Revenue": NaN,
        "Gross Profit": NaN,
        "Operating Income": NaN,
        "EBIT": NaN,
        "Net Income": NaN
    },
    "2013-06-30": {
        "Diluted EPS": 1.01,
        "Total Revenue": NaN,
        "Gross Profit": NaN,
        "Operating Income": NaN,
        "EBIT": NaN,
        "Net Income": NaN
    },
    "2013-03-31": {
        "Diluted EPS": 0.83,
        "Total Revenue": NaN,
        "Gross Profit": NaN,
        "Operating Income": NaN,
        "EBIT": NaN,
        "Net Income": NaN
    },
    "2012-12-31": {
        "Diluted EPS": 0.77,
        "Total Revenue": NaN,
        "Gross Profit": NaN,
        "Operating Income": NaN,
        "EBIT": NaN,
        "Net Income": NaN
    },
    "2012-09-30": {
        "Diluted EPS": 0.68,
        "Total Revenue": NaN,
        "Gross Profit": NaN,
        "Operating Income": NaN,
        "EBIT": NaN,
        "Net Income": NaN
    },
    "2012-06-30": {
        "Diluted EPS": 1.01,
        "Total Revenue": NaN,
        "Gross Profit": NaN,
        "Operating Income": NaN,
        "EBIT": NaN,
        "Net Income": NaN
    },
    "2012-03-31": {
        "Diluted EPS": 0.63,
        "Total Revenue": NaN,
        "Gross Profit": NaN,
        "Operating Income": NaN,
        "EBIT": NaN,
        "Net Income": NaN
    },
    "2011-12-31": {
        "Diluted EPS": 0.8,
        "Total Revenue": NaN,
        "Gross Profit": NaN,
        "Operating Income": NaN,
        "EBIT": NaN,
        "Net Income": NaN
    },
    "2011-09-30": {
        "Diluted EPS": 0.58,
        "Total Revenue": NaN,
        "Gross Profit": NaN,
        "Operating Income": NaN,
        "EBIT": NaN,
        "Net Income": NaN
    },
    "2011-06-30": {
        "Diluted EPS": 0.77,
        "Total Revenue": NaN,
        "Gross Profit": NaN,
        "Operating Income": NaN,
        "EBIT": NaN,
        "Net Income": NaN
    },
    "2011-03-31": {
        "Diluted EPS": 0.49,
        "Total Revenue": NaN,
        "Gross Profit": NaN,
        "Operating Income": NaN,
        "EBIT": NaN,
        "Net Income": 942
    },
    "2010-12-31": {
        "Diluted EPS": 0.68,
        "Total Revenue": NaN,
        "Gross Profit": NaN,
        "Operating Income": NaN,
        "EBIT": NaN,
        "Net Income": NaN
    },
    "2010-09-30": {
        "Diluted EPS": 0.44,
        "Total Revenue": NaN,
        "Gross Profit": NaN,
        "Operating Income": NaN,
        "EBIT": NaN,
        "Net Income": 835
    },
    "2010-06-30": {
        "Diluted EPS": 0.67,
        "Total Revenue": NaN,
        "Gross Profit": NaN,
        "Operating Income": NaN,
        "EBIT": NaN,
        "Net Income": NaN
    },
    "2010-03-31": {
        "Diluted EPS": 0.48,
        "Total Revenue": NaN,
        "Gross Profit": NaN,
        "Operating Income": NaN,
        "EBIT": NaN,
        "Net Income": 953
    },
    "2009-12-31": {
        "Diluted EPS": 0.44,
        "Total Revenue": NaN,
        "Gross Profit": NaN,
        "Operating Income": NaN,
        "EBIT": NaN,
        "Net Income": 844
    },
    "2009-09-30": {
        "Diluted EPS": 0.47,
        "Total Revenue": NaN,
        "Gross Profit": NaN,
        "Operating Income": NaN,
        "EBIT": NaN,
        "Net Income": 895
    },
    "2009-06-30": {
        "Diluted EPS": 0.51,
        "Total Revenue": NaN,
        "Gross Profit": NaN,
        "Operating Income": NaN,
        "EBIT": NaN,
        "Net Income": 954
    },
    "2009-03-31": {
        "Diluted EPS": 0.33,
        "Total Revenue": NaN,
        "Gross Profit": NaN,
        "Operating Income": 982,
        "EBIT": NaN,
        "Net Income": 613
    },
    "2023-06-30": {
        "Tax Effect Of Unusual Items": -537600000.0,
        "Tax Rate For Calcs": 0.21,
        "Normalized EBITDA": 4273000000.0,
        "Total Unusual Items": -2560000000.0,
        "Total Unusual Items Excluding Goodwill": -2560000000.0,
        "Net Income From Continuing Operation Net Minority Interest": -460000000.0,
        "Reconciled Depreciation": 1344000000.0,
        "Reconciled Cost Of Revenue": 14471000000.0,
        "EBITDA": 1713000000.0,
        "EBIT": 369000000.0,
        "Net Interest Income": -305000000.0,
        "Interest Expense": 503000000.0,
        "Interest Income": 198000000.0,
        "Normalized Income": 1562400000.0,
        "Net Income From Continuing And Discontinued Operation": -460000000.0,
        "Total Expenses": 19689000000.0,
        "Diluted Average Shares": 1829000000.0,
        "Basic Average Shares": 1829000000.0,
        "Diluted EPS": -0.25,
        "Basic EPS": -0.25,
        "Diluted NI Availto Com Stockholders": -460000000.0,
        "Net Income Common Stockholders": -460000000.0,
        "Net Income": -460000000.0,
        "Minority Interests": -307000000.0,
        "Net Income Including Noncontrolling Interests": -153000000.0,
        "Net Income Discontinuous Operations": 0.0,
        "Net Income Continuous Operations": -153000000.0,
        "Tax Provision": 19000000.0,
        "Pretax Income": -134000000.0,
        "Other Income Expense": -2470000000.0,
        "Other Non Operating Income Expenses": -101000000.0,
        "Special Income Charges": -2650000000.0,
        "Other Special Charges": NaN,
        "Restructuring And Mergern Acquisition": 2650000000.0,
        "Earnings From Equity Interest": 191000000.0,
        "Gain On Sale Of Security": 90000000.0,
        "Net Non Operating Interest Income Expense": -305000000.0,
        "Total Other Finance Cost": NaN,
        "Interest Expense Non Operating": 503000000.0,
        "Interest Income Non Operating": 198000000.0,
        "Operating Income": 2641000000.0,
        "Operating Expense": 5218000000.0,
        "Depreciation Amortization Depletion Income Statement": 1344000000.0,
        "Depreciation And Amortization In Income Statement": 1344000000.0,
        "Selling General And Administration": 3874000000.0,
        "Gross Profit": 7859000000.0,
        "Cost Of Revenue": 14471000000.0,
        "Total Revenue": 22330000000.0,
        "Operating Revenue": 22330000000.0
    },
    "2023-09-30": {
        "Tax Effect Of Unusual Items": -317351539.225422,
        "Tax Rate For Calcs": 0.310824,
        "Normalized EBITDA": 3938000000.0,
        "Total Unusual Items": -1021000000.0,
        "Total Unusual Items Excluding Goodwill": -1021000000.0,
        "Net Income From Continuing Operation Net Minority Interest": 264000000.0,
        "Reconciled Depreciation": 1409000000.0,
        "Reconciled Cost Of Revenue": 13728000000.0,
        "EBITDA": 2917000000.0,
        "EBIT": 1508000000.0,
        "Net Interest Income": -25000000.0,
        "Interest Expense": 501000000.0,
        "Interest Income": 476000000.0,
        "Normalized Income": 967648460.774578,
        "Net Income From Continuing And Discontinued Operation": 264000000.0,
        "Total Expenses": 19158000000.0,
        "Diluted Average Shares": 1833000000.0,
        "Basic Average Shares": 1831000000.0,
        "Diluted EPS": 0.14,
        "Basic EPS": 0.14,
        "Diluted NI Availto Com Stockholders": 264000000.0,
        "Net Income Common Stockholders": 264000000.0,
        "Net Income": 264000000.0,
        "Minority Interests": -430000000.0,
        "Net Income Including Noncontrolling Interests": 694000000.0,
        "Net Income Discontinuous Operations": 0.0,
        "Net Income Continuous Operations": 694000000.0,
        "Tax Provision": 313000000.0,
        "Pretax Income": 1007000000.0,
        "Other Income Expense": -1051000000.0,
        "Other Non Operating Income Expenses": -257000000.0,
        "Special Income Charges": -1021000000.0,
        "Other Special Charges": NaN,
        "Restructuring And Mergern Acquisition": 1021000000.0,
        "Earnings From Equity Interest": 227000000.0,
        "Gain On Sale Of Security": 0.0,
        "Net Non Operating Interest Income Expense": -25000000.0,
        "Total Other Finance Cost": NaN,
        "Interest Expense Non Operating": 501000000.0,
        "Interest Income Non Operating": 476000000.0,
        "Operating Income": 2083000000.0,
        "Operating Expense": 5430000000.0,
        "Depreciation Amortization Depletion Income Statement": 1409000000.0,
        "Depreciation And Amortization In Income Statement": 1409000000.0,
        "Selling General And Administration": 4021000000.0,
        "Gross Profit": 7513000000.0,
        "Cost Of Revenue": 13728000000.0,
        "Total Revenue": 21241000000.0,
        "Operating Revenue": 21241000000.0
    },
    "2023-12-31": {
        "Tax Effect Of Unusual Items": 0.0,
        "Tax Rate For Calcs": 0.251,
        "Normalized EBITDA": 4642000000.0,
        "Total Unusual Items": 0.0,
        "Total Unusual Items Excluding Goodwill": 0.0,
        "Net Income From Continuing Operation Net Minority Interest": 1911000000.0,
        "Reconciled Depreciation": 1243000000.0,
        "Reconciled Cost Of Revenue": 15587000000.0,
        "EBITDA": 4642000000.0,
        "EBIT": 3399000000.0,
        "Net Interest Income": -246000000.0,
        "Interest Expense": 528000000.0,
        "Interest Income": 282000000.0,
        "Normalized Income": 1911000000.0,
        "Net Income From Continuing And Discontinued Operation": 1911000000.0,
        "Total Expenses": 20613000000.0,
        "Diluted Average Shares": 1835000000.0,
        "Basic Average Shares": 1832000000.0,
        "Diluted EPS": 1.04,
        "Basic EPS": 1.04,
        "Diluted NI Availto Com Stockholders": 1911000000.0,
        "Net Income Common Stockholders": 1911000000.0,
        "Net Income": 1911000000.0,
        "Minority Interests": -240000000.0,
        "Net Income Including Noncontrolling Interests": 2151000000.0,
        "Net Income Discontinuous Operations": NaN,
        "Net Income Continuous Operations": 2151000000.0,
        "Tax Provision": 720000000.0,
        "Pretax Income": 2871000000.0,
        "Other Income Expense": 181000000.0,
        "Other Non Operating Income Expenses": NaN,
        "Special Income Charges": 0.0,
        "Other Special Charges": NaN,
        "Restructuring And Mergern Acquisition": 0.0,
        "Earnings From Equity Interest": 181000000.0,
        "Gain On Sale Of Security": NaN,
        "Net Non Operating Interest Income Expense": -246000000.0,
        "Total Other Finance Cost": NaN,
        "Interest Expense Non Operating": 528000000.0,
        "Interest Income Non Operating": 282000000.0,
        "Operating Income": 2936000000.0,
        "Operating Expense": 5026000000.0,
        "Depreciation Amortization Depletion Income Statement": 1243000000.0,
        "Depreciation And Amortization In Income Statement": 1243000000.0,
        "Selling General And Administration": 3783000000.0,
        "Gross Profit": 7962000000.0,
        "Cost Of Revenue": 15587000000.0,
        "Total Revenue": 23549000000.0,
        "Operating Revenue": 23549000000.0
    },
    "2024-03-31": {
        "Tax Effect Of Unusual Items": -430920000.0,
        "Tax Rate For Calcs": 0.21,
        "Normalized EBITDA": 4452000000.0,
        "Total Unusual Items": -2052000000.0,
        "Total Unusual Items Excluding Goodwill": -2052000000.0,
        "Net Income From Continuing Operation Net Minority Interest": -20000000.0,
        "Reconciled Depreciation": 1242000000.0,
        "Reconciled Cost Of Revenue": 14172000000.0,
        "EBITDA": 2400000000.0,
        "EBIT": 1158000000.0,
        "Net Interest Income": -311000000.0,
        "Interest Expense": 501000000.0,
        "Interest Income": 190000000.0,
        "Normalized Income": 1601080000.0,
        "Net Income From Continuing And Discontinued Operation": -20000000.0,
        "Total Expenses": 19204000000.0,
        "Diluted Average Shares": 1834000000.0,
        "Basic Average Shares": 1834000000.0,
        "Diluted EPS": -0.01,
        "Basic EPS": -0.01,
        "Diluted NI Availto Com Stockholders": -20000000.0,
        "Net Income Common Stockholders": -20000000.0,
        "Net Income": -20000000.0,
        "Minority Interests": -236000000.0,
        "Net Income Including Noncontrolling Interests": 216000000.0,
        "Net Income Discontinuous Operations": NaN,
        "Net Income Continuous Operations": 216000000.0,
        "Tax Provision": 441000000.0,
        "Pretax Income": 657000000.0,
        "Other Income Expense": -1911000000.0,
        "Other Non Operating Income Expenses": NaN,
        "Special Income Charges": -2052000000.0,
        "Other Special Charges": NaN,
        "Restructuring And Mergern Acquisition": 2052000000.0,
        "Earnings From Equity Interest": 141000000.0,
        "Gain On Sale Of Security": NaN,
        "Net Non Operating Interest Income Expense": -311000000.0,
        "Total Other Finance Cost": NaN,
        "Interest Expense Non Operating": 501000000.0,
        "Interest Income Non Operating": 190000000.0,
        "Operating Income": 2879000000.0,
        "Operating Expense": 5032000000.0,
        "Depreciation Amortization Depletion Income Statement": 1242000000.0,
        "Depreciation And Amortization In Income Statement": 1242000000.0,
        "Selling General And Administration": 3790000000.0,
        "Gross Profit": 7911000000.0,
        "Cost Of Revenue": 14172000000.0,
        "Total Revenue": 22083000000.0,
        "Operating Revenue": 22083000000.0
    },
    "2024-06-30": {
        "Tax Effect Of Unusual Items": -5265000.0,
        "Tax Rate For Calcs": 0.081,
        "Normalized EBITDA": 4887000000.0,
        "Total Unusual Items": -65000000.0,
        "Total Unusual Items Excluding Goodwill": -65000000.0,
        "Net Income From Continuing Operation Net Minority Interest": 2621000000.0,
        "Reconciled Depreciation": 1220000000.0,
        "Reconciled Cost Of Revenue": 14709000000.0,
        "EBITDA": 4822000000.0,
        "EBIT": 3602000000.0,
        "Net Interest Income": -342000000.0,
        "Interest Expense": 509000000.0,
        "Interest Income": 167000000.0,
        "Normalized Income": 2680735000.0,
        "Net Income From Continuing And Discontinued Operation": 2621000000.0,
        "Total Expenses": 19801000000.0,
        "Diluted Average Shares": 1829000000.0,
        "Basic Average Shares": 1821000000.0,
        "Diluted EPS": 1.43,
        "Basic EPS": 1.44,
        "Diluted NI Availto Com Stockholders": 2621000000.0,
        "Net Income Common Stockholders": 2621000000.0,
        "Net Income": 2621000000.0,
        "Minority Interests": -221000000.0,
        "Net Income Including Noncontrolling Interests": 2842000000.0,
        "Net Income Discontinuous Operations": NaN,
        "Net Income Continuous Operations": 2842000000.0,
        "Tax Provision": 251000000.0,
        "Pretax Income": 3093000000.0,
        "Other Income Expense": 81000000.0,
        "Other Non Operating Income Expenses": NaN,
        "Special Income Charges": -65000000.0,
        "Other Special Charges": 65000000.0,
        "Restructuring And Mergern Acquisition": 0.0,
        "Earnings From Equity Interest": 146000000.0,
        "Gain On Sale Of Security": NaN,
        "Net Non Operating Interest Income Expense": -342000000.0,
        "Total Other Finance Cost": NaN,
        "Interest Expense Non Operating": 509000000.0,
        "Interest Income Non Operating": 167000000.0,
        "Operating Income": 3354000000.0,
        "Operating Expense": 5092000000.0,
        "Depreciation Amortization Depletion Income Statement": 1220000000.0,
        "Depreciation And Amortization In Income Statement": 1220000000.0,
        "Selling General And Administration": 3872000000.0,
        "Gross Profit": 8446000000.0,
        "Cost Of Revenue": 14709000000.0,
        "Total Revenue": 23155000000.0,
        "Operating Revenue": 23155000000.0
    }
}