{
    "2023-03-31": {
        "Tax Effect Of Unusual Items": -7392660.0,
        "Tax Rate For Calcs": 0.253,
        "Normalized EBITDA": 608352000.0,
        "Total Unusual Items": -29220000.0,
        "Total Unusual Items Excluding Goodwill": -29220000.0,
        "Net Income From Continuing Operation Net Minority Interest": 222705000.0,
        "Reconciled Depreciation": 245697000.0,
        "Reconciled Cost Of Revenue": 2801010000.0,
        "EBIT": 333435000.0,
        "Net Interest Income": 32761000.0,
        "Interest Expense": 7772000.0,
        "Interest Income": 40533000.0,
        "Normalized Income": 244532340.0,
        "Net Income From Continuing And Discontinued Operation": 222705000.0,
        "Total Expenses": 3633559000.0,
        "Total Operating Income As Reported": 323423000.0,
        "Diluted Average Shares": 638385000.0,
        "Basic Average Shares": 531293000.0,
        "Diluted EPS": 0.35,
        "Basic EPS": 0.42,
        "Diluted NI Availto Com Stockholders": 222705000.0,
        "Average Dilution Earnings": 0.0,
        "Net Income Common Stockholders": 222705000.0,
        "Net Income": 222705000.0,
        "Minority Interests": -20533000.0,
        "Net Income Including Noncontrolling Interests": 243238000.0,
        "Net Income Continuous Operations": 243238000.0,
        "Tax Provision": 82425000.0,
        "Pretax Income": 325663000.0,
        "Other Income Expense": -30521000.0,
        "Other Non Operating Income Expenses": 150000.0,
        "Special Income Charges": 49000.0,
        "Other Special Charges": -49000.0,
        "Earnings From Equity Interest": -1451000.0,
        "Gain On Sale Of Security": -29269000.0,
        "Net Non Operating Interest Income Expense": 32761000.0,
        "Interest Expense Non Operating": 7772000.0,
        "Interest Income Non Operating": 40533000.0,
        "Operating Income": 323423000.0,
        "Operating Expense": 832549000.0,
        "Depreciation Amortization Depletion Income Statement": 245697000.0,
        "Depreciation And Amortization In Income Statement": 245697000.0,
        "Amortization": 45665000.0,
        "Amortization Of Intangibles Income Statement": 45665000.0,
        "Depreciation Income Statement": 200032000.0,
        "Selling General And Administration": 586852000.0,
        "Gross Profit": 1155972000.0,
        "Cost Of Revenue": 2801010000.0,
        "Total Revenue": 3956982000.0,
        "Operating Revenue": 3956982000.0
    },
    "2022-12-31": {
        "Tax Effect Of Unusual Items": 252247572.431848,
        "Tax Rate For Calcs": 0.273211,
        "Normalized EBITDA": 595487000.0,
        "Total Unusual Items": 923269000.0,
        "Total Unusual Items Excluding Goodwill": 923269000.0,
        "Net Income From Continuing Operation Net Minority Interest": 935520000.0,
        "Reconciled Depreciation": 197773000.0,
        "Reconciled Cost Of Revenue": 2812849000.0,
        "EBIT": 1320983000.0,
        "Net Interest Income": 13209000.0,
        "Interest Expense": 7714000.0,
        "Interest Income": 20923000.0,
        "Normalized Income": 264498572.431848,
        "Net Income From Continuing And Discontinued Operation": 935520000.0,
        "Total Expenses": 3668031000.0,
        "Total Operating Income As Reported": 375342000.0,
        "Diluted Average Shares": 637275000.0,
        "Basic Average Shares": 530846000.0,
        "Diluted EPS": 1.46,
        "Basic EPS": 1.76,
        "Diluted NI Availto Com Stockholders": 935520000.0,
        "Average Dilution Earnings": NaN,
        "Net Income Common Stockholders": 935520000.0,
        "Net Income": 935520000.0,
        "Minority Interests": -18949000.0,
        "Net Income Including Noncontrolling Interests": 954469000.0,
        "Net Income Continuous Operations": 954469000.0,
        "Tax Provision": 358800000.0,
        "Pretax Income": 1313269000.0,
        "Other Income Expense": 924718000.0,
        "Other Non Operating Income Expenses": -480000.0,
        "Special Income Charges": 227000.0,
        "Other Special Charges": -227000.0,
        "Earnings From Equity Interest": 1929000.0,
        "Gain On Sale Of Security": 923042000.0,
        "Net Non Operating Interest Income Expense": 13209000.0,
        "Interest Expense Non Operating": 7714000.0,
        "Interest Income Non Operating": 20923000.0,
        "Operating Income": 375342000.0,
        "Operating Expense": 855182000.0,
        "Depreciation Amortization Depletion Income Statement": 197773000.0,
        "Depreciation And Amortization In Income Statement": 197773000.0,
        "Amortization": 43630000.0,
        "Amortization Of Intangibles Income Statement": 43630000.0,
        "Depreciation Income Statement": 154143000.0,
        "Selling General And Administration": 657409000.0,
        "Gross Profit": 1230524000.0,
        "Cost Of Revenue": 2812849000.0,
        "Total Revenue": 4043373000.0,
        "Operating Revenue": 4043373000.0
    },
    "2022-09-30": {
        "Tax Effect Of Unusual Items": 7207711.0,
        "Tax Rate For Calcs": 0.119,
        "Normalized EBITDA": 606769000.0,
        "Total Unusual Items": 60569000.0,
        "Total Unusual Items Excluding Goodwill": 60569000.0,
        "Net Income From Continuing Operation Net Minority Interest": 412230000.0,
        "Reconciled Depreciation": 174736000.0,
        "Reconciled Cost Of Revenue": 2835155000.0,
        "EBIT": 492602000.0,
        "Net Interest Income": 2784000.0,
        "Interest Expense": 4848000.0,
        "Interest Income": 7632000.0,
        "Normalized Income": 358868711.0,
        "Net Income From Continuing And Discontinued Operation": 412230000.0,
        "Total Expenses": 3668422000.0,
        "Total Operating Income As Reported": 427029000.0,
        "Diluted Average Shares": 637455000.0,
        "Basic Average Shares": 530436000.0,
        "Diluted EPS": 0.65,
        "Basic EPS": 0.78,
        "Diluted NI Availto Com Stockholders": 412230000.0,
        "Average Dilution Earnings": NaN,
        "Net Income Common Stockholders": 412230000.0,
        "Net Income": 412230000.0,
        "Minority Interests": -17355000.0,
        "Net Income Including Noncontrolling Interests": 429585000.0,
        "Net Income Continuous Operations": 429585000.0,
        "Tax Provision": 58169000.0,
        "Pretax Income": 487754000.0,
        "Other Income Expense": 57941000.0,
        "Other Non Operating Income Expenses": -2058000.0,
        "Special Income Charges": 0.0,
        "Other Special Charges": NaN,
        "Earnings From Equity Interest": -570000.0,
        "Gain On Sale Of Security": 60569000.0,
        "Net Non Operating Interest Income Expense": 2784000.0,
        "Interest Expense Non Operating": 4848000.0,
        "Interest Income Non Operating": 7632000.0,
        "Operating Income": 427029000.0,
        "Operating Expense": 833267000.0,
        "Depreciation Amortization Depletion Income Statement": 174736000.0,
        "Depreciation And Amortization In Income Statement": 174736000.0,
        "Amortization": 37712000.0,
        "Amortization Of Intangibles Income Statement": 37712000.0,
        "Depreciation Income Statement": 137024000.0,
        "Selling General And Administration": 658531000.0,
        "Gross Profit": 1260296000.0,
        "Cost Of Revenue": 2835155000.0,
        "Total Revenue": 4095451000.0,
        "Operating Revenue": 4095451000.0
    },
    "2022-06-30": {
        "Tax Effect Of Unusual Items": 3334560.0,
        "Tax Rate For Calcs": 0.24,
        "Normalized EBITDA": 870411000.0,
        "Total Unusual Items": 13894000.0,
        "Total Unusual Items Excluding Goodwill": 13894000.0,
        "Net Income From Continuing Operation Net Minority Interest": 522832000.0,
        "Reconciled Depreciation": 168223000.0,
        "Reconciled Cost Of Revenue": 2737856000.0,
        "EBIT": 716082000.0,
        "Net Interest Income": 3754000.0,
        "Interest Expense": 5618000.0,
        "Interest Income": 9372000.0,
        "Normalized Income": 512272560.0,
        "Net Income From Continuing And Discontinued Operation": 522832000.0,
        "Total Expenses": 3517028000.0,
        "Total Operating Income As Reported": 692935000.0,
        "Diluted Average Shares": 637123000.0,
        "Basic Average Shares": 530091000.0,
        "Diluted EPS": 0.82,
        "Basic EPS": 0.99,
        "Diluted NI Availto Com Stockholders": 522832000.0,
        "Average Dilution Earnings": 0.0,
        "Net Income Common Stockholders": 522832000.0,
        "Net Income": 522832000.0,
        "Minority Interests": -17175000.0,
        "Net Income Including Noncontrolling Interests": 540007000.0,
        "Net Income Continuous Operations": 540007000.0,
        "Tax Provision": 170457000.0,
        "Pretax Income": 710464000.0,
        "Other Income Expense": 13775000.0,
        "Other Non Operating Income Expenses": -976000.0,
        "Special Income Charges": -1143000.0,
        "Other Special Charges": 1143000.0,
        "Earnings From Equity Interest": 857000.0,
        "Gain On Sale Of Security": 15037000.0,
        "Net Non Operating Interest Income Expense": 3754000.0,
        "Interest Expense Non Operating": 5618000.0,
        "Interest Income Non Operating": 9372000.0,
        "Operating Income": 692935000.0,
        "Operating Expense": 779172000.0,
        "Depreciation Amortization Depletion Income Statement": 168223000.0,
        "Depreciation And Amortization In Income Statement": 168223000.0,
        "Amortization": 35052000.0,
        "Amortization Of Intangibles Income Statement": 35052000.0,
        "Depreciation Income Statement": 133171000.0,
        "Selling General And Administration": 610949000.0,
        "Gross Profit": 1472107000.0,
        "Cost Of Revenue": 2737856000.0,
        "Total Revenue": 4209963000.0,
        "Operating Revenue": 4209963000.0
    },
    "2022-03-31": {
        "Diluted EPS": 0.68,
        "Total Revenue": NaN,
        "Gross Profit": NaN,
        "Operating Income": 550,
        "EBIT": 727,
        "Net Income": 433
    },
    "2021-12-31": {
        "Diluted EPS": 0.86,
        "Total Revenue": NaN,
        "Gross Profit": NaN,
        "Operating Income": 714,
        "EBIT": 885,
        "Net Income": 552
    },
    "2021-09-30": {
        "Diluted EPS": 0.88,
        "Total Revenue": NaN,
        "Gross Profit": NaN,
        "Operating Income": 718,
        "EBIT": 895,
        "Net Income": 557
    },
    "2021-06-30": {
        "Diluted EPS": 1.06,
        "Total Revenue": NaN,
        "Gross Profit": NaN,
        "Operating Income": 907,
        "EBIT": NaN,
        "Net Income": 671
    },
    "2021-03-31": {
        "Diluted EPS": 0.99,
        "Total Revenue": NaN,
        "Gross Profit": NaN,
        "Operating Income": 865,
        "EBIT": NaN,
        "Net Income": 630
    },
    "2020-12-31": {
        "Diluted EPS": 1.25,
        "Total Revenue": NaN,
        "Gross Profit": NaN,
        "Operating Income": 990,
        "EBIT": NaN,
        "Net Income": 733
    },
    "2020-09-30": {
        "Diluted EPS": 0.86,
        "Total Revenue": NaN,
        "Gross Profit": NaN,
        "Operating Income": 811,
        "EBIT": NaN,
        "Net Income": 505
    },
    "2020-06-30": {
        "Diluted EPS": 0.78,
        "Total Revenue": NaN,
        "Gross Profit": NaN,
        "Operating Income": 638,
        "EBIT": 790,
        "Net Income": 452
    },
    "2020-03-31": {
        "Diluted EPS": 0.13,
        "Total Revenue": NaN,
        "Gross Profit": NaN,
        "Operating Income": 144,
        "EBIT": 311,
        "Net Income": 73
    },
    "2019-12-31": {
        "Diluted EPS": 0.69,
        "Total Revenue": NaN,
        "Gross Profit": NaN,
        "Operating Income": 523,
        "EBIT": 697,
        "Net Income": 389
    },
    "2019-09-30": {
        "Diluted EPS": 0.66,
        "Total Revenue": NaN,
        "Gross Profit": NaN,
        "Operating Income": 469,
        "EBIT": 623,
        "Net Income": 353
    },
    "2019-06-30": {
        "Diluted EPS": 0.6,
        "Total Revenue": NaN,
        "Gross Profit": NaN,
        "Operating Income": 431,
        "EBIT": 580,
        "Net Income": 317
    },
    "2019-03-31": {
        "Diluted EPS": 0.65,
        "Total Revenue": NaN,
        "Gross Profit": 996,
        "Operating Income": 456,
        "EBIT": 609,
        "Net Income": 340
    },
    "2018-12-31": {
        "Diluted EPS": 0.65,
        "Total Revenue": NaN,
        "Gross Profit": NaN,
        "Operating Income": 483,
        "EBIT": 654,
        "Net Income": 337
    },
    "2018-09-30": {
        "Diluted EPS": 0.82,
        "Total Revenue": NaN,
        "Gross Profit": NaN,
        "Operating Income": 563,
        "EBIT": 738,
        "Net Income": 432
    },
    "2018-06-30": {
        "Diluted EPS": 0.83,
        "Total Revenue": NaN,
        "Gross Profit": NaN,
        "Operating Income": 573,
        "EBIT": 745,
        "Net Income": 439
    },
    "2018-03-31": {
        "Diluted EPS": 0.7,
        "Total Revenue": NaN,
        "Gross Profit": NaN,
        "Operating Income": 530,
        "EBIT": 722,
        "Net Income": 368
    },
    "2017-12-31": {
        "Diluted EPS": 2.65,
        "Total Revenue": NaN,
        "Gross Profit": -3,
        "Operating Income": 259,
        "EBIT": 451,
        "Net Income": NaN
    },
    "2017-09-30": {
        "Diluted EPS": 0.57,
        "Total Revenue": NaN,
        "Gross Profit": NaN,
        "Operating Income": 449,
        "EBIT": 658,
        "Net Income": 297
    },
    "2017-06-30": {
        "Diluted EPS": 0.09,
        "Total Revenue": NaN,
        "Gross Profit": NaN,
        "Operating Income": 252,
        "EBIT": 464,
        "Net Income": 40
    },
    "2017-03-31": {
        "Diluted EPS": 0.76,
        "Total Revenue": NaN,
        "Gross Profit": NaN,
        "Operating Income": 607,
        "EBIT": 812,
        "Net Income": 376
    },
    "2016-12-31": {
        "Diluted EPS": 0.71,
        "Total Revenue": NaN,
        "Gross Profit": NaN,
        "Operating Income": 573,
        "EBIT": 803,
        "Net Income": 355
    },
    "2016-09-30": {
        "Diluted EPS": 0.67,
        "Total Revenue": NaN,
        "Gross Profit": NaN,
        "Operating Income": 523,
        "EBIT": 747,
        "Net Income": 318
    },
    "2016-06-30": {
        "Diluted EPS": 0.91,
        "Total Revenue": NaN,
        "Gross Profit": NaN,
        "Operating Income": 640,
        "EBIT": 880,
        "Net Income": 424
    },
    "2016-03-31": {
        "Diluted EPS": 0.86,
        "Total Revenue": NaN,
        "Gross Profit": NaN,
        "Operating Income": 583,
        "EBIT": 811,
        "Net Income": 400
    },
    "2015-12-31": {
        "Diluted EPS": -0.15,
        "Total Revenue": NaN,
        "Gross Profit": NaN,
        "Operating Income": -31,
        "EBIT": 171,
        "Net Income": -70
    },
    "2015-09-30": {
        "Diluted EPS": 0.42,
        "Total Revenue": NaN,
        "Gross Profit": NaN,
        "Operating Income": 442,
        "EBIT": 694,
        "Net Income": 196
    },
    "2015-06-30": {
        "Diluted EPS": 0.7,
        "Total Revenue": NaN,
        "Gross Profit": NaN,
        "Operating Income": 534,
        "EBIT": 797,
        "Net Income": 324
    },
    "2015-03-31": {
        "Diluted EPS": 0.76,
        "Total Revenue": NaN,
        "Gross Profit": NaN,
        "Operating Income": 484,
        "EBIT": 730,
        "Net Income": 351
    },
    "2014-12-31": {
        "Diluted EPS": 0.89,
        "Total Revenue": NaN,
        "Gross Profit": NaN,
        "Operating Income": 535,
        "EBIT": 822,
        "Net Income": 410
    },
    "2014-09-30": {
        "Diluted EPS": 0.31,
        "Total Revenue": NaN,
        "Gross Profit": NaN,
        "Operating Income": 389,
        "EBIT": 658,
        "Net Income": 146
    },
    "2014-06-30": {
        "Diluted EPS": 0.46,
        "Total Revenue": NaN,
        "Gross Profit": NaN,
        "Operating Income": 455,
        "EBIT": 727,
        "Net Income": 213
    },
    "2014-03-31": {
        "Diluted EPS": 0.38,
        "Total Revenue": NaN,
        "Gross Profit": NaN,
        "Operating Income": 446,
        "EBIT": 696,
        "Net Income": 176
    },
    "2013-12-31": {
        "Diluted EPS": 0.63,
        "Total Revenue": NaN,
        "Gross Profit": NaN,
        "Operating Income": 451,
        "EBIT": 717,
        "Net Income": 288
    },
    "2013-09-30": {
        "Diluted EPS": 0.68,
        "Total Revenue": NaN,
        "Gross Profit": NaN,
        "Operating Income": 420,
        "EBIT": 673,
        "Net Income": 315
    },
    "2013-06-30": {
        "Diluted EPS": -0.02,
        "Total Revenue": NaN,
        "Gross Profit": NaN,
        "Operating Income": 25,
        "EBIT": 330,
        "Net Income": -11
    },
    "2013-03-31": {
        "Diluted EPS": 0.47,
        "Total Revenue": NaN,
        "Gross Profit": NaN,
        "Operating Income": 452,
        "EBIT": 682,
        "Net Income": 216
    },
    "2012-12-31": {
        "Diluted EPS": 0.46,
        "Total Revenue": NaN,
        "Gross Profit": 825,
        "Operating Income": 491,
        "EBIT": 712,
        "Net Income": 209
    },
    "2012-09-30": {
        "Diluted EPS": -0.35,
        "Total Revenue": NaN,
        "Gross Profit": NaN,
        "Operating Income": -273,
        "EBIT": -38,
        "Net Income": -158
    },
    "2012-06-30": {
        "Diluted EPS": 0.5,
        "Total Revenue": NaN,
        "Gross Profit": NaN,
        "Operating Income": 468,
        "EBIT": 767,
        "Net Income": 226
    },
    "2012-03-31": {
        "Diluted EPS": 0.8,
        "Total Revenue": NaN,
        "Gross Profit": NaN,
        "Operating Income": 572,
        "EBIT": 781,
        "Net Income": 360
    },
    "2011-12-31": {
        "Diluted EPS": 0.71,
        "Total Revenue": NaN,
        "Gross Profit": NaN,
        "Operating Income": 603,
        "EBIT": 819,
        "Net Income": 313
    },
    "2011-09-30": {
        "Diluted EPS": 0.71,
        "Total Revenue": NaN,
        "Gross Profit": NaN,
        "Operating Income": 625,
        "EBIT": 854,
        "Net Income": 319
    },
    "2011-06-30": {
        "Diluted EPS": 0.75,
        "Total Revenue": NaN,
        "Gross Profit": NaN,
        "Operating Income": 718,
        "EBIT": 955,
        "Net Income": 335
    },
    "2011-03-31": {
        "Diluted EPS": 1.22,
        "Total Revenue": NaN,
        "Gross Profit": NaN,
        "Operating Income": 983,
        "EBIT": NaN,
        "Net Income": 549
    },
    "2010-12-31": {
        "Diluted EPS": 0.56,
        "Total Revenue": NaN,
        "Gross Profit": NaN,
        "Operating Income": 503,
        "EBIT": 740,
        "Net Income": 252
    },
    "2010-09-30": {
        "Diluted EPS": 0.55,
        "Total Revenue": NaN,
        "Gross Profit": NaN,
        "Operating Income": 455,
        "EBIT": 698,
        "Net Income": 245
    },
    "2010-06-30": {
        "Diluted EPS": 0.57,
        "Total Revenue": NaN,
        "Gross Profit": NaN,
        "Operating Income": 526,
        "EBIT": 790,
        "Net Income": 257
    },
    "2010-03-31": {
        "Diluted EPS": 0.52,
        "Total Revenue": NaN,
        "Gross Profit": NaN,
        "Operating Income": 457,
        "EBIT": 697,
        "Net Income": 231
    },
    "2009-12-31": {
        "Diluted EPS": 0.4,
        "Total Revenue": NaN,
        "Gross Profit": NaN,
        "Operating Income": 355,
        "EBIT": 598,
        "Net Income": 179
    },
    "2009-09-30": {
        "Diluted EPS": 0.18,
        "Total Revenue": NaN,
        "Gross Profit": NaN,
        "Operating Income": 195,
        "EBIT": 423,
        "Net Income": 81
    },
    "2009-06-30": {
        "Diluted EPS": 0.14,
        "Total Revenue": NaN,
        "Gross Profit": NaN,
        "Operating Income": 263,
        "EBIT": 508,
        "Net Income": 63
    },
    "2009-03-31": {
        "Diluted EPS": 0.7,
        "Total Revenue": NaN,
        "Gross Profit": NaN,
        "Operating Income": 575,
        "EBIT": 798,
        "Net Income": 313
    },
    "2023-06-30": {
        "Tax Effect Of Unusual Items": 14386352.0,
        "Tax Rate For Calcs": 0.233,
        "Normalized EBITDA": 503617000.0,
        "Total Unusual Items": 61744000.0,
        "Total Unusual Items Excluding Goodwill": 61744000.0,
        "Net Income From Continuing Operation Net Minority Interest": 200323000.0,
        "Reconciled Depreciation": 266010000.0,
        "Reconciled Cost Of Revenue": 2790638000.0,
        "EBIT": 299351000.0,
        "Net Interest Income": 22291000.0,
        "Interest Expense": 9434000.0,
        "Interest Income": 31725000.0,
        "Normalized Income": 152965352.0,
        "Net Income From Continuing And Discontinued Operation": 200323000.0,
        "Total Expenses": 3705243000.0,
        "Total Operating Income As Reported": 206334000.0,
        "Diluted Average Shares": 639219000.0,
        "Basic Average Shares": 533008000.0,
        "Diluted EPS": 0.31,
        "Basic EPS": 0.38,
        "Diluted NI Availto Com Stockholders": 200323000.0,
        "Average Dilution Earnings": NaN,
        "Net Income Common Stockholders": 200323000.0,
        "Net Income": 200323000.0,
        "Minority Interests": -22101000.0,
        "Net Income Including Noncontrolling Interests": 222424000.0,
        "Net Income Continuous Operations": 222424000.0,
        "Tax Provision": 67493000.0,
        "Pretax Income": 289917000.0,
        "Other Income Expense": 61292000.0,
        "Other Non Operating Income Expenses": 477000.0,
        "Special Income Charges": 68037000.0,
        "Other Special Charges": -68037000.0,
        "Earnings From Equity Interest": -929000.0,
        "Gain On Sale Of Security": -6293000.0,
        "Net Non Operating Interest Income Expense": 22291000.0,
        "Interest Expense Non Operating": 9434000.0,
        "Interest Income Non Operating": 31725000.0,
        "Operating Income": 206334000.0,
        "Operating Expense": 914605000.0,
        "Depreciation Amortization Depletion Income Statement": 266010000.0,
        "Depreciation And Amortization In Income Statement": 266010000.0,
        "Amortization": 97856000.0,
        "Amortization Of Intangibles Income Statement": 97856000.0,
        "Depreciation Income Statement": 168154000.0,
        "Selling General And Administration": 648595000.0,
        "Gross Profit": 1120939000.0,
        "Cost Of Revenue": 2790638000.0,
        "Total Revenue": 3911577000.0,
        "Operating Revenue": 3911577000.0
    }
}