{
    "2024-03-31": {
        "Tax Effect Of Unusual Items": 0.0,
        "Tax Rate For Calcs": 0.21,
        "Normalized EBITDA": 5689670.0,
        "Net Income From Continuing Operation Net Minority Interest": 539543.0,
        "Reconciled Depreciation": 2289390.0,
        "Reconciled Cost Of Revenue": 559566439.0,
        "EBITDA": 5689670.0,
        "EBIT": 3400280.0,
        "Net Interest Income": -2247737.0,
        "Interest Expense": 2247737.0,
        "Normalized Income": 539543.0,
        "Net Income From Continuing And Discontinued Operation": 539543.0,
        "Total Expenses": 598533643.0,
        "Total Operating Income As Reported": 3343663.0,
        "Diluted Average Shares": 608029.0,
        "Basic Average Shares": 600161.0,
        "Diluted EPS": 0.89,
        "Basic EPS": 0.9,
        "Diluted NI Availto Com Stockholders": 539543.0,
        "Net Income Common Stockholders": 539543.0,
        "Net Income": 539543.0,
        "Net Income Including Noncontrolling Interests": 539543.0,
        "Net Income Continuous Operations": 539543.0,
        "Earnings From Equity Interest Net Of Tax": NaN,
        "Tax Provision": 613000.0,
        "Pretax Income": 1152543.0,
        "Other Income Expense": 56617.0,
        "Other Non Operating Income Expenses": 56617.0,
        "Net Non Operating Interest Income Expense": -2247737.0,
        "Interest Expense Non Operating": 2247737.0,
        "Operating Income": 3343663.0,
        "Operating Expense": 38967204.0,
        "Depreciation Amortization Depletion Income Statement": 2289390.0,
        "Depreciation And Amortization In Income Statement": 2289390.0,
        "Selling General And Administration": 36677814.0,
        "Gross Profit": 42310867.0,
        "Cost Of Revenue": 559566439.0,
        "Total Revenue": 601877306.0,
        "Excise Taxes": NaN,
        "Operating Revenue": 601877306.0
    },
    "2023-12-31": {
        "Tax Effect Of Unusual Items": 0.0,
        "Tax Rate For Calcs": 0.21,
        "Normalized EBITDA": 6405642.0,
        "Net Income From Continuing Operation Net Minority Interest": 1070961.0,
        "Reconciled Depreciation": 2219168.0,
        "Reconciled Cost Of Revenue": 601658151.0,
        "EBITDA": 6405642.0,
        "EBIT": 4186474.0,
        "Net Interest Income": -2311513.0,
        "Interest Expense": 2311513.0,
        "Normalized Income": 1070961.0,
        "Net Income From Continuing And Discontinued Operation": 1070961.0,
        "Total Expenses": 641135996.0,
        "Total Operating Income As Reported": 3823077.0,
        "Diluted Average Shares": 603300.0,
        "Basic Average Shares": 595623.0,
        "Diluted EPS": 1.78,
        "Basic EPS": 1.8,
        "Diluted NI Availto Com Stockholders": 1070961.0,
        "Net Income Common Stockholders": 1070961.0,
        "Net Income": 1070961.0,
        "Net Income Including Noncontrolling Interests": 1070961.0,
        "Net Income Continuous Operations": 1070961.0,
        "Earnings From Equity Interest Net Of Tax": NaN,
        "Tax Provision": 804000.0,
        "Pretax Income": 1874961.0,
        "Other Income Expense": 363397.0,
        "Other Non Operating Income Expenses": 363397.0,
        "Net Non Operating Interest Income Expense": -2311513.0,
        "Interest Expense Non Operating": 2311513.0,
        "Operating Income": 3823077.0,
        "Operating Expense": 39477845.0,
        "Depreciation Amortization Depletion Income Statement": 2219168.0,
        "Depreciation And Amortization In Income Statement": 2219168.0,
        "Selling General And Administration": 37258677.0,
        "Gross Profit": 43300922.0,
        "Cost Of Revenue": 601658151.0,
        "Total Revenue": 644959073.0,
        "Excise Taxes": 138100000.0,
        "Operating Revenue": 783059073.0
    },
    "2023-09-30": {
        "Tax Effect Of Unusual Items": NaN,
        "Tax Rate For Calcs": NaN,
        "Normalized EBITDA": NaN,
        "Net Income From Continuing Operation Net Minority Interest": NaN,
        "Reconciled Depreciation": NaN,
        "Reconciled Cost Of Revenue": NaN,
        "EBITDA": NaN,
        "EBIT": NaN,
        "Net Interest Income": NaN,
        "Interest Expense": NaN,
        "Normalized Income": NaN,
        "Net Income From Continuing And Discontinued Operation": NaN,
        "Total Expenses": NaN,
        "Total Operating Income As Reported": NaN,
        "Diluted Average Shares": NaN,
        "Basic Average Shares": NaN,
        "Diluted EPS": NaN,
        "Basic EPS": NaN,
        "Diluted NI Availto Com Stockholders": NaN,
        "Net Income Common Stockholders": NaN,
        "Net Income": NaN,
        "Net Income Including Noncontrolling Interests": NaN,
        "Net Income Continuous Operations": NaN,
        "Earnings From Equity Interest Net Of Tax": 0.0,
        "Tax Provision": NaN,
        "Pretax Income": NaN,
        "Other Income Expense": NaN,
        "Other Non Operating Income Expenses": NaN,
        "Net Non Operating Interest Income Expense": NaN,
        "Interest Expense Non Operating": NaN,
        "Operating Income": NaN,
        "Operating Expense": NaN,
        "Depreciation Amortization Depletion Income Statement": NaN,
        "Depreciation And Amortization In Income Statement": NaN,
        "Selling General And Administration": NaN,
        "Gross Profit": NaN,
        "Cost Of Revenue": NaN,
        "Total Revenue": NaN,
        "Excise Taxes": NaN,
        "Operating Revenue": NaN
    },
    "2023-06-30": {
        "Tax Effect Of Unusual Items": NaN,
        "Tax Rate For Calcs": NaN,
        "Normalized EBITDA": NaN,
        "Net Income From Continuing Operation Net Minority Interest": NaN,
        "Reconciled Depreciation": NaN,
        "Reconciled Cost Of Revenue": NaN,
        "EBITDA": NaN,
        "EBIT": NaN,
        "Net Interest Income": NaN,
        "Interest Expense": NaN,
        "Normalized Income": NaN,
        "Net Income From Continuing And Discontinued Operation": NaN,
        "Total Expenses": NaN,
        "Total Operating Income As Reported": NaN,
        "Diluted Average Shares": 598590.0,
        "Basic Average Shares": 585625.0,
        "Diluted EPS": 6.59,
        "Basic EPS": 6.74,
        "Diluted NI Availto Com Stockholders": NaN,
        "Net Income Common Stockholders": NaN,
        "Net Income": NaN,
        "Net Income Including Noncontrolling Interests": NaN,
        "Net Income Continuous Operations": NaN,
        "Earnings From Equity Interest Net Of Tax": 0.0,
        "Tax Provision": NaN,
        "Pretax Income": NaN,
        "Other Income Expense": NaN,
        "Other Non Operating Income Expenses": NaN,
        "Net Non Operating Interest Income Expense": NaN,
        "Interest Expense Non Operating": NaN,
        "Operating Income": NaN,
        "Operating Expense": NaN,
        "Depreciation Amortization Depletion Income Statement": NaN,
        "Depreciation And Amortization In Income Statement": NaN,
        "Selling General And Administration": NaN,
        "Gross Profit": NaN,
        "Cost Of Revenue": NaN,
        "Total Revenue": NaN,
        "Excise Taxes": 153700000.0,
        "Operating Revenue": NaN
    },
    "2023-03-31": {
        "Tax Effect Of Unusual Items": NaN,
        "Tax Rate For Calcs": NaN,
        "Normalized EBITDA": NaN,
        "Net Income From Continuing Operation Net Minority Interest": NaN,
        "Reconciled Depreciation": NaN,
        "Reconciled Cost Of Revenue": NaN,
        "EBITDA": NaN,
        "EBIT": NaN,
        "Net Interest Income": NaN,
        "Interest Expense": NaN,
        "Normalized Income": NaN,
        "Net Income From Continuing And Discontinued Operation": NaN,
        "Total Expenses": NaN,
        "Total Operating Income As Reported": NaN,
        "Diluted Average Shares": 592448.0,
        "Basic Average Shares": 585885.0,
        "Diluted EPS": 3.49,
        "Basic EPS": 3.53,
        "Diluted NI Availto Com Stockholders": NaN,
        "Net Income Common Stockholders": NaN,
        "Net Income": NaN,
        "Net Income Including Noncontrolling Interests": NaN,
        "Net Income Continuous Operations": NaN,
        "Earnings From Equity Interest Net Of Tax": 0.0,
        "Tax Provision": NaN,
        "Pretax Income": NaN,
        "Other Income Expense": NaN,
        "Other Non Operating Income Expenses": NaN,
        "Net Non Operating Interest Income Expense": NaN,
        "Interest Expense Non Operating": NaN,
        "Operating Income": NaN,
        "Operating Expense": NaN,
        "Depreciation Amortization Depletion Income Statement": NaN,
        "Depreciation And Amortization In Income Statement": NaN,
        "Selling General And Administration": NaN,
        "Gross Profit": NaN,
        "Cost Of Revenue": NaN,
        "Total Revenue": NaN,
        "Excise Taxes": NaN,
        "Operating Revenue": NaN
    },
    "2022-12-31": {
        "Tax Effect Of Unusual Items": NaN,
        "Tax Rate For Calcs": NaN,
        "Normalized EBITDA": NaN,
        "Net Income From Continuing Operation Net Minority Interest": NaN,
        "Reconciled Depreciation": NaN,
        "Reconciled Cost Of Revenue": NaN,
        "EBITDA": NaN,
        "EBIT": NaN,
        "Net Interest Income": NaN,
        "Interest Expense": NaN,
        "Normalized Income": NaN,
        "Net Income From Continuing And Discontinued Operation": NaN,
        "Total Expenses": NaN,
        "Total Operating Income As Reported": NaN,
        "Diluted Average Shares": NaN,
        "Basic Average Shares": NaN,
        "Diluted EPS": NaN,
        "Basic EPS": NaN,
        "Diluted NI Availto Com Stockholders": NaN,
        "Net Income Common Stockholders": NaN,
        "Net Income": NaN,
        "Net Income Including Noncontrolling Interests": NaN,
        "Net Income Continuous Operations": NaN,
        "Earnings From Equity Interest Net Of Tax": 0.0,
        "Tax Provision": NaN,
        "Pretax Income": NaN,
        "Other Income Expense": NaN,
        "Other Non Operating Income Expenses": NaN,
        "Net Non Operating Interest Income Expense": NaN,
        "Interest Expense Non Operating": NaN,
        "Operating Income": NaN,
        "Operating Expense": NaN,
        "Depreciation Amortization Depletion Income Statement": NaN,
        "Depreciation And Amortization In Income Statement": NaN,
        "Selling General And Administration": NaN,
        "Gross Profit": NaN,
        "Cost Of Revenue": NaN,
        "Total Revenue": NaN,
        "Excise Taxes": NaN,
        "Operating Revenue": NaN
    },
    "2022-09-30": {
        "Tax Effect Of Unusual Items": NaN,
        "Tax Rate For Calcs": NaN,
        "Normalized EBITDA": NaN,
        "Net Income From Continuing Operation Net Minority Interest": NaN,
        "Reconciled Depreciation": NaN,
        "Reconciled Cost Of Revenue": NaN,
        "EBITDA": NaN,
        "EBIT": NaN,
        "Net Interest Income": NaN,
        "Interest Expense": NaN,
        "Normalized Income": NaN,
        "Net Income From Continuing And Discontinued Operation": NaN,
        "Total Expenses": NaN,
        "Total Operating Income As Reported": NaN,
        "Diluted Average Shares": NaN,
        "Basic Average Shares": NaN,
        "Diluted EPS": NaN,
        "Basic EPS": NaN,
        "Diluted NI Availto Com Stockholders": NaN,
        "Net Income Common Stockholders": NaN,
        "Net Income": NaN,
        "Net Income Including Noncontrolling Interests": NaN,
        "Net Income Continuous Operations": NaN,
        "Earnings From Equity Interest Net Of Tax": 0.0,
        "Tax Provision": NaN,
        "Pretax Income": NaN,
        "Other Income Expense": NaN,
        "Other Non Operating Income Expenses": NaN,
        "Net Non Operating Interest Income Expense": NaN,
        "Interest Expense Non Operating": NaN,
        "Operating Income": NaN,
        "Operating Expense": NaN,
        "Depreciation Amortization Depletion Income Statement": NaN,
        "Depreciation And Amortization In Income Statement": NaN,
        "Selling General And Administration": NaN,
        "Gross Profit": NaN,
        "Cost Of Revenue": NaN,
        "Total Revenue": NaN,
        "Excise Taxes": -315032900.0,
        "Operating Revenue": NaN
    },
    "2024-06-30": {
        "Tax Effect Of Unusual Items": 0.0,
        "Tax Rate For Calcs": 0.38052,
        "Normalized EBITDA": 7723357.0,
        "Net Income From Continuing Operation Net Minority Interest": 1489399.0,
        "Reconciled Depreciation": 2415158.0,
        "Reconciled Cost Of Revenue": 669893539.0,
        "EBITDA": 7723357.0,
        "EBIT": 5308199.0,
        "Net Interest Income": -2903925.0,
        "Interest Expense": 2903925.0,
        "Normalized Income": 1489399.0,
        "Net Income From Continuing And Discontinued Operation": 1489399.0,
        "Total Expenses": 712229673.0,
        "Total Operating Income As Reported": 5622620.0,
        "Diluted Average Shares": 606252.0,
        "Basic Average Shares": 600161.0,
        "Diluted EPS": 2.46,
        "Basic EPS": 2.48,
        "Diluted NI Availto Com Stockholders": 1489399.0,
        "Net Income Common Stockholders": 1489399.0,
        "Net Income": 1489399.0,
        "Net Income Including Noncontrolling Interests": 1489399.0,
        "Net Income Continuous Operations": 1489399.0,
        "Earnings From Equity Interest Net Of Tax": NaN,
        "Tax Provision": 914875.0,
        "Pretax Income": 2404274.0,
        "Other Income Expense": -314421.0,
        "Other Non Operating Income Expenses": -314421.0,
        "Net Non Operating Interest Income Expense": -2903925.0,
        "Interest Expense Non Operating": 2903925.0,
        "Operating Income": 5622620.0,
        "Operating Expense": 42336134.0,
        "Depreciation Amortization Depletion Income Statement": 2415158.0,
        "Depreciation And Amortization In Income Statement": 2415158.0,
        "Selling General And Administration": 39920976.0,
        "Gross Profit": 47958754.0,
        "Cost Of Revenue": 669893539.0,
        "Total Revenue": 717852293.0,
        "Excise Taxes": 150200000.0,
        "Operating Revenue": 868052293.0
    },
    "2024-09-30": {
        "Tax Effect Of Unusual Items": 0.0,
        "Tax Rate For Calcs": 0.391058,
        "Normalized EBITDA": 7552226.0,
        "Net Income From Continuing Operation Net Minority Interest": 1236585.0,
        "Reconciled Depreciation": 2571463.0,
        "Reconciled Cost Of Revenue": 697508523.0,
        "EBITDA": 7552226.0,
        "EBIT": 4980763.0,
        "Net Interest Income": -2950053.0,
        "Interest Expense": 2950053.0,
        "Normalized Income": 1236585.0,
        "Net Income From Continuing And Discontinued Operation": 1236585.0,
        "Total Expenses": 741101282.0,
        "Total Operating Income As Reported": 5191153.0,
        "Diluted Average Shares": NaN,
        "Basic Average Shares": NaN,
        "Diluted EPS": NaN,
        "Basic EPS": NaN,
        "Diluted NI Availto Com Stockholders": 1236585.0,
        "Net Income Common Stockholders": 1236585.0,
        "Net Income": 1236585.0,
        "Net Income Including Noncontrolling Interests": 1236585.0,
        "Net Income Continuous Operations": 1236585.0,
        "Earnings From Equity Interest Net Of Tax": NaN,
        "Tax Provision": 794125.0,
        "Pretax Income": 2030710.0,
        "Other Income Expense": -210390.0,
        "Other Non Operating Income Expenses": -210390.0,
        "Net Non Operating Interest Income Expense": -2950053.0,
        "Interest Expense Non Operating": 2950053.0,
        "Operating Income": 5191153.0,
        "Operating Expense": 43592759.0,
        "Depreciation Amortization Depletion Income Statement": 2571463.0,
        "Depreciation And Amortization In Income Statement": 2571463.0,
        "Selling General And Administration": 41021296.0,
        "Gross Profit": 48783912.0,
        "Cost Of Revenue": 697508523.0,
        "Total Revenue": 746292435.0,
        "Excise Taxes": -415130500.0,
        "Operating Revenue": 331161935.0
    },
    "2024-12-31": {
        "Tax Effect Of Unusual Items": 0.0,
        "Tax Rate For Calcs": 0.21,
        "Normalized EBITDA": 6222641.0,
        "Net Income From Continuing Operation Net Minority Interest": 348419.0,
        "Reconciled Depreciation": 2635601.0,
        "Reconciled Cost Of Revenue": 664379704.0,
        "EBITDA": 6222641.0,
        "EBIT": 3587040.0,
        "Net Interest Income": -2846621.0,
        "Interest Expense": 2846621.0,
        "Normalized Income": 348419.0,
        "Net Income From Continuing And Discontinued Operation": 348419.0,
        "Total Expenses": 707602935.0,
        "Total Operating Income As Reported": 3670321.0,
        "Diluted Average Shares": 613573.0,
        "Basic Average Shares": 611322.0,
        "Diluted EPS": 0.57,
        "Basic EPS": 0.57,
        "Diluted NI Availto Com Stockholders": 348419.0,
        "Net Income Common Stockholders": 348419.0,
        "Net Income": 348419.0,
        "Net Income Including Noncontrolling Interests": 348419.0,
        "Net Income Continuous Operations": 348419.0,
        "Earnings From Equity Interest Net Of Tax": NaN,
        "Tax Provision": 392000.0,
        "Pretax Income": 740419.0,
        "Other Income Expense": -83281.0,
        "Other Non Operating Income Expenses": -83281.0,
        "Net Non Operating Interest Income Expense": -2846621.0,
        "Interest Expense Non Operating": 2846621.0,
        "Operating Income": 3670321.0,
        "Operating Expense": 43223231.0,
        "Depreciation Amortization Depletion Income Statement": 2635601.0,
        "Depreciation And Amortization In Income Statement": 2635601.0,
        "Selling General And Administration": 40587630.0,
        "Gross Profit": 46893552.0,
        "Cost Of Revenue": 664379704.0,
        "Total Revenue": 711273256.0,
        "Excise Taxes": 143400000.0,
        "Operating Revenue": 854673256.0
    }
}