{
    "2023-03-31": {
        "Tax Effect Of Unusual Items": NaN,
        "Tax Rate For Calcs": NaN,
        "Normalized EBITDA": NaN,
        "Total Unusual Items": NaN,
        "Total Unusual Items Excluding Goodwill": NaN,
        "Net Income From Continuing Operation Net Minority Interest": NaN,
        "Reconciled Depreciation": NaN,
        "Reconciled Cost Of Revenue": NaN,
        "EBITDA": NaN,
        "EBIT": NaN,
        "Net Interest Income": NaN,
        "Interest Expense": NaN,
        "Normalized Income": NaN,
        "Net Income From Continuing And Discontinued Operation": NaN,
        "Total Expenses": NaN,
        "Total Operating Income As Reported": NaN,
        "Diluted Average Shares": NaN,
        "Basic Average Shares": NaN,
        "Diluted EPS": NaN,
        "Basic EPS": NaN,
        "Diluted NI Availto Com Stockholders": NaN,
        "Net Income Common Stockholders": NaN,
        "Net Income": NaN,
        "Minority Interests": NaN,
        "Net Income Including Noncontrolling Interests": NaN,
        "Net Income Discontinuous Operations": NaN,
        "Net Income Continuous Operations": NaN,
        "Tax Provision": NaN,
        "Pretax Income": NaN,
        "Other Income Expense": NaN,
        "Other Non Operating Income Expenses": NaN,
        "Special Income Charges": NaN,
        "Write Off": NaN,
        "Impairment Of Capital Assets": NaN,
        "Earnings From Equity Interest": NaN,
        "Net Non Operating Interest Income Expense": NaN,
        "Interest Expense Non Operating": NaN,
        "Operating Income": NaN,
        "Operating Expense": NaN,
        "Other Operating Expenses": NaN,
        "Depreciation Amortization Depletion Income Statement": 6600000.0,
        "Depreciation And Amortization In Income Statement": 6600000.0,
        "Selling General And Administration": NaN,
        "General And Administrative Expense": NaN,
        "Other Gand A": NaN,
        "Gross Profit": NaN,
        "Cost Of Revenue": NaN,
        "Total Revenue": NaN,
        "Operating Revenue": NaN
    },
    "2022-12-31": {
        "Tax Effect Of Unusual Items": NaN,
        "Tax Rate For Calcs": NaN,
        "Normalized EBITDA": NaN,
        "Total Unusual Items": NaN,
        "Total Unusual Items Excluding Goodwill": NaN,
        "Net Income From Continuing Operation Net Minority Interest": NaN,
        "Reconciled Depreciation": NaN,
        "Reconciled Cost Of Revenue": NaN,
        "EBITDA": NaN,
        "EBIT": NaN,
        "Net Interest Income": NaN,
        "Interest Expense": NaN,
        "Normalized Income": NaN,
        "Net Income From Continuing And Discontinued Operation": NaN,
        "Total Expenses": NaN,
        "Total Operating Income As Reported": NaN,
        "Diluted Average Shares": NaN,
        "Basic Average Shares": NaN,
        "Diluted EPS": NaN,
        "Basic EPS": NaN,
        "Diluted NI Availto Com Stockholders": NaN,
        "Net Income Common Stockholders": NaN,
        "Net Income": NaN,
        "Minority Interests": NaN,
        "Net Income Including Noncontrolling Interests": NaN,
        "Net Income Continuous Operations": NaN,
        "Tax Provision": NaN,
        "Pretax Income": NaN,
        "Other Income Expense": NaN,
        "Other Non Operating Income Expenses": NaN,
        "Special Income Charges": NaN,
        "Impairment Of Capital Assets": NaN,
        "Earnings From Equity Interest": NaN,
        "Net Non Operating Interest Income Expense": NaN,
        "Interest Expense Non Operating": NaN,
        "Operating Income": NaN,
        "Operating Expense": NaN,
        "Other Operating Expenses": NaN,
        "Depreciation Amortization Depletion Income Statement": 6000000.0,
        "Depreciation And Amortization In Income Statement": 6000000.0,
        "Selling General And Administration": NaN,
        "General And Administrative Expense": NaN,
        "Other Gand A": NaN,
        "Gross Profit": NaN,
        "Cost Of Revenue": NaN,
        "Total Revenue": NaN,
        "Operating Revenue": NaN
    },
    "2022-09-30": {
        "Tax Effect Of Unusual Items": NaN,
        "Tax Rate For Calcs": NaN,
        "Normalized EBITDA": NaN,
        "Net Income From Continuing Operation Net Minority Interest": NaN,
        "Reconciled Depreciation": NaN,
        "Reconciled Cost Of Revenue": NaN,
        "EBITDA": NaN,
        "EBIT": NaN,
        "Net Interest Income": NaN,
        "Interest Expense": NaN,
        "Normalized Income": NaN,
        "Net Income From Continuing And Discontinued Operation": NaN,
        "Total Expenses": NaN,
        "Total Operating Income As Reported": NaN,
        "Diluted Average Shares": NaN,
        "Basic Average Shares": NaN,
        "Diluted EPS": NaN,
        "Basic EPS": NaN,
        "Diluted NI Availto Com Stockholders": NaN,
        "Net Income Common Stockholders": NaN,
        "Net Income": NaN,
        "Minority Interests": NaN,
        "Net Income Including Noncontrolling Interests": NaN,
        "Net Income Continuous Operations": NaN,
        "Tax Provision": NaN,
        "Pretax Income": NaN,
        "Other Income Expense": NaN,
        "Other Non Operating Income Expenses": NaN,
        "Earnings From Equity Interest": NaN,
        "Net Non Operating Interest Income Expense": NaN,
        "Interest Expense Non Operating": NaN,
        "Operating Income": NaN,
        "Operating Expense": NaN,
        "Other Operating Expenses": NaN,
        "Depreciation Amortization Depletion Income Statement": 6400000.0,
        "Depreciation And Amortization In Income Statement": 6400000.0,
        "Selling General And Administration": NaN,
        "General And Administrative Expense": NaN,
        "Other Gand A": NaN,
        "Gross Profit": NaN,
        "Cost Of Revenue": NaN,
        "Total Revenue": NaN,
        "Operating Revenue": NaN
    },
    "2022-06-30": {
        "Tax Effect Of Unusual Items": 0.0,
        "Tax Rate For Calcs": 0.214072,
        "Normalized EBITDA": 517800000.0,
        "Total Unusual Items": 0.0,
        "Total Unusual Items Excluding Goodwill": 0.0,
        "Net Income From Continuing Operation Net Minority Interest": 361800000.0,
        "Reconciled Depreciation": 5200000.0,
        "Reconciled Cost Of Revenue": 5333900000.0,
        "EBITDA": 517800000.0,
        "EBIT": 512600000.0,
        "Net Interest Income": -43600000.0,
        "Interest Expense": 43600000.0,
        "Normalized Income": 361800000.0,
        "Net Income From Continuing And Discontinued Operation": 361800000.0,
        "Total Expenses": 5489300000.0,
        "Total Operating Income As Reported": 493300000.0,
        "Diluted Average Shares": 71679954.0,
        "Basic Average Shares": 70805458.0,
        "Diluted EPS": 5.05,
        "Basic EPS": 5.11,
        "Diluted NI Availto Com Stockholders": 361800000.0,
        "Net Income Common Stockholders": 361800000.0,
        "Net Income": 361800000.0,
        "Minority Interests": -6800000.0,
        "Net Income Including Noncontrolling Interests": 368600000.0,
        "Net Income Continuous Operations": 368600000.0,
        "Tax Provision": 100400000.0,
        "Pretax Income": 469000000.0,
        "Other Income Expense": 19300000.0,
        "Other Non Operating Income Expenses": 3600000.0,
        "Special Income Charges": 0.0,
        "Other Special Charges": NaN,
        "Impairment Of Capital Assets": 0.0,
        "Earnings From Equity Interest": 15700000.0,
        "Net Non Operating Interest Income Expense": -43600000.0,
        "Interest Expense Non Operating": 43600000.0,
        "Operating Income": 493300000.0,
        "Operating Expense": 155400000.0,
        "Other Operating Expenses": 23700000.0,
        "Depreciation Amortization Depletion Income Statement": 5200000.0,
        "Depreciation And Amortization In Income Statement": 5200000.0,
        "Selling General And Administration": 126500000.0,
        "General And Administrative Expense": 126500000.0,
        "Other Gand A": 126500000.0,
        "Gross Profit": 648700000.0,
        "Cost Of Revenue": 5333900000.0,
        "Total Revenue": 5982600000.0,
        "Operating Revenue": 5982600000.0
    },
    "2023-06-30": {
        "Tax Effect Of Unusual Items": NaN,
        "Tax Rate For Calcs": NaN,
        "Normalized EBITDA": NaN,
        "Total Unusual Items": 0.0,
        "Total Unusual Items Excluding Goodwill": 0.0,
        "Net Income From Continuing Operation Net Minority Interest": NaN,
        "Reconciled Depreciation": NaN,
        "Reconciled Cost Of Revenue": NaN,
        "EBITDA": NaN,
        "EBIT": NaN,
        "Net Interest Income": NaN,
        "Interest Expense": NaN,
        "Normalized Income": NaN,
        "Net Income From Continuing And Discontinued Operation": NaN,
        "Total Expenses": NaN,
        "Total Operating Income As Reported": NaN,
        "Diluted Average Shares": NaN,
        "Basic Average Shares": NaN,
        "Diluted EPS": NaN,
        "Basic EPS": NaN,
        "Diluted NI Availto Com Stockholders": NaN,
        "Net Income Common Stockholders": NaN,
        "Net Income": NaN,
        "Minority Interests": NaN,
        "Net Income Including Noncontrolling Interests": NaN,
        "Net Income Discontinuous Operations": NaN,
        "Net Income Continuous Operations": NaN,
        "Tax Provision": NaN,
        "Pretax Income": NaN,
        "Other Income Expense": NaN,
        "Other Non Operating Income Expenses": -500000.0,
        "Special Income Charges": 0.0,
        "Write Off": NaN,
        "Impairment Of Capital Assets": 0.0,
        "Earnings From Equity Interest": NaN,
        "Net Non Operating Interest Income Expense": NaN,
        "Interest Expense Non Operating": NaN,
        "Operating Income": NaN,
        "Operating Expense": NaN,
        "Other Operating Expenses": NaN,
        "Depreciation Amortization Depletion Income Statement": 6800000.0,
        "Depreciation And Amortization In Income Statement": 6800000.0,
        "Selling General And Administration": NaN,
        "General And Administrative Expense": NaN,
        "Other Gand A": NaN,
        "Gross Profit": NaN,
        "Cost Of Revenue": NaN,
        "Total Revenue": NaN,
        "Operating Revenue": NaN
    },
    "2023-09-30": {
        "Tax Effect Of Unusual Items": 0.0,
        "Tax Rate For Calcs": 0.188106,
        "Normalized EBITDA": 319500000.0,
        "Total Unusual Items": 0.0,
        "Total Unusual Items Excluding Goodwill": 0.0,
        "Net Income From Continuing Operation Net Minority Interest": 118200000.0,
        "Reconciled Depreciation": 82400000.0,
        "Reconciled Cost Of Revenue": 4354800000.0,
        "EBITDA": 319500000.0,
        "EBIT": 237100000.0,
        "Net Interest Income": -82400000.0,
        "Interest Expense": 82400000.0,
        "Normalized Income": 118200000.0,
        "Net Income From Continuing And Discontinued Operation": 128700000.0,
        "Total Expenses": 4416700000.0,
        "Total Operating Income As Reported": 212100000.0,
        "Diluted Average Shares": 65464970.0,
        "Basic Average Shares": 64889504.0,
        "Diluted EPS": 1.97,
        "Basic EPS": 1.98,
        "Diluted NI Availto Com Stockholders": 128700000.0,
        "Net Income Common Stockholders": 128700000.0,
        "Net Income": 128700000.0,
        "Minority Interests": -7400000.0,
        "Net Income Including Noncontrolling Interests": 136100000.0,
        "Net Income Discontinuous Operations": 10500000.0,
        "Net Income Continuous Operations": 125600000.0,
        "Tax Provision": 29100000.0,
        "Pretax Income": 154700000.0,
        "Other Income Expense": 25000000.0,
        "Other Non Operating Income Expenses": -2000000.0,
        "Special Income Charges": 0.0,
        "Write Off": 0.0,
        "Impairment Of Capital Assets": NaN,
        "Earnings From Equity Interest": 27000000.0,
        "Net Non Operating Interest Income Expense": -82400000.0,
        "Interest Expense Non Operating": 82400000.0,
        "Operating Income": 212100000.0,
        "Operating Expense": 61900000.0,
        "Other Operating Expenses": -5800000.0,
        "Depreciation Amortization Depletion Income Statement": NaN,
        "Depreciation And Amortization In Income Statement": NaN,
        "Selling General And Administration": 67700000.0,
        "General And Administrative Expense": 67700000.0,
        "Other Gand A": 67700000.0,
        "Gross Profit": 274000000.0,
        "Cost Of Revenue": 4354800000.0,
        "Total Revenue": 4628800000.0,
        "Operating Revenue": 4628800000.0
    },
    "2023-12-31": {
        "Tax Effect Of Unusual Items": 0.0,
        "Tax Rate For Calcs": 0.193451,
        "Normalized EBITDA": -32000000.0,
        "Total Unusual Items": NaN,
        "Total Unusual Items Excluding Goodwill": NaN,
        "Net Income From Continuing Operation Net Minority Interest": -164900000.0,
        "Reconciled Depreciation": 87500000.0,
        "Reconciled Cost Of Revenue": 4064600000.0,
        "EBITDA": -32000000.0,
        "EBIT": -119500000.0,
        "Net Interest Income": -79000000.0,
        "Interest Expense": 79000000.0,
        "Normalized Income": -164900000.0,
        "Net Income From Continuing And Discontinued Operation": -164900000.0,
        "Total Expenses": 4169200000.0,
        "Total Operating Income As Reported": -137700000.0,
        "Diluted Average Shares": 64046868.0,
        "Basic Average Shares": 64046868.0,
        "Diluted EPS": -2.57,
        "Basic EPS": -2.57,
        "Diluted NI Availto Com Stockholders": -164900000.0,
        "Net Income Common Stockholders": -164900000.0,
        "Net Income": -164900000.0,
        "Minority Interests": -4800000.0,
        "Net Income Including Noncontrolling Interests": -160100000.0,
        "Net Income Discontinuous Operations": NaN,
        "Net Income Continuous Operations": -160100000.0,
        "Tax Provision": -38400000.0,
        "Pretax Income": -198500000.0,
        "Other Income Expense": 600000.0,
        "Other Non Operating Income Expenses": -900000.0,
        "Special Income Charges": NaN,
        "Write Off": NaN,
        "Impairment Of Capital Assets": NaN,
        "Earnings From Equity Interest": 19100000.0,
        "Net Non Operating Interest Income Expense": -79000000.0,
        "Interest Expense Non Operating": 79000000.0,
        "Operating Income": -120100000.0,
        "Operating Expense": 104600000.0,
        "Other Operating Expenses": 37500000.0,
        "Depreciation Amortization Depletion Income Statement": NaN,
        "Depreciation And Amortization In Income Statement": NaN,
        "Selling General And Administration": 67100000.0,
        "General And Administrative Expense": 67100000.0,
        "Other Gand A": 67100000.0,
        "Gross Profit": -15500000.0,
        "Cost Of Revenue": 4064600000.0,
        "Total Revenue": 4049100000.0,
        "Operating Revenue": 4049100000.0
    },
    "2024-03-31": {
        "Tax Effect Of Unusual Items": 0.0,
        "Tax Rate For Calcs": 0.222,
        "Normalized EBITDA": 150500000.0,
        "Total Unusual Items": NaN,
        "Total Unusual Items Excluding Goodwill": NaN,
        "Net Income From Continuing Operation Net Minority Interest": -32600000.0,
        "Reconciled Depreciation": 95200000.0,
        "Reconciled Cost Of Revenue": 3106300000.0,
        "EBITDA": 150500000.0,
        "EBIT": 55300000.0,
        "Net Interest Income": -87700000.0,
        "Interest Expense": 87700000.0,
        "Normalized Income": -32600000.0,
        "Net Income From Continuing And Discontinued Operation": -32600000.0,
        "Total Expenses": 3194900000.0,
        "Total Operating Income As Reported": 32700000.0,
        "Diluted Average Shares": 64021988.0,
        "Basic Average Shares": 64021988.0,
        "Diluted EPS": -0.51,
        "Basic EPS": -0.51,
        "Diluted NI Availto Com Stockholders": -32600000.0,
        "Net Income Common Stockholders": -32600000.0,
        "Net Income": -32600000.0,
        "Minority Interests": -7400000.0,
        "Net Income Including Noncontrolling Interests": -25200000.0,
        "Net Income Discontinuous Operations": NaN,
        "Net Income Continuous Operations": -25200000.0,
        "Tax Provision": -7200000.0,
        "Pretax Income": -32400000.0,
        "Other Income Expense": 22600000.0,
        "Other Non Operating Income Expenses": 700000.0,
        "Special Income Charges": NaN,
        "Write Off": NaN,
        "Impairment Of Capital Assets": NaN,
        "Earnings From Equity Interest": 21900000.0,
        "Net Non Operating Interest Income Expense": -87700000.0,
        "Interest Expense Non Operating": 87700000.0,
        "Operating Income": 32700000.0,
        "Operating Expense": 88600000.0,
        "Other Operating Expenses": 24200000.0,
        "Depreciation Amortization Depletion Income Statement": 8800000.0,
        "Depreciation And Amortization In Income Statement": 8800000.0,
        "Selling General And Administration": 64400000.0,
        "General And Administrative Expense": 64400000.0,
        "Other Gand A": 64400000.0,
        "Gross Profit": 121300000.0,
        "Cost Of Revenue": 3106300000.0,
        "Total Revenue": 3227600000.0,
        "Operating Revenue": 3227600000.0
    },
    "2024-06-30": {
        "Tax Effect Of Unusual Items": -5038800.0,
        "Tax Rate For Calcs": 0.228,
        "Normalized EBITDA": 158100000.0,
        "Total Unusual Items": -22100000.0,
        "Total Unusual Items Excluding Goodwill": -22100000.0,
        "Net Income From Continuing Operation Net Minority Interest": -37200000.0,
        "Reconciled Depreciation": 92100000.0,
        "Reconciled Cost Of Revenue": 3376600000.0,
        "EBITDA": 136000000.0,
        "EBIT": 43900000.0,
        "Net Interest Income": -77700000.0,
        "Interest Expense": 77700000.0,
        "Normalized Income": -20138800.0,
        "Net Income From Continuing And Discontinued Operation": -37200000.0,
        "Total Expenses": 3386100000.0,
        "Total Operating Income As Reported": 13500000.0,
        "Diluted Average Shares": 64213899.0,
        "Basic Average Shares": 64213899.0,
        "Diluted EPS": -0.58,
        "Basic EPS": -0.58,
        "Diluted NI Availto Com Stockholders": -37200000.0,
        "Net Income Common Stockholders": -37200000.0,
        "Net Income": -37200000.0,
        "Minority Interests": -11100000.0,
        "Net Income Including Noncontrolling Interests": -26100000.0,
        "Net Income Discontinuous Operations": NaN,
        "Net Income Continuous Operations": -26100000.0,
        "Tax Provision": -7700000.0,
        "Pretax Income": -33800000.0,
        "Other Income Expense": 8300000.0,
        "Other Non Operating Income Expenses": NaN,
        "Special Income Charges": -22100000.0,
        "Write Off": NaN,
        "Impairment Of Capital Assets": 22100000.0,
        "Earnings From Equity Interest": 30400000.0,
        "Net Non Operating Interest Income Expense": -77700000.0,
        "Interest Expense Non Operating": 77700000.0,
        "Operating Income": 35600000.0,
        "Operating Expense": 9500000.0,
        "Other Operating Expenses": -53600000.0,
        "Depreciation Amortization Depletion Income Statement": NaN,
        "Depreciation And Amortization In Income Statement": NaN,
        "Selling General And Administration": 63100000.0,
        "General And Administrative Expense": 63100000.0,
        "Other Gand A": 63100000.0,
        "Gross Profit": 45100000.0,
        "Cost Of Revenue": 3376600000.0,
        "Total Revenue": 3421700000.0,
        "Operating Revenue": 3421700000.0
    },
    "2024-09-30": {
        "Tax Effect Of Unusual Items": -2117418.617933,
        "Tax Rate For Calcs": 0.230154,
        "Normalized EBITDA": 3800000.0,
        "Total Unusual Items": -9200000.0,
        "Total Unusual Items Excluding Goodwill": -9200000.0,
        "Net Income From Continuing Operation Net Minority Interest": -144100000.0,
        "Reconciled Depreciation": 90900000.0,
        "Reconciled Cost Of Revenue": 3068200000.0,
        "EBITDA": -5400000.0,
        "EBIT": -96300000.0,
        "Net Interest Income": -78800000.0,
        "Interest Expense": 78800000.0,
        "Normalized Income": -137017418.617933,
        "Net Income From Continuing And Discontinued Operation": -76800000.0,
        "Total Expenses": 3155100000.0,
        "Total Operating Income As Reported": -121900000.0,
        "Diluted Average Shares": 64063609.0,
        "Basic Average Shares": 64063609.0,
        "Diluted EPS": -1.2,
        "Basic EPS": -1.2,
        "Diluted NI Availto Com Stockholders": -76800000.0,
        "Net Income Common Stockholders": -76800000.0,
        "Net Income": -76800000.0,
        "Minority Interests": -9300000.0,
        "Net Income Including Noncontrolling Interests": -67500000.0,
        "Net Income Discontinuous Operations": 67300000.0,
        "Net Income Continuous Operations": -134800000.0,
        "Tax Provision": -40300000.0,
        "Pretax Income": -175100000.0,
        "Other Income Expense": 16400000.0,
        "Other Non Operating Income Expenses": 500000.0,
        "Special Income Charges": -9200000.0,
        "Write Off": 9200000.0,
        "Impairment Of Capital Assets": NaN,
        "Earnings From Equity Interest": 25100000.0,
        "Net Non Operating Interest Income Expense": -78800000.0,
        "Interest Expense Non Operating": 78800000.0,
        "Operating Income": -112700000.0,
        "Operating Expense": 86900000.0,
        "Other Operating Expenses": 16500000.0,
        "Depreciation Amortization Depletion Income Statement": NaN,
        "Depreciation And Amortization In Income Statement": NaN,
        "Selling General And Administration": 70400000.0,
        "General And Administrative Expense": 70400000.0,
        "Other Gand A": 70400000.0,
        "Gross Profit": -25800000.0,
        "Cost Of Revenue": 3068200000.0,
        "Total Revenue": 3042400000.0,
        "Operating Revenue": 3042400000.0
    }
}