{
    "2023-03-31": {
        "Tax Effect Of Unusual Items": NaN,
        "Tax Rate For Calcs": NaN,
        "Normalized EBITDA": NaN,
        "Total Unusual Items": NaN,
        "Total Unusual Items Excluding Goodwill": NaN,
        "Net Income From Continuing Operation Net Minority Interest": NaN,
        "Reconciled Depreciation": NaN,
        "Reconciled Cost Of Revenue": NaN,
        "EBITDA": NaN,
        "EBIT": NaN,
        "Net Interest Income": NaN,
        "Interest Expense": NaN,
        "Interest Income": NaN,
        "Normalized Income": NaN,
        "Net Income From Continuing And Discontinued Operation": NaN,
        "Total Expenses": NaN,
        "Total Operating Income As Reported": NaN,
        "Diluted Average Shares": NaN,
        "Basic Average Shares": NaN,
        "Diluted EPS": NaN,
        "Basic EPS": NaN,
        "Diluted NI Availto Com Stockholders": NaN,
        "Average Dilution Earnings": NaN,
        "Net Income Common Stockholders": NaN,
        "Otherunder Preferred Stock Dividend": NaN,
        "Net Income": NaN,
        "Net Income Including Noncontrolling Interests": NaN,
        "Net Income Continuous Operations": NaN,
        "Earnings From Equity Interest Net Of Tax": NaN,
        "Tax Provision": NaN,
        "Pretax Income": NaN,
        "Other Income Expense": NaN,
        "Other Non Operating Income Expenses": -10444.0,
        "Special Income Charges": NaN,
        "Write Off": NaN,
        "Impairment Of Capital Assets": NaN,
        "Restructuring And Mergern Acquisition": NaN,
        "Gain On Sale Of Security": NaN,
        "Net Non Operating Interest Income Expense": NaN,
        "Interest Expense Non Operating": NaN,
        "Interest Income Non Operating": NaN,
        "Operating Income": NaN,
        "Operating Expense": NaN,
        "Depreciation Amortization Depletion Income Statement": NaN,
        "Depreciation And Amortization In Income Statement": NaN,
        "Selling General And Administration": NaN,
        "General And Administrative Expense": NaN,
        "Other Gand A": NaN,
        "Salaries And Wages": NaN,
        "Gross Profit": NaN,
        "Cost Of Revenue": NaN,
        "Total Revenue": NaN,
        "Operating Revenue": NaN
    },
    "2022-12-31": {
        "Tax Effect Of Unusual Items": NaN,
        "Tax Rate For Calcs": NaN,
        "Normalized EBITDA": NaN,
        "Total Unusual Items": NaN,
        "Total Unusual Items Excluding Goodwill": NaN,
        "Net Income From Continuing Operation Net Minority Interest": NaN,
        "Reconciled Depreciation": NaN,
        "Reconciled Cost Of Revenue": NaN,
        "EBITDA": NaN,
        "EBIT": NaN,
        "Net Interest Income": NaN,
        "Interest Expense": NaN,
        "Interest Income": NaN,
        "Normalized Income": NaN,
        "Net Income From Continuing And Discontinued Operation": NaN,
        "Total Expenses": NaN,
        "Total Operating Income As Reported": NaN,
        "Diluted Average Shares": NaN,
        "Basic Average Shares": NaN,
        "Diluted EPS": NaN,
        "Basic EPS": NaN,
        "Diluted NI Availto Com Stockholders": NaN,
        "Average Dilution Earnings": -82194.0,
        "Net Income Common Stockholders": NaN,
        "Otherunder Preferred Stock Dividend": NaN,
        "Net Income": NaN,
        "Net Income Including Noncontrolling Interests": NaN,
        "Net Income Continuous Operations": NaN,
        "Earnings From Equity Interest Net Of Tax": NaN,
        "Tax Provision": NaN,
        "Pretax Income": NaN,
        "Other Income Expense": NaN,
        "Other Non Operating Income Expenses": 77057.0,
        "Special Income Charges": NaN,
        "Impairment Of Capital Assets": NaN,
        "Restructuring And Mergern Acquisition": NaN,
        "Gain On Sale Of Security": 15000.0,
        "Net Non Operating Interest Income Expense": NaN,
        "Interest Expense Non Operating": NaN,
        "Interest Income Non Operating": NaN,
        "Operating Income": NaN,
        "Operating Expense": NaN,
        "Depreciation Amortization Depletion Income Statement": NaN,
        "Depreciation And Amortization In Income Statement": NaN,
        "Selling General And Administration": NaN,
        "General And Administrative Expense": NaN,
        "Other Gand A": NaN,
        "Salaries And Wages": NaN,
        "Gross Profit": NaN,
        "Cost Of Revenue": NaN,
        "Total Revenue": NaN,
        "Operating Revenue": NaN
    },
    "2022-09-30": {
        "Tax Effect Of Unusual Items": NaN,
        "Tax Rate For Calcs": NaN,
        "Normalized EBITDA": NaN,
        "Total Unusual Items": NaN,
        "Total Unusual Items Excluding Goodwill": NaN,
        "Net Income From Continuing Operation Net Minority Interest": NaN,
        "Reconciled Depreciation": NaN,
        "Reconciled Cost Of Revenue": NaN,
        "EBITDA": NaN,
        "EBIT": NaN,
        "Net Interest Income": NaN,
        "Interest Expense": NaN,
        "Interest Income": 91722.0,
        "Normalized Income": NaN,
        "Net Income From Continuing And Discontinued Operation": NaN,
        "Total Expenses": NaN,
        "Total Operating Income As Reported": NaN,
        "Diluted Average Shares": 9793715.0,
        "Basic Average Shares": 9664681.0,
        "Diluted EPS": -0.14,
        "Basic EPS": -0.14,
        "Diluted NI Availto Com Stockholders": NaN,
        "Average Dilution Earnings": -45779.0,
        "Net Income Common Stockholders": NaN,
        "Otherunder Preferred Stock Dividend": 0.0,
        "Net Income": NaN,
        "Net Income Including Noncontrolling Interests": NaN,
        "Net Income Continuous Operations": NaN,
        "Earnings From Equity Interest Net Of Tax": NaN,
        "Tax Provision": NaN,
        "Pretax Income": NaN,
        "Other Income Expense": NaN,
        "Other Non Operating Income Expenses": 45642.0,
        "Special Income Charges": NaN,
        "Gain On Sale Of Ppe": 0.0,
        "Impairment Of Capital Assets": 0.0,
        "Restructuring And Mergern Acquisition": NaN,
        "Gain On Sale Of Security": 10000.0,
        "Net Non Operating Interest Income Expense": NaN,
        "Interest Expense Non Operating": NaN,
        "Interest Income Non Operating": 91722.0,
        "Operating Income": NaN,
        "Operating Expense": NaN,
        "Depreciation Amortization Depletion Income Statement": NaN,
        "Depreciation And Amortization In Income Statement": NaN,
        "Selling General And Administration": NaN,
        "General And Administrative Expense": NaN,
        "Other Gand A": NaN,
        "Salaries And Wages": NaN,
        "Gross Profit": NaN,
        "Cost Of Revenue": NaN,
        "Total Revenue": NaN,
        "Operating Revenue": NaN
    },
    "2022-06-30": {
        "Tax Effect Of Unusual Items": 10678.082635,
        "Tax Rate For Calcs": 0.011241,
        "Normalized EBITDA": 243627.0,
        "Total Unusual Items": 949900.0,
        "Total Unusual Items Excluding Goodwill": 949900.0,
        "Net Income From Continuing Operation Net Minority Interest": 612008.0,
        "Reconciled Depreciation": 425547.0,
        "Reconciled Cost Of Revenue": 929389.0,
        "EBITDA": 1193527.0,
        "EBIT": 767980.0,
        "Net Interest Income": -125348.0,
        "Interest Expense": 125348.0,
        "Interest Income": NaN,
        "Normalized Income": -327213.917365,
        "Net Income From Continuing And Discontinued Operation": 612008.0,
        "Total Expenses": 10472546.0,
        "Total Operating Income As Reported": -488958.0,
        "Diluted Average Shares": 9626143.0,
        "Basic Average Shares": 9498266.0,
        "Diluted EPS": -0.01,
        "Basic EPS": 0.02,
        "Diluted NI Availto Com Stockholders": 377849.0,
        "Average Dilution Earnings": -221669.0,
        "Net Income Common Stockholders": 599518.0,
        "Otherunder Preferred Stock Dividend": 12490.0,
        "Net Income": 612008.0,
        "Net Income Including Noncontrolling Interests": 612008.0,
        "Net Income Continuous Operations": 612008.0,
        "Earnings From Equity Interest Net Of Tax": -23400.0,
        "Tax Provision": 7224.0,
        "Pretax Income": 642632.0,
        "Other Income Expense": 949900.0,
        "Other Non Operating Income Expenses": NaN,
        "Special Income Charges": 670878.0,
        "Gain On Sale Of Ppe": 0.0,
        "Impairment Of Capital Assets": NaN,
        "Restructuring And Mergern Acquisition": -670878.0,
        "Gain On Sale Of Security": 279022.0,
        "Net Non Operating Interest Income Expense": -125348.0,
        "Interest Expense Non Operating": 125348.0,
        "Interest Income Non Operating": NaN,
        "Operating Income": -181920.0,
        "Operating Expense": 9533157.0,
        "Depreciation Amortization Depletion Income Statement": 415547.0,
        "Depreciation And Amortization In Income Statement": 415547.0,
        "Selling General And Administration": 9117610.0,
        "General And Administrative Expense": 9117610.0,
        "Other Gand A": 2133806.0,
        "Salaries And Wages": 6983804.0,
        "Gross Profit": 9351237.0,
        "Cost Of Revenue": 939389.0,
        "Total Revenue": 10290626.0,
        "Operating Revenue": 10290626.0
    },
    "2022-03-31": {
        "Diluted EPS": -0.23,
        "Total Revenue": 9,
        "Gross Profit": 8,
        "Operating Income": -2,
        "EBIT": -1,
        "Net Income": -2
    },
    "2021-12-31": {
        "Diluted EPS": -0.27,
        "Total Revenue": 11,
        "Gross Profit": 9,
        "Operating Income": -3,
        "EBIT": -2,
        "Net Income": -3
    },
    "2021-09-30": {
        "Diluted EPS": 0.02,
        "Total Revenue": 9,
        "Gross Profit": 8,
        "Operating Income": -1,
        "EBIT": -1,
        "Net Income": 0
    },
    "2021-06-30": {
        "Diluted EPS": 0.13,
        "Total Revenue": 9,
        "Gross Profit": 8,
        "Operating Income": 0,
        "EBIT": 1,
        "Net Income": 1
    },
    "2021-03-31": {
        "Diluted EPS": -0.73,
        "Total Revenue": 7,
        "Gross Profit": 6,
        "Operating Income": -2,
        "EBIT": -1,
        "Net Income": -5
    },
    "2020-12-31": {
        "Diluted EPS": 0.03,
        "Total Revenue": 7,
        "Gross Profit": 6,
        "Operating Income": -1,
        "EBIT": 0,
        "Net Income": -1
    },
    "2020-09-30": {
        "Diluted EPS": -0.04,
        "Total Revenue": 6,
        "Gross Profit": 5,
        "Operating Income": 0,
        "EBIT": 0,
        "Net Income": 0
    },
    "2020-06-30": {
        "Diluted EPS": -0.62,
        "Total Revenue": 5,
        "Gross Profit": 5,
        "Operating Income": 0,
        "EBIT": 0,
        "Net Income": -3
    },
    "2020-03-31": {
        "Diluted EPS": 0.05,
        "Total Revenue": 7,
        "Gross Profit": 6,
        "Operating Income": -1,
        "EBIT": 0,
        "Net Income": 2
    },
    "2019-12-31": {
        "Diluted EPS": -0.3,
        "Total Revenue": 6,
        "Gross Profit": 5,
        "Operating Income": -1,
        "EBIT": 1,
        "Net Income": -2
    },
    "2019-09-30": {
        "Diluted EPS": -0.25,
        "Total Revenue": 6,
        "Gross Profit": 4,
        "Operating Income": -1,
        "EBIT": 0,
        "Net Income": 0
    },
    "2019-06-30": {
        "Diluted EPS": -0.25,
        "Total Revenue": 6,
        "Gross Profit": 5,
        "Operating Income": -1,
        "EBIT": -1,
        "Net Income": -1
    },
    "2019-03-31": {
        "Diluted EPS": -0.4,
        "Total Revenue": 6,
        "Gross Profit": 5,
        "Operating Income": -1,
        "EBIT": 0,
        "Net Income": 0
    },
    "2018-12-31": {
        "Diluted EPS": -1.5,
        "Total Revenue": 6,
        "Gross Profit": 5,
        "Operating Income": -4,
        "EBIT": -1,
        "Net Income": -4
    },
    "2018-09-30": {
        "Diluted EPS": 0.05,
        "Total Revenue": 6,
        "Gross Profit": 5,
        "Operating Income": -1,
        "EBIT": 0,
        "Net Income": 0
    },
    "2018-06-30": {
        "Diluted EPS": -0.05,
        "Total Revenue": 5,
        "Gross Profit": 5,
        "Operating Income": 0,
        "EBIT": 0,
        "Net Income": 0
    },
    "2018-03-31": {
        "Diluted EPS": 0.35,
        "Total Revenue": 6,
        "Gross Profit": 5,
        "Operating Income": 0,
        "EBIT": 0,
        "Net Income": 1
    },
    "2017-12-31": {
        "Diluted EPS": -2.85,
        "Total Revenue": 7,
        "Gross Profit": 6,
        "Operating Income": -1,
        "EBIT": 1,
        "Net Income": -3
    },
    "2017-09-30": {
        "Diluted EPS": 2.2,
        "Total Revenue": 7,
        "Gross Profit": 6,
        "Operating Income": 1,
        "EBIT": 2,
        "Net Income": 6
    },
    "2017-06-30": {
        "Diluted EPS": -0.85,
        "Total Revenue": 8,
        "Gross Profit": 5,
        "Operating Income": 0,
        "EBIT": 2,
        "Net Income": -2
    },
    "2017-03-31": {
        "Diluted EPS": 0.5,
        "Total Revenue": 1,
        "Gross Profit": 0,
        "Operating Income": -1,
        "EBIT": 0,
        "Net Income": 5
    },
    "2016-12-31": {
        "Diluted EPS": -1.4,
        "Total Revenue": 8,
        "Gross Profit": -1,
        "Operating Income": -5,
        "EBIT": 4,
        "Net Income": -14
    },
    "2016-09-30": {
        "Diluted EPS": -10.8,
        "Total Revenue": 1,
        "Gross Profit": 0,
        "Operating Income": -11,
        "EBIT": -10,
        "Net Income": -12
    },
    "2016-06-30": {
        "Diluted EPS": -17.6,
        "Total Revenue": 0,
        "Gross Profit": 0,
        "Operating Income": -1,
        "EBIT": -1,
        "Net Income": -8
    },
    "2016-03-31": {
        "Diluted EPS": -18.5,
        "Total Revenue": 0,
        "Gross Profit": 0,
        "Operating Income": -1,
        "EBIT": -1,
        "Net Income": -9
    },
    "2015-12-31": {
        "Diluted EPS": -7.3,
        "Total Revenue": 1,
        "Gross Profit": 0,
        "Operating Income": -2,
        "EBIT": -1,
        "Net Income": -3
    },
    "2015-09-30": {
        "Diluted EPS": -3.5,
        "Total Revenue": 2,
        "Gross Profit": 1,
        "Operating Income": -1,
        "EBIT": 1,
        "Net Income": -1
    },
    "2015-06-30": {
        "Diluted EPS": -5.2,
        "Total Revenue": 0,
        "Gross Profit": 0,
        "Operating Income": -1,
        "EBIT": -1,
        "Net Income": -2
    },
    "2015-03-31": {
        "Diluted EPS": -5.6,
        "Total Revenue": 0,
        "Gross Profit": 0,
        "Operating Income": -2,
        "EBIT": -2,
        "Net Income": -2
    },
    "2014-12-31": {
        "Diluted EPS": 2.0,
        "Total Revenue": 1,
        "Gross Profit": 0,
        "Operating Income": 0,
        "EBIT": 0,
        "Net Income": 0
    },
    "2014-09-30": {
        "Diluted EPS": -2.0,
        "Total Revenue": 1,
        "Gross Profit": 0,
        "Operating Income": 0,
        "EBIT": 0,
        "Net Income": -1
    },
    "2014-06-30": {
        "Diluted EPS": -2.0,
        "Total Revenue": 1,
        "Gross Profit": 1,
        "Operating Income": 0,
        "EBIT": 0,
        "Net Income": 0
    },
    "2014-03-31": {
        "Diluted EPS": -2.0,
        "Total Revenue": 1,
        "Gross Profit": 1,
        "Operating Income": 0,
        "EBIT": 0,
        "Net Income": 0
    },
    "2013-12-31": {
        "Diluted EPS": 0.0,
        "Total Revenue": 1,
        "Gross Profit": 0,
        "Operating Income": 0,
        "EBIT": 0,
        "Net Income": 0
    },
    "2013-09-30": {
        "Diluted EPS": -2.0,
        "Total Revenue": 1,
        "Gross Profit": 0,
        "Operating Income": 0,
        "EBIT": 0,
        "Net Income": 0
    },
    "2013-06-30": {
        "Diluted EPS": -2.0,
        "Total Revenue": 1,
        "Gross Profit": 0,
        "Operating Income": -1,
        "EBIT": -1,
        "Net Income": -1
    },
    "2013-03-31": {
        "Diluted EPS": -2.0,
        "Total Revenue": 1,
        "Gross Profit": 0,
        "Operating Income": -1,
        "EBIT": 0,
        "Net Income": -1
    },
    "2012-12-31": {
        "Diluted EPS": 0.0,
        "Total Revenue": 1,
        "Gross Profit": 0,
        "Operating Income": -1,
        "EBIT": 0,
        "Net Income": -1
    },
    "2012-09-30": {
        "Diluted EPS": -4.0,
        "Total Revenue": 2,
        "Gross Profit": 1,
        "Operating Income": -1,
        "EBIT": 1,
        "Net Income": -1
    },
    "2012-06-30": {
        "Diluted EPS": -2.0,
        "Total Revenue": 1,
        "Gross Profit": 0,
        "Operating Income": -1,
        "EBIT": 0,
        "Net Income": 0
    },
    "2012-03-31": {
        "Diluted EPS": -2.0,
        "Total Revenue": NaN,
        "Gross Profit": NaN,
        "Operating Income": -1,
        "EBIT": -1,
        "Net Income": -1
    },
    "2011-12-31": {
        "Diluted EPS": 0.0,
        "Total Revenue": NaN,
        "Gross Profit": NaN,
        "Operating Income": -1,
        "EBIT": -1,
        "Net Income": 0
    },
    "2011-09-30": {
        "Diluted EPS": -2.0,
        "Total Revenue": NaN,
        "Gross Profit": NaN,
        "Operating Income": 0,
        "EBIT": 0,
        "Net Income": 0
    },
    "2011-06-30": {
        "Diluted EPS": 0.0,
        "Total Revenue": 0,
        "Gross Profit": 0,
        "Operating Income": 0,
        "EBIT": 0,
        "Net Income": 0
    },
    "2011-03-31": {
        "Diluted EPS": 0.0,
        "Total Revenue": 0,
        "Gross Profit": 0,
        "Operating Income": 0,
        "EBIT": 0,
        "Net Income": 0
    },
    "2010-12-31": {
        "Diluted EPS": -2.0,
        "Total Revenue": NaN,
        "Gross Profit": NaN,
        "Operating Income": -3,
        "EBIT": -3,
        "Net Income": -2
    },
    "2010-09-30": {
        "Diluted EPS": -2.0,
        "Total Revenue": 0,
        "Gross Profit": 0,
        "Operating Income": 0,
        "EBIT": 0,
        "Net Income": 0
    },
    "2010-06-30": {
        "Diluted EPS": -2.0,
        "Total Revenue": 0,
        "Gross Profit": 0,
        "Operating Income": -1,
        "EBIT": -1,
        "Net Income": -1
    },
    "2010-03-31": {
        "Diluted EPS": -6.0,
        "Total Revenue": NaN,
        "Gross Profit": NaN,
        "Operating Income": -1,
        "EBIT": -1,
        "Net Income": -2
    },
    "2009-12-31": {
        "Diluted EPS": -2.0,
        "Total Revenue": NaN,
        "Gross Profit": NaN,
        "Operating Income": -1,
        "EBIT": -1,
        "Net Income": -1
    },
    "2009-09-30": {
        "Diluted EPS": -8.0,
        "Total Revenue": NaN,
        "Gross Profit": NaN,
        "Operating Income": -2,
        "EBIT": -2,
        "Net Income": -2
    },
    "2009-06-30": {
        "Diluted EPS": -2.0,
        "Total Revenue": NaN,
        "Gross Profit": NaN,
        "Operating Income": -1,
        "EBIT": -1,
        "Net Income": -1
    },
    "2009-03-31": {
        "Diluted EPS": -6.0,
        "Total Revenue": NaN,
        "Gross Profit": NaN,
        "Operating Income": -1,
        "EBIT": -1,
        "Net Income": -1
    },
    "2023-06-30": {
        "Tax Effect Of Unusual Items": -1371329.61,
        "Tax Rate For Calcs": 0.21,
        "Normalized EBITDA": -264555.0,
        "Total Unusual Items": -6530141.0,
        "Total Unusual Items Excluding Goodwill": -6530141.0,
        "Net Income From Continuing Operation Net Minority Interest": -7959244.0,
        "Reconciled Depreciation": 543939.0,
        "Reconciled Cost Of Revenue": 217245.0,
        "EBITDA": -6794696.0,
        "EBIT": -7338635.0,
        "Net Interest Income": -349533.0,
        "Interest Expense": 452637.0,
        "Interest Income": 103104.0,
        "Normalized Income": -2800432.61,
        "Net Income From Continuing And Discontinued Operation": -7959244.0,
        "Total Expenses": 11940533.0,
        "Total Operating Income As Reported": -7450739.0,
        "Diluted Average Shares": 6606155.0,
        "Basic Average Shares": 6606155.0,
        "Diluted EPS": -1.2,
        "Basic EPS": -1.2,
        "Diluted NI Availto Com Stockholders": -7959244.0,
        "Average Dilution Earnings": 0.0,
        "Net Income Common Stockholders": -7959244.0,
        "Otherunder Preferred Stock Dividend": 0.0,
        "Net Income": -7959244.0,
        "Net Income Including Noncontrolling Interests": -7959244.0,
        "Net Income Continuous Operations": -7959244.0,
        "Earnings From Equity Interest Net Of Tax": -134886.0,
        "Tax Provision": 33086.0,
        "Pretax Income": -7791272.0,
        "Other Income Expense": -6526141.0,
        "Other Non Operating Income Expenses": 4000.0,
        "Special Income Charges": -6535141.0,
        "Write Off": NaN,
        "Impairment Of Capital Assets": 6517400.0,
        "Restructuring And Mergern Acquisition": 17741.0,
        "Gain On Sale Of Security": 5000.0,
        "Net Non Operating Interest Income Expense": -349533.0,
        "Interest Expense Non Operating": 452637.0,
        "Interest Income Non Operating": 103104.0,
        "Operating Income": -915598.0,
        "Operating Expense": 11723288.0,
        "Depreciation Amortization Depletion Income Statement": 543939.0,
        "Depreciation And Amortization In Income Statement": 543939.0,
        "Selling General And Administration": 11179349.0,
        "General And Administrative Expense": 11179349.0,
        "Other Gand A": 2501856.0,
        "Salaries And Wages": 8677493.0,
        "Gross Profit": 10807690.0,
        "Cost Of Revenue": 217245.0,
        "Total Revenue": 11024935.0,
        "Operating Revenue": 11024935.0
    },
    "2023-09-30": {
        "Tax Effect Of Unusual Items": -72677.43,
        "Tax Rate For Calcs": 0.21,
        "Normalized EBITDA": -1125229.0,
        "Total Unusual Items": -346083.0,
        "Total Unusual Items Excluding Goodwill": -346083.0,
        "Net Income From Continuing Operation Net Minority Interest": -3863328.0,
        "Reconciled Depreciation": 535741.0,
        "Reconciled Cost Of Revenue": 185307.0,
        "EBITDA": -1471312.0,
        "EBIT": -2007053.0,
        "Net Interest Income": -500366.0,
        "Interest Expense": 604669.0,
        "Interest Income": 104303.0,
        "Normalized Income": -3589922.43,
        "Net Income From Continuing And Discontinued Operation": -3863328.0,
        "Total Expenses": 11949784.0,
        "Total Operating Income As Reported": -2111356.0,
        "Diluted Average Shares": 7060638.0,
        "Basic Average Shares": 7060638.0,
        "Diluted EPS": -0.55,
        "Basic EPS": -0.55,
        "Diluted NI Availto Com Stockholders": -3863328.0,
        "Average Dilution Earnings": 0.0,
        "Net Income Common Stockholders": -3863328.0,
        "Otherunder Preferred Stock Dividend": 0.0,
        "Net Income": -3863328.0,
        "Net Income Including Noncontrolling Interests": -3863328.0,
        "Net Income Continuous Operations": -3863328.0,
        "Earnings From Equity Interest Net Of Tax": -1220547.0,
        "Tax Provision": 31059.0,
        "Pretax Income": -2611722.0,
        "Other Income Expense": -346083.0,
        "Other Non Operating Income Expenses": NaN,
        "Special Income Charges": -346083.0,
        "Write Off": 0.0,
        "Impairment Of Capital Assets": 341417.0,
        "Restructuring And Mergern Acquisition": 4666.0,
        "Gain On Sale Of Security": NaN,
        "Net Non Operating Interest Income Expense": -500366.0,
        "Interest Expense Non Operating": 604669.0,
        "Interest Income Non Operating": 104303.0,
        "Operating Income": -1765273.0,
        "Operating Expense": 11764476.0,
        "Depreciation Amortization Depletion Income Statement": 535740.0,
        "Depreciation And Amortization In Income Statement": 535740.0,
        "Selling General And Administration": 11228736.0,
        "General And Administrative Expense": 11228736.0,
        "Other Gand A": 2846077.0,
        "Salaries And Wages": 8382659.0,
        "Gross Profit": 9999203.0,
        "Cost Of Revenue": 185308.0,
        "Total Revenue": 10184511.0,
        "Operating Revenue": 10184511.0
    },
    "2024-03-31": {
        "Tax Effect Of Unusual Items": 1050.0,
        "Tax Rate For Calcs": 0.21,
        "Normalized EBITDA": 748512.0,
        "Total Unusual Items": 5000.0,
        "Total Unusual Items Excluding Goodwill": 5000.0,
        "Net Income From Continuing Operation Net Minority Interest": -326767.0,
        "Reconciled Depreciation": 553103.0,
        "Reconciled Cost Of Revenue": 2319227.0,
        "EBITDA": 753512.0,
        "EBIT": 200409.0,
        "Net Interest Income": -497768.0,
        "Interest Expense": 503637.0,
        "Interest Income": 5869.0,
        "Normalized Income": -330717.0,
        "Net Income From Continuing And Discontinued Operation": -326767.0,
        "Total Expenses": 15071352.0,
        "Total Operating Income As Reported": 164540.0,
        "Diluted Average Shares": 9302851.0,
        "Basic Average Shares": 9238912.0,
        "Diluted EPS": -0.04,
        "Basic EPS": -0.04,
        "Diluted NI Availto Com Stockholders": -326767.0,
        "Average Dilution Earnings": NaN,
        "Net Income Common Stockholders": -326767.0,
        "Otherunder Preferred Stock Dividend": NaN,
        "Net Income": -326767.0,
        "Net Income Including Noncontrolling Interests": -326767.0,
        "Net Income Continuous Operations": -326767.0,
        "Earnings From Equity Interest Net Of Tax": 0.0,
        "Tax Provision": 23539.0,
        "Pretax Income": -303228.0,
        "Other Income Expense": 30000.0,
        "Other Non Operating Income Expenses": 25000.0,
        "Special Income Charges": 0.0,
        "Write Off": NaN,
        "Impairment Of Capital Assets": NaN,
        "Restructuring And Mergern Acquisition": 0.0,
        "Gain On Sale Of Security": 5000.0,
        "Net Non Operating Interest Income Expense": -497768.0,
        "Interest Expense Non Operating": 503637.0,
        "Interest Income Non Operating": 5869.0,
        "Operating Income": 164540.0,
        "Operating Expense": 12752125.0,
        "Depreciation Amortization Depletion Income Statement": 553103.0,
        "Depreciation And Amortization In Income Statement": 553103.0,
        "Selling General And Administration": 12199022.0,
        "General And Administrative Expense": 12199022.0,
        "Other Gand A": 2624771.0,
        "Salaries And Wages": 9574251.0,
        "Gross Profit": 12916665.0,
        "Cost Of Revenue": 2319227.0,
        "Total Revenue": 15235892.0,
        "Operating Revenue": 15235892.0
    },
    "2024-06-30": {
        "Tax Effect Of Unusual Items": -40018.65,
        "Tax Rate For Calcs": 0.21,
        "Normalized EBITDA": -332475.0,
        "Total Unusual Items": -190565.0,
        "Total Unusual Items Excluding Goodwill": -190565.0,
        "Net Income From Continuing Operation Net Minority Interest": -1624458.0,
        "Reconciled Depreciation": 555694.0,
        "Reconciled Cost Of Revenue": 216247.0,
        "EBITDA": -523040.0,
        "EBIT": -1078734.0,
        "Net Interest Income": -521453.0,
        "Interest Expense": 522184.0,
        "Interest Income": 731.0,
        "Normalized Income": -1473911.65,
        "Net Income From Continuing And Discontinued Operation": -1624458.0,
        "Total Expenses": 12377989.0,
        "Total Operating Income As Reported": -1119465.0,
        "Diluted Average Shares": 9787093.0,
        "Basic Average Shares": 9723155.0,
        "Diluted EPS": -0.16,
        "Basic EPS": -0.16,
        "Diluted NI Availto Com Stockholders": -1654595.0,
        "Average Dilution Earnings": -30137.0,
        "Net Income Common Stockholders": -1624458.0,
        "Otherunder Preferred Stock Dividend": 0.0,
        "Net Income": -1624458.0,
        "Net Income Including Noncontrolling Interests": -1624458.0,
        "Net Income Continuous Operations": -1624458.0,
        "Earnings From Equity Interest Net Of Tax": 0.0,
        "Tax Provision": 23540.0,
        "Pretax Income": -1600918.0,
        "Other Income Expense": -150565.0,
        "Other Non Operating Income Expenses": 40000.0,
        "Special Income Charges": -190565.0,
        "Write Off": NaN,
        "Impairment Of Capital Assets": 190565.0,
        "Restructuring And Mergern Acquisition": 0.0,
        "Gain On Sale Of Security": NaN,
        "Net Non Operating Interest Income Expense": -521453.0,
        "Interest Expense Non Operating": 522184.0,
        "Interest Income Non Operating": 731.0,
        "Operating Income": -928900.0,
        "Operating Expense": 12161742.0,
        "Depreciation Amortization Depletion Income Statement": 555694.0,
        "Depreciation And Amortization In Income Statement": 555694.0,
        "Selling General And Administration": 11606048.0,
        "General And Administrative Expense": 11606048.0,
        "Other Gand A": 2411030.0,
        "Salaries And Wages": 9195018.0,
        "Gross Profit": 11232842.0,
        "Cost Of Revenue": 216247.0,
        "Total Revenue": 11449089.0,
        "Operating Revenue": 11449089.0
    },
    "2024-09-30": {
        "Tax Effect Of Unusual Items": -2156.033905,
        "Tax Rate For Calcs": 0.000273,
        "Normalized EBITDA": 375264.0,
        "Total Unusual Items": -7899790.0,
        "Total Unusual Items Excluding Goodwill": -7899790.0,
        "Net Income From Continuing Operation Net Minority Interest": -8692389.0,
        "Reconciled Depreciation": 636782.0,
        "Reconciled Cost Of Revenue": 254574.0,
        "EBITDA": -7524526.0,
        "EBIT": -8161308.0,
        "Net Interest Income": -530063.0,
        "Interest Expense": 533454.0,
        "Interest Income": 3391.0,
        "Normalized Income": -794755.033905,
        "Net Income From Continuing And Discontinued Operation": -8692389.0,
        "Total Expenses": 12937346.0,
        "Total Operating Income As Reported": -8154699.0,
        "Diluted Average Shares": 5465143.0,
        "Basic Average Shares": 5465143.0,
        "Diluted EPS": -1.6,
        "Basic EPS": -1.6,
        "Diluted NI Availto Com Stockholders": -8692389.0,
        "Average Dilution Earnings": 0.0,
        "Net Income Common Stockholders": -8692389.0,
        "Otherunder Preferred Stock Dividend": 0.0,
        "Net Income": -8692389.0,
        "Net Income Including Noncontrolling Interests": -8692389.0,
        "Net Income Continuous Operations": -8692389.0,
        "Earnings From Equity Interest Net Of Tax": 0.0,
        "Tax Provision": -2373.0,
        "Pretax Income": -8694762.0,
        "Other Income Expense": -7909790.0,
        "Other Non Operating Income Expenses": -10000.0,
        "Special Income Charges": -7899790.0,
        "Write Off": 1270000.0,
        "Impairment Of Capital Assets": 6480992.0,
        "Restructuring And Mergern Acquisition": 148798.0,
        "Gain On Sale Of Security": NaN,
        "Net Non Operating Interest Income Expense": -530063.0,
        "Interest Expense Non Operating": 533454.0,
        "Interest Income Non Operating": 3391.0,
        "Operating Income": -254909.0,
        "Operating Expense": 12682772.0,
        "Depreciation Amortization Depletion Income Statement": 636782.0,
        "Depreciation And Amortization In Income Statement": 636782.0,
        "Selling General And Administration": 12045990.0,
        "General And Administrative Expense": 12045990.0,
        "Other Gand A": 2470394.0,
        "Salaries And Wages": 9575596.0,
        "Gross Profit": 12427863.0,
        "Cost Of Revenue": 254574.0,
        "Total Revenue": 12682437.0,
        "Operating Revenue": 12682437.0
    }
}