{
    "2023-04-30": {
        "Tax Effect Of Unusual Items": 0.0,
        "Tax Rate For Calcs": 0.241,
        "Normalized EBITDA": 616000000.0,
        "Net Income From Continuing Operation Net Minority Interest": 299000000.0,
        "Reconciled Depreciation": 196400000.0,
        "Reconciled Cost Of Revenue": 5089100000.0,
        "EBIT": 419600000.0,
        "Net Interest Income": -25900000.0,
        "Interest Expense": 25900000.0,
        "Normalized Income": 299000000.0,
        "Net Income From Continuing And Discontinued Operation": 299000000.0,
        "Total Expenses": 6904100000.0,
        "Total Operating Income As Reported": 419700000.0,
        "Diluted Average Shares": 221100000.0,
        "Basic Average Shares": 221100000.0,
        "Diluted EPS": 1.35,
        "Basic EPS": 1.35,
        "Diluted NI Availto Com Stockholders": 299000000.0,
        "Net Income Common Stockholders": 299000000.0,
        "Net Income": 299000000.0,
        "Net Income Including Noncontrolling Interests": 299000000.0,
        "Net Income Continuous Operations": 299000000.0,
        "Tax Provision": 94700000.0,
        "Pretax Income": 393700000.0,
        "Other Income Expense": -100000.0,
        "Other Non Operating Income Expenses": -100000.0,
        "Net Non Operating Interest Income Expense": -25900000.0,
        "Interest Expense Non Operating": 25900000.0,
        "Operating Income": 419700000.0,
        "Operating Expense": 1815000000.0,
        "Selling General And Administration": 1815000000.0,
        "Gross Profit": 2234700000.0,
        "Cost Of Revenue": 5089100000.0,
        "Total Revenue": 7323800000.0,
        "Operating Revenue": 7319500000.0
    },
    "2023-01-31": {
        "Tax Effect Of Unusual Items": 0.0,
        "Tax Rate For Calcs": 0.234,
        "Normalized EBITDA": 618000000.0,
        "Net Income From Continuing Operation Net Minority Interest": 452200000.0,
        "Reconciled Depreciation": 196500000.0,
        "Reconciled Cost Of Revenue": 5330700000.0,
        "EBIT": 618000000.0,
        "Net Interest Income": -28000000.0,
        "Interest Expense": 28000000.0,
        "Normalized Income": 452200000.0,
        "Net Income From Continuing And Discontinued Operation": 452200000.0,
        "Total Expenses": 7102600000.0,
        "Total Operating Income As Reported": 618100000.0,
        "Diluted Average Shares": 221900000.0,
        "Basic Average Shares": 221100000.0,
        "Diluted EPS": 2.04,
        "Basic EPS": 2.05,
        "Diluted NI Availto Com Stockholders": 452200000.0,
        "Net Income Common Stockholders": 452200000.0,
        "Net Income": 452200000.0,
        "Net Income Including Noncontrolling Interests": 452200000.0,
        "Net Income Continuous Operations": 452200000.0,
        "Tax Provision": 137800000.0,
        "Pretax Income": 590000000.0,
        "Other Income Expense": -100000.0,
        "Other Non Operating Income Expenses": -100000.0,
        "Net Non Operating Interest Income Expense": -28000000.0,
        "Interest Expense Non Operating": 28000000.0,
        "Operating Income": 618100000.0,
        "Operating Expense": 1771900000.0,
        "Selling General And Administration": 1771900000.0,
        "Gross Profit": 2390000000.0,
        "Cost Of Revenue": 5330700000.0,
        "Total Revenue": 7720700000.0,
        "Operating Revenue": 7716200000.0
    },
    "2022-10-31": {
        "Tax Effect Of Unusual Items": 0.0,
        "Tax Rate For Calcs": 0.234,
        "Normalized EBITDA": 570100000.0,
        "Net Income From Continuing Operation Net Minority Interest": 266900000.0,
        "Reconciled Depreciation": 189000000.0,
        "Reconciled Cost Of Revenue": 4865100000.0,
        "EBIT": 381100000.0,
        "Net Interest Income": -32700000.0,
        "Interest Expense": 32700000.0,
        "Normalized Income": 266900000.0,
        "Net Income From Continuing And Discontinued Operation": 266900000.0,
        "Total Expenses": 6558600000.0,
        "Total Operating Income As Reported": 381300000.0,
        "Diluted Average Shares": 223000000.0,
        "Basic Average Shares": 222200000.0,
        "Diluted EPS": 1.2,
        "Basic EPS": 1.2,
        "Diluted NI Availto Com Stockholders": 266900000.0,
        "Net Income Common Stockholders": 266900000.0,
        "Net Income": 266900000.0,
        "Net Income Including Noncontrolling Interests": 266900000.0,
        "Net Income Continuous Operations": 266900000.0,
        "Tax Provision": 81500000.0,
        "Pretax Income": 348400000.0,
        "Other Income Expense": -200000.0,
        "Other Non Operating Income Expenses": -200000.0,
        "Net Non Operating Interest Income Expense": -32700000.0,
        "Interest Expense Non Operating": 32700000.0,
        "Operating Income": 381300000.0,
        "Operating Expense": 1693500000.0,
        "Selling General And Administration": 1693500000.0,
        "Gross Profit": 2074800000.0,
        "Cost Of Revenue": 4865100000.0,
        "Total Revenue": 6939900000.0,
        "Operating Revenue": 6936600000.0
    },
    "2022-07-31": {
        "Tax Effect Of Unusual Items": 0.0,
        "Tax Rate For Calcs": 0.242,
        "Normalized EBITDA": 698800000.0,
        "Net Income From Continuing Operation Net Minority Interest": 359900000.0,
        "Reconciled Depreciation": 193500000.0,
        "Reconciled Cost Of Revenue": 4640900000.0,
        "EBIT": 505300000.0,
        "Net Interest Income": -30600000.0,
        "Interest Expense": 30600000.0,
        "Normalized Income": 359900000.0,
        "Net Income From Continuing And Discontinued Operation": 359900000.0,
        "Total Expenses": 6263100000.0,
        "Total Operating Income As Reported": 505400000.0,
        "Diluted Average Shares": 225000000.0,
        "Basic Average Shares": 224200000.0,
        "Diluted EPS": 1.6,
        "Basic EPS": 1.61,
        "Diluted NI Availto Com Stockholders": 359900000.0,
        "Net Income Common Stockholders": 359900000.0,
        "Net Income": 359900000.0,
        "Net Income Including Noncontrolling Interests": 359900000.0,
        "Net Income Continuous Operations": 359900000.0,
        "Tax Provision": 114800000.0,
        "Pretax Income": 474700000.0,
        "Other Income Expense": -100000.0,
        "Other Non Operating Income Expenses": -100000.0,
        "Net Non Operating Interest Income Expense": -30600000.0,
        "Interest Expense Non Operating": 30600000.0,
        "Operating Income": 505400000.0,
        "Operating Expense": 1622200000.0,
        "Selling General And Administration": 1622200000.0,
        "Gross Profit": 2127600000.0,
        "Cost Of Revenue": 4640900000.0,
        "Total Revenue": 6768500000.0,
        "Operating Revenue": 6765300000.0
    },
    "2022-04-30": {
        "Diluted EPS": 2.37,
        "Total Revenue": NaN,
        "Gross Profit": NaN,
        "Operating Income": 732,
        "EBIT": 922,
        "Net Income": 536
    },
    "2022-01-31": {
        "Diluted EPS": 2.01,
        "Total Revenue": NaN,
        "Gross Profit": NaN,
        "Operating Income": 579,
        "EBIT": 771,
        "Net Income": 454
    },
    "2021-10-31": {
        "Diluted EPS": 0.96,
        "Total Revenue": NaN,
        "Gross Profit": NaN,
        "Operating Income": 311,
        "EBIT": 491,
        "Net Income": 217
    },
    "2021-07-31": {
        "Diluted EPS": 1.23,
        "Total Revenue": NaN,
        "Gross Profit": NaN,
        "Operating Income": 402,
        "EBIT": 580,
        "Net Income": 282
    },
    "2021-04-30": {
        "Diluted EPS": 1.6,
        "Total Revenue": NaN,
        "Gross Profit": NaN,
        "Operating Income": 520,
        "EBIT": 694,
        "Net Income": 375
    },
    "2021-01-31": {
        "Diluted EPS": 2.12,
        "Total Revenue": NaN,
        "Gross Profit": NaN,
        "Operating Income": 682,
        "EBIT": 865,
        "Net Income": 503
    },
    "2020-10-31": {
        "Diluted EPS": 1.39,
        "Total Revenue": NaN,
        "Gross Profit": NaN,
        "Operating Income": 466,
        "EBIT": 637,
        "Net Income": 330
    },
    "2020-07-31": {
        "Diluted EPS": 1.1,
        "Total Revenue": NaN,
        "Gross Profit": NaN,
        "Operating Income": 375,
        "EBIT": 544,
        "Net Income": 262
    },
    "2020-04-30": {
        "Diluted EPS": 1.04,
        "Total Revenue": NaN,
        "Gross Profit": NaN,
        "Operating Income": 366,
        "EBIT": 533,
        "Net Income": 248
    },
    "2020-01-31": {
        "Diluted EPS": 0.51,
        "Total Revenue": NaN,
        "Gross Profit": NaN,
        "Operating Income": 249,
        "EBIT": 744,
        "Net Income": 123
    },
    "2019-10-31": {
        "Diluted EPS": 1.08,
        "Total Revenue": NaN,
        "Gross Profit": NaN,
        "Operating Income": 358,
        "EBIT": 520,
        "Net Income": 256
    },
    "2019-07-31": {
        "Diluted EPS": 0.76,
        "Total Revenue": NaN,
        "Gross Profit": NaN,
        "Operating Income": 269,
        "EBIT": 426,
        "Net Income": 180
    },
    "2019-04-30": {
        "Diluted EPS": 1.12,
        "Total Revenue": NaN,
        "Gross Profit": NaN,
        "Operating Income": 386,
        "EBIT": 538,
        "Net Income": 268
    },
    "2019-01-31": {
        "Diluted EPS": -9.69,
        "Total Revenue": NaN,
        "Gross Profit": NaN,
        "Operating Income": NaN,
        "EBIT": 750,
        "Net Income": NaN
    },
    "2018-10-31": {
        "Diluted EPS": 1.18,
        "Total Revenue": NaN,
        "Gross Profit": NaN,
        "Operating Income": 388,
        "EBIT": 540,
        "Net Income": 282
    },
    "2018-07-31": {
        "Diluted EPS": 1.15,
        "Total Revenue": NaN,
        "Gross Profit": NaN,
        "Operating Income": 383,
        "EBIT": 537,
        "Net Income": 274
    },
    "2018-04-30": {
        "Diluted EPS": 0.67,
        "Total Revenue": NaN,
        "Gross Profit": NaN,
        "Operating Income": 438,
        "EBIT": 639,
        "Net Income": 161
    },
    "2018-01-31": {
        "Diluted EPS": 4.37,
        "Total Revenue": NaN,
        "Gross Profit": NaN,
        "Operating Income": 766,
        "EBIT": 926,
        "Net Income": NaN
    },
    "2017-10-31": {
        "Diluted EPS": 1.01,
        "Total Revenue": NaN,
        "Gross Profit": NaN,
        "Operating Income": 425,
        "EBIT": 578,
        "Net Income": 240
    },
    "2017-07-31": {
        "Diluted EPS": 0.98,
        "Total Revenue": NaN,
        "Gross Profit": NaN,
        "Operating Income": 420,
        "EBIT": 576,
        "Net Income": 234
    },
    "2017-04-30": {
        "Diluted EPS": 0.85,
        "Total Revenue": NaN,
        "Gross Profit": NaN,
        "Operating Income": 389,
        "EBIT": 546,
        "Net Income": 201
    },
    "2017-01-31": {
        "Diluted EPS": 1.36,
        "Total Revenue": NaN,
        "Gross Profit": NaN,
        "Operating Income": 587,
        "EBIT": 758,
        "Net Income": 322
    },
    "2016-10-31": {
        "Diluted EPS": 0.72,
        "Total Revenue": NaN,
        "Gross Profit": NaN,
        "Operating Income": 342,
        "EBIT": 530,
        "Net Income": 172
    },
    "2016-07-31": {
        "Diluted EPS": 0.72,
        "Total Revenue": NaN,
        "Gross Profit": NaN,
        "Operating Income": 357,
        "EBIT": 524,
        "Net Income": 170
    },
    "2016-04-30": {
        "Diluted EPS": 0.98,
        "Total Revenue": NaN,
        "Gross Profit": NaN,
        "Operating Income": 419,
        "EBIT": 586,
        "Net Income": 233
    },
    "2016-01-31": {
        "Diluted EPS": 1.03,
        "Total Revenue": NaN,
        "Gross Profit": NaN,
        "Operating Income": 470,
        "EBIT": 700,
        "Net Income": 229
    },
    "2015-10-31": {
        "Diluted EPS": 0.35,
        "Total Revenue": NaN,
        "Gross Profit": NaN,
        "Operating Income": 224,
        "EBIT": 404,
        "Net Income": 82
    },
    "2015-07-31": {
        "Diluted EPS": -0.46,
        "Total Revenue": NaN,
        "Gross Profit": 855,
        "Operating Income": 123,
        "EBIT": 210,
        "Net Income": -98
    },
    "2015-04-30": {
        "Diluted EPS": 0.34,
        "Total Revenue": NaN,
        "Gross Profit": 749,
        "Operating Income": 233,
        "EBIT": 288,
        "Net Income": 70
    },
    "2015-01-31": {
        "Diluted EPS": 1.0,
        "Total Revenue": NaN,
        "Gross Profit": 918,
        "Operating Income": 384,
        "EBIT": 438,
        "Net Income": 206
    },
    "2014-10-31": {
        "Diluted EPS": 0.64,
        "Total Revenue": NaN,
        "Gross Profit": 725,
        "Operating Income": 220,
        "EBIT": 271,
        "Net Income": 133
    },
    "2014-07-31": {
        "Diluted EPS": 0.59,
        "Total Revenue": NaN,
        "Gross Profit": 694,
        "Operating Income": 205,
        "EBIT": 254,
        "Net Income": 122
    },
    "2014-04-30": {
        "Diluted EPS": 0.67,
        "Total Revenue": NaN,
        "Gross Profit": 697,
        "Operating Income": 232,
        "EBIT": 283,
        "Net Income": 138
    },
    "2014-01-31": {
        "Diluted EPS": 0.99,
        "Total Revenue": NaN,
        "Gross Profit": 825,
        "Operating Income": 348,
        "EBIT": 398,
        "Net Income": 213
    },
    "2013-10-31": {
        "Diluted EPS": 0.58,
        "Total Revenue": NaN,
        "Gross Profit": 660,
        "Operating Income": 204,
        "EBIT": 253,
        "Net Income": 125
    },
    "2013-07-31": {
        "Diluted EPS": 0.56,
        "Total Revenue": NaN,
        "Gross Profit": 649,
        "Operating Income": 201,
        "EBIT": 248,
        "Net Income": 125
    },
    "2013-04-30": {
        "Diluted EPS": 0.59,
        "Total Revenue": NaN,
        "Gross Profit": 656,
        "Operating Income": 217,
        "EBIT": 262,
        "Net Income": 134
    },
    "2013-01-31": {
        "Diluted EPS": 0.99,
        "Total Revenue": NaN,
        "Gross Profit": 851,
        "Operating Income": 364,
        "EBIT": 410,
        "Net Income": 229
    },
    "2012-10-31": {
        "Diluted EPS": 0.68,
        "Total Revenue": NaN,
        "Gross Profit": 600,
        "Operating Income": 184,
        "EBIT": 228,
        "Net Income": 155
    },
    "2012-07-31": {
        "Diluted EPS": 0.51,
        "Total Revenue": NaN,
        "Gross Profit": 600,
        "Operating Income": 184,
        "EBIT": 227,
        "Net Income": 119
    },
    "2012-04-30": {
        "Diluted EPS": 0.5,
        "Total Revenue": NaN,
        "Gross Profit": 603,
        "Operating Income": 188,
        "EBIT": 230,
        "Net Income": 116
    },
    "2012-01-31": {
        "Diluted EPS": 0.78,
        "Total Revenue": NaN,
        "Gross Profit": 735,
        "Operating Income": 302,
        "EBIT": 346,
        "Net Income": 188
    },
    "2011-10-31": {
        "Diluted EPS": 0.43,
        "Total Revenue": NaN,
        "Gross Profit": 561,
        "Operating Income": 165,
        "EBIT": 206,
        "Net Income": 105
    },
    "2011-07-31": {
        "Diluted EPS": 0.39,
        "Total Revenue": NaN,
        "Gross Profit": 542,
        "Operating Income": 154,
        "EBIT": 193,
        "Net Income": 95
    },
    "2011-04-30": {
        "Diluted EPS": 0.41,
        "Total Revenue": NaN,
        "Gross Profit": 541,
        "Operating Income": 162,
        "EBIT": 201,
        "Net Income": 101
    },
    "2011-01-31": {
        "Diluted EPS": 0.64,
        "Total Revenue": NaN,
        "Gross Profit": 648,
        "Operating Income": 259,
        "EBIT": 301,
        "Net Income": 163
    },
    "2010-10-31": {
        "Diluted EPS": 0.37,
        "Total Revenue": NaN,
        "Gross Profit": 506,
        "Operating Income": 141,
        "EBIT": 180,
        "Net Income": 93
    },
    "2010-07-31": {
        "Diluted EPS": 0.31,
        "Total Revenue": NaN,
        "Gross Profit": 484,
        "Operating Income": 128,
        "EBIT": 167,
        "Net Income": 78
    },
    "2010-04-30": {
        "Diluted EPS": 0.25,
        "Total Revenue": NaN,
        "Gross Profit": 450,
        "Operating Income": 103,
        "EBIT": 142,
        "Net Income": 64
    },
    "2010-01-31": {
        "Diluted EPS": 0.5,
        "Total Revenue": NaN,
        "Gross Profit": 578,
        "Operating Income": 218,
        "EBIT": 260,
        "Net Income": 135
    },
    "2009-10-31": {
        "Diluted EPS": 0.26,
        "Total Revenue": NaN,
        "Gross Profit": 441,
        "Operating Income": 108,
        "EBIT": 146,
        "Net Income": 68
    },
    "2009-07-31": {
        "Diluted EPS": 0.21,
        "Total Revenue": NaN,
        "Gross Profit": 422,
        "Operating Income": 89,
        "EBIT": 128,
        "Net Income": 57
    },
    "2009-04-30": {
        "Diluted EPS": 0.22,
        "Total Revenue": NaN,
        "Gross Profit": 415,
        "Operating Income": 98,
        "EBIT": 136,
        "Net Income": 60
    },
    "2009-01-31": {
        "Diluted EPS": 0.39,
        "Total Revenue": NaN,
        "Gross Profit": 493,
        "Operating Income": 165,
        "EBIT": 207,
        "Net Income": 105
    },
    "2023-07-31": {
        "Tax Effect Of Unusual Items": 0.0,
        "Tax Rate For Calcs": 0.24,
        "Normalized EBITDA": 490500000.0,
        "Net Income From Continuing Operation Net Minority Interest": 200400000.0,
        "Reconciled Depreciation": 202600000.0,
        "Reconciled Cost Of Revenue": 5185400000.0,
        "EBIT": 287900000.0,
        "Net Interest Income": -24200000.0,
        "Interest Expense": 24200000.0,
        "Normalized Income": 200400000.0,
        "Net Income From Continuing And Discontinued Operation": 200400000.0,
        "Total Expenses": 7037500000.0,
        "Total Operating Income As Reported": 287800000.0,
        "Diluted Average Shares": 220500000.0,
        "Basic Average Shares": 220100000.0,
        "Diluted EPS": 0.91,
        "Basic EPS": 0.91,
        "Diluted NI Availto Com Stockholders": 200400000.0,
        "Net Income Common Stockholders": 200400000.0,
        "Net Income": 200400000.0,
        "Net Income Including Noncontrolling Interests": 200400000.0,
        "Net Income Continuous Operations": 200400000.0,
        "Tax Provision": 63300000.0,
        "Pretax Income": 263700000.0,
        "Other Income Expense": 100000.0,
        "Other Non Operating Income Expenses": 100000.0,
        "Net Non Operating Interest Income Expense": -24200000.0,
        "Interest Expense Non Operating": 24200000.0,
        "Operating Income": 287800000.0,
        "Operating Expense": 1852100000.0,
        "Selling General And Administration": 1852100000.0,
        "Gross Profit": 2139900000.0,
        "Cost Of Revenue": 5185400000.0,
        "Total Revenue": 7325300000.0,
        "Operating Revenue": 7320100000.0
    }
}