{
    "2023-03-31": {
        "Tax Effect Of Unusual Items": NaN,
        "Tax Rate For Calcs": NaN,
        "Normalized EBITDA": NaN,
        "Total Unusual Items": NaN,
        "Total Unusual Items Excluding Goodwill": NaN,
        "Net Income From Continuing Operation Net Minority Interest": NaN,
        "Reconciled Depreciation": NaN,
        "Reconciled Cost Of Revenue": NaN,
        "EBITDA": NaN,
        "EBIT": NaN,
        "Net Interest Income": NaN,
        "Interest Expense": NaN,
        "Interest Income": NaN,
        "Normalized Income": NaN,
        "Net Income From Continuing And Discontinued Operation": NaN,
        "Total Expenses": NaN,
        "Total Operating Income As Reported": NaN,
        "Diluted Average Shares": 31909565.0,
        "Basic Average Shares": 31909565.0,
        "Diluted EPS": -1.6,
        "Basic EPS": -1.6,
        "Diluted NI Availto Com Stockholders": NaN,
        "Net Income Common Stockholders": NaN,
        "Net Income": NaN,
        "Net Income Including Noncontrolling Interests": NaN,
        "Net Income Continuous Operations": NaN,
        "Tax Provision": NaN,
        "Pretax Income": NaN,
        "Other Income Expense": NaN,
        "Special Income Charges": NaN,
        "Write Off": NaN,
        "Impairment Of Capital Assets": NaN,
        "Restructuring And Mergern Acquisition": NaN,
        "Net Non Operating Interest Income Expense": NaN,
        "Interest Expense Non Operating": NaN,
        "Interest Income Non Operating": NaN,
        "Operating Income": NaN,
        "Operating Expense": NaN,
        "Depreciation Amortization Depletion Income Statement": NaN,
        "Depreciation And Amortization In Income Statement": NaN,
        "Amortization": NaN,
        "Amortization Of Intangibles Income Statement": NaN,
        "Research And Development": NaN,
        "Selling General And Administration": NaN,
        "Selling And Marketing Expense": NaN,
        "General And Administrative Expense": NaN,
        "Other Gand A": NaN,
        "Gross Profit": NaN,
        "Cost Of Revenue": NaN,
        "Total Revenue": NaN,
        "Operating Revenue": NaN
    },
    "2022-12-31": {
        "Tax Effect Of Unusual Items": NaN,
        "Tax Rate For Calcs": NaN,
        "Normalized EBITDA": NaN,
        "Total Unusual Items": -269300000.0,
        "Total Unusual Items Excluding Goodwill": -269300000.0,
        "Net Income From Continuing Operation Net Minority Interest": NaN,
        "Reconciled Depreciation": NaN,
        "Reconciled Cost Of Revenue": NaN,
        "EBITDA": NaN,
        "EBIT": NaN,
        "Net Interest Income": NaN,
        "Interest Expense": NaN,
        "Normalized Income": NaN,
        "Net Income From Continuing And Discontinued Operation": NaN,
        "Total Expenses": NaN,
        "Total Operating Income As Reported": NaN,
        "Diluted Average Shares": NaN,
        "Basic Average Shares": NaN,
        "Diluted EPS": NaN,
        "Basic EPS": NaN,
        "Diluted NI Availto Com Stockholders": NaN,
        "Net Income Common Stockholders": NaN,
        "Net Income": NaN,
        "Net Income Including Noncontrolling Interests": NaN,
        "Net Income Continuous Operations": NaN,
        "Tax Provision": NaN,
        "Pretax Income": NaN,
        "Other Income Expense": -269300000.0,
        "Special Income Charges": -269300000.0,
        "Write Off": NaN,
        "Impairment Of Capital Assets": 269300000.0,
        "Restructuring And Mergern Acquisition": 0.0,
        "Net Non Operating Interest Income Expense": NaN,
        "Interest Expense Non Operating": NaN,
        "Operating Income": NaN,
        "Operating Expense": NaN,
        "Depreciation Amortization Depletion Income Statement": NaN,
        "Depreciation And Amortization In Income Statement": NaN,
        "Amortization": NaN,
        "Amortization Of Intangibles Income Statement": NaN,
        "Research And Development": NaN,
        "Selling General And Administration": NaN,
        "Selling And Marketing Expense": NaN,
        "General And Administrative Expense": NaN,
        "Other Gand A": NaN,
        "Gross Profit": NaN,
        "Cost Of Revenue": NaN,
        "Total Revenue": NaN,
        "Operating Revenue": NaN
    },
    "2022-09-30": {
        "Tax Effect Of Unusual Items": NaN,
        "Tax Rate For Calcs": NaN,
        "Normalized EBITDA": NaN,
        "Total Unusual Items": 0.0,
        "Total Unusual Items Excluding Goodwill": 0.0,
        "Net Income From Continuing Operation Net Minority Interest": NaN,
        "Reconciled Depreciation": NaN,
        "Reconciled Cost Of Revenue": NaN,
        "EBITDA": NaN,
        "EBIT": NaN,
        "Net Interest Income": NaN,
        "Interest Expense": NaN,
        "Normalized Income": NaN,
        "Net Income From Continuing And Discontinued Operation": NaN,
        "Total Expenses": NaN,
        "Total Operating Income As Reported": NaN,
        "Diluted Average Shares": 316007716.0,
        "Basic Average Shares": 316007716.0,
        "Diluted EPS": -0.19,
        "Basic EPS": -0.19,
        "Diluted NI Availto Com Stockholders": NaN,
        "Net Income Common Stockholders": NaN,
        "Net Income": NaN,
        "Net Income Including Noncontrolling Interests": NaN,
        "Net Income Continuous Operations": NaN,
        "Tax Provision": NaN,
        "Pretax Income": NaN,
        "Other Income Expense": NaN,
        "Special Income Charges": 0.0,
        "Write Off": 0.0,
        "Impairment Of Capital Assets": 0.0,
        "Restructuring And Mergern Acquisition": 0.0,
        "Net Non Operating Interest Income Expense": NaN,
        "Interest Expense Non Operating": NaN,
        "Operating Income": NaN,
        "Operating Expense": NaN,
        "Research And Development": NaN,
        "Selling General And Administration": NaN,
        "Selling And Marketing Expense": NaN,
        "General And Administrative Expense": NaN,
        "Other Gand A": NaN,
        "Gross Profit": NaN,
        "Cost Of Revenue": NaN,
        "Total Revenue": NaN,
        "Operating Revenue": NaN
    },
    "2022-06-30": {
        "Tax Effect Of Unusual Items": -726480.135204,
        "Tax Rate For Calcs": 0.003165,
        "Normalized EBITDA": -50351000.0,
        "Total Unusual Items": -229500000.0,
        "Total Unusual Items Excluding Goodwill": -229500000.0,
        "Net Income From Continuing Operation Net Minority Interest": -297272000.0,
        "Reconciled Depreciation": 12719000.0,
        "Reconciled Cost Of Revenue": 49277000.0,
        "EBITDA": -279851000.0,
        "EBIT": -292570000.0,
        "Net Interest Income": -5646000.0,
        "Interest Expense": 5646000.0,
        "Normalized Income": -68498480.135204,
        "Net Income From Continuing And Discontinued Operation": -297272000.0,
        "Total Expenses": 120744000.0,
        "Total Operating Income As Reported": -292570000.0,
        "Diluted Average Shares": 313556886.0,
        "Basic Average Shares": 313556886.0,
        "Diluted EPS": -0.95,
        "Basic EPS": -0.95,
        "Diluted NI Availto Com Stockholders": -297272000.0,
        "Net Income Common Stockholders": -297272000.0,
        "Net Income": -297272000.0,
        "Net Income Including Noncontrolling Interests": -297272000.0,
        "Net Income Continuous Operations": -297272000.0,
        "Tax Provision": -944000.0,
        "Pretax Income": -298216000.0,
        "Other Income Expense": -229500000.0,
        "Special Income Charges": -229500000.0,
        "Impairment Of Capital Assets": 229500000.0,
        "Restructuring And Mergern Acquisition": 0.0,
        "Net Non Operating Interest Income Expense": -5646000.0,
        "Interest Expense Non Operating": 5646000.0,
        "Operating Income": -63070000.0,
        "Operating Expense": 71467000.0,
        "Research And Development": 31370000.0,
        "Selling General And Administration": 40097000.0,
        "Selling And Marketing Expense": 20406000.0,
        "General And Administrative Expense": 19691000.0,
        "Other Gand A": 19691000.0,
        "Gross Profit": 8397000.0,
        "Cost Of Revenue": 49277000.0,
        "Total Revenue": 57674000.0,
        "Operating Revenue": 57674000.0
    },
    "2023-06-30": {
        "Tax Effect Of Unusual Items": NaN,
        "Tax Rate For Calcs": NaN,
        "Normalized EBITDA": NaN,
        "Total Unusual Items": -97000.0,
        "Total Unusual Items Excluding Goodwill": -97000.0,
        "Net Income From Continuing Operation Net Minority Interest": NaN,
        "Reconciled Depreciation": NaN,
        "Reconciled Cost Of Revenue": NaN,
        "EBITDA": NaN,
        "EBIT": NaN,
        "Net Interest Income": NaN,
        "Interest Expense": NaN,
        "Interest Income": NaN,
        "Normalized Income": NaN,
        "Net Income From Continuing And Discontinued Operation": NaN,
        "Total Expenses": NaN,
        "Total Operating Income As Reported": NaN,
        "Diluted Average Shares": 32165582.0,
        "Basic Average Shares": 32165582.0,
        "Diluted EPS": -1.55,
        "Basic EPS": -1.55,
        "Diluted NI Availto Com Stockholders": NaN,
        "Net Income Common Stockholders": NaN,
        "Net Income": NaN,
        "Net Income Including Noncontrolling Interests": NaN,
        "Net Income Continuous Operations": NaN,
        "Tax Provision": NaN,
        "Pretax Income": NaN,
        "Other Income Expense": -97000.0,
        "Special Income Charges": -97000.0,
        "Write Off": NaN,
        "Impairment Of Capital Assets": 0.0,
        "Restructuring And Mergern Acquisition": 97000.0,
        "Net Non Operating Interest Income Expense": NaN,
        "Interest Expense Non Operating": NaN,
        "Interest Income Non Operating": NaN,
        "Operating Income": NaN,
        "Operating Expense": NaN,
        "Depreciation Amortization Depletion Income Statement": 2955000.0,
        "Depreciation And Amortization In Income Statement": 2955000.0,
        "Amortization": 2955000.0,
        "Amortization Of Intangibles Income Statement": 2955000.0,
        "Research And Development": NaN,
        "Selling General And Administration": NaN,
        "Selling And Marketing Expense": NaN,
        "General And Administrative Expense": NaN,
        "Other Gand A": NaN,
        "Gross Profit": NaN,
        "Cost Of Revenue": NaN,
        "Total Revenue": NaN,
        "Operating Revenue": NaN
    },
    "2023-09-30": {
        "Tax Effect Of Unusual Items": -25802.812057,
        "Tax Rate For Calcs": 0.003031,
        "Normalized EBITDA": -23251000.0,
        "Total Unusual Items": -8512000.0,
        "Total Unusual Items Excluding Goodwill": -8512000.0,
        "Net Income From Continuing Operation Net Minority Interest": -46373000.0,
        "Reconciled Depreciation": 13357000.0,
        "Reconciled Cost Of Revenue": 40826000.0,
        "EBITDA": -31763000.0,
        "EBIT": -45120000.0,
        "Net Interest Income": -1394000.0,
        "Interest Expense": 1394000.0,
        "Interest Income": NaN,
        "Normalized Income": -37886802.812057,
        "Net Income From Continuing And Discontinued Operation": -46373000.0,
        "Total Expenses": 79358000.0,
        "Total Operating Income As Reported": -45120000.0,
        "Diluted Average Shares": 32318760.0,
        "Basic Average Shares": 32318760.0,
        "Diluted EPS": -1.4,
        "Basic EPS": -1.4,
        "Diluted NI Availto Com Stockholders": -46373000.0,
        "Net Income Common Stockholders": -46373000.0,
        "Net Income": -46373000.0,
        "Net Income Including Noncontrolling Interests": -46373000.0,
        "Net Income Continuous Operations": -46373000.0,
        "Tax Provision": -141000.0,
        "Pretax Income": -46514000.0,
        "Other Income Expense": -8512000.0,
        "Special Income Charges": -8512000.0,
        "Write Off": 6062000.0,
        "Impairment Of Capital Assets": 2450000.0,
        "Restructuring And Mergern Acquisition": NaN,
        "Net Non Operating Interest Income Expense": -1394000.0,
        "Interest Expense Non Operating": 1394000.0,
        "Interest Income Non Operating": NaN,
        "Operating Income": -36608000.0,
        "Operating Expense": 38532000.0,
        "Depreciation Amortization Depletion Income Statement": NaN,
        "Depreciation And Amortization In Income Statement": NaN,
        "Amortization": NaN,
        "Amortization Of Intangibles Income Statement": NaN,
        "Research And Development": 20455000.0,
        "Selling General And Administration": 18077000.0,
        "Selling And Marketing Expense": 8549000.0,
        "General And Administrative Expense": 9528000.0,
        "Other Gand A": 9528000.0,
        "Gross Profit": 1924000.0,
        "Cost Of Revenue": 40826000.0,
        "Total Revenue": 42750000.0,
        "Operating Revenue": 42750000.0
    },
    "2023-12-31": {
        "Tax Effect Of Unusual Items": -1550575.61356,
        "Tax Rate For Calcs": 0.013732,
        "Normalized EBITDA": -50096000.0,
        "Total Unusual Items": -112917000.0,
        "Total Unusual Items Excluding Goodwill": -112917000.0,
        "Net Income From Continuing Operation Net Minority Interest": -174529000.0,
        "Reconciled Depreciation": 13310000.0,
        "Reconciled Cost Of Revenue": 69085000.0,
        "EBITDA": -163013000.0,
        "EBIT": -176323000.0,
        "Net Interest Income": 308000.0,
        "Interest Expense": 636000.0,
        "Interest Income": NaN,
        "Normalized Income": -63162575.61356,
        "Net Income From Continuing And Discontinued Operation": -174529000.0,
        "Total Expenses": 116696000.0,
        "Total Operating Income As Reported": -177267000.0,
        "Diluted Average Shares": NaN,
        "Basic Average Shares": NaN,
        "Diluted EPS": NaN,
        "Basic EPS": NaN,
        "Diluted NI Availto Com Stockholders": -174529000.0,
        "Net Income Common Stockholders": -174529000.0,
        "Net Income": -174529000.0,
        "Net Income Including Noncontrolling Interests": -174529000.0,
        "Net Income Continuous Operations": -174529000.0,
        "Tax Provision": -2430000.0,
        "Pretax Income": -176959000.0,
        "Other Income Expense": -112917000.0,
        "Special Income Charges": -112917000.0,
        "Write Off": 2456000.0,
        "Impairment Of Capital Assets": 110461000.0,
        "Restructuring And Mergern Acquisition": NaN,
        "Net Non Operating Interest Income Expense": 308000.0,
        "Interest Expense Non Operating": 636000.0,
        "Interest Income Non Operating": NaN,
        "Operating Income": -64350000.0,
        "Operating Expense": 47611000.0,
        "Depreciation Amortization Depletion Income Statement": NaN,
        "Depreciation And Amortization In Income Statement": NaN,
        "Amortization": NaN,
        "Amortization Of Intangibles Income Statement": NaN,
        "Research And Development": 20274000.0,
        "Selling General And Administration": 27337000.0,
        "Selling And Marketing Expense": 11738000.0,
        "General And Administrative Expense": 15599000.0,
        "Other Gand A": 15599000.0,
        "Gross Profit": -16739000.0,
        "Cost Of Revenue": 69085000.0,
        "Total Revenue": 52346000.0,
        "Operating Revenue": 52346000.0
    },
    "2024-03-31": {
        "Tax Effect Of Unusual Items": 0.0,
        "Tax Rate For Calcs": 0.003786,
        "Normalized EBITDA": -25204000.0,
        "Total Unusual Items": NaN,
        "Total Unusual Items Excluding Goodwill": NaN,
        "Net Income From Continuing Operation Net Minority Interest": -52098000.0,
        "Reconciled Depreciation": 24185000.0,
        "Reconciled Cost Of Revenue": 42806000.0,
        "EBITDA": -25204000.0,
        "EBIT": -49389000.0,
        "Net Interest Income": -2907000.0,
        "Interest Expense": 2907000.0,
        "Interest Income": NaN,
        "Normalized Income": -52098000.0,
        "Net Income From Continuing And Discontinued Operation": -52098000.0,
        "Total Expenses": 89989000.0,
        "Total Operating Income As Reported": -49389000.0,
        "Diluted Average Shares": 32712411.0,
        "Basic Average Shares": 32712411.0,
        "Diluted EPS": -1.6,
        "Basic EPS": -1.6,
        "Diluted NI Availto Com Stockholders": -52098000.0,
        "Net Income Common Stockholders": -52098000.0,
        "Net Income": -52098000.0,
        "Net Income Including Noncontrolling Interests": -52098000.0,
        "Net Income Continuous Operations": -52098000.0,
        "Tax Provision": -198000.0,
        "Pretax Income": -52296000.0,
        "Other Income Expense": NaN,
        "Special Income Charges": NaN,
        "Write Off": NaN,
        "Impairment Of Capital Assets": NaN,
        "Restructuring And Mergern Acquisition": NaN,
        "Net Non Operating Interest Income Expense": -2907000.0,
        "Interest Expense Non Operating": 2907000.0,
        "Interest Income Non Operating": NaN,
        "Operating Income": -49389000.0,
        "Operating Expense": 47183000.0,
        "Depreciation Amortization Depletion Income Statement": NaN,
        "Depreciation And Amortization In Income Statement": NaN,
        "Amortization": NaN,
        "Amortization Of Intangibles Income Statement": NaN,
        "Research And Development": 19813000.0,
        "Selling General And Administration": 27370000.0,
        "Selling And Marketing Expense": 11153000.0,
        "General And Administrative Expense": 16217000.0,
        "Other Gand A": 16217000.0,
        "Gross Profit": -2206000.0,
        "Cost Of Revenue": 42806000.0,
        "Total Revenue": 40600000.0,
        "Operating Revenue": 40600000.0
    },
    "2024-06-30": {
        "Tax Effect Of Unusual Items": -2009070.0,
        "Tax Rate For Calcs": 0.21,
        "Normalized EBITDA": -19902000.0,
        "Total Unusual Items": -9567000.0,
        "Total Unusual Items Excluding Goodwill": -9567000.0,
        "Net Income From Continuing Operation Net Minority Interest": -103440000.0,
        "Reconciled Depreciation": 71858000.0,
        "Reconciled Cost Of Revenue": 5021000.0,
        "EBITDA": -29469000.0,
        "EBIT": -101327000.0,
        "Net Interest Income": -1768000.0,
        "Interest Expense": 1768000.0,
        "Interest Income": NaN,
        "Normalized Income": -95882070.0,
        "Net Income From Continuing And Discontinued Operation": -103440000.0,
        "Total Expenses": 130692000.0,
        "Total Operating Income As Reported": -101327000.0,
        "Diluted Average Shares": 33085262.0,
        "Basic Average Shares": 33085262.0,
        "Diluted EPS": -3.13,
        "Basic EPS": -3.13,
        "Diluted NI Availto Com Stockholders": -103440000.0,
        "Net Income Common Stockholders": -103440000.0,
        "Net Income": -103440000.0,
        "Net Income Including Noncontrolling Interests": -103440000.0,
        "Net Income Continuous Operations": -103440000.0,
        "Tax Provision": 345000.0,
        "Pretax Income": -103095000.0,
        "Other Income Expense": -9567000.0,
        "Special Income Charges": -9567000.0,
        "Write Off": NaN,
        "Impairment Of Capital Assets": NaN,
        "Restructuring And Mergern Acquisition": 9567000.0,
        "Net Non Operating Interest Income Expense": -1768000.0,
        "Interest Expense Non Operating": 1768000.0,
        "Interest Income Non Operating": NaN,
        "Operating Income": -91760000.0,
        "Operating Expense": 59571000.0,
        "Depreciation Amortization Depletion Income Statement": 5758000.0,
        "Depreciation And Amortization In Income Statement": 5758000.0,
        "Amortization": 5758000.0,
        "Amortization Of Intangibles Income Statement": 5758000.0,
        "Research And Development": 17143000.0,
        "Selling General And Administration": 36670000.0,
        "Selling And Marketing Expense": 25802000.0,
        "General And Administrative Expense": 10868000.0,
        "Other Gand A": 10868000.0,
        "Gross Profit": -32189000.0,
        "Cost Of Revenue": 71121000.0,
        "Total Revenue": 38932000.0,
        "Operating Revenue": 38932000.0
    },
    "2024-09-30": {
        "Tax Effect Of Unusual Items": 0.0,
        "Tax Rate For Calcs": 0.21,
        "Normalized EBITDA": -25751000.0,
        "Total Unusual Items": 0.0,
        "Total Unusual Items Excluding Goodwill": 0.0,
        "Net Income From Continuing Operation Net Minority Interest": -35448000.0,
        "Reconciled Depreciation": 7743000.0,
        "Reconciled Cost Of Revenue": 33244000.0,
        "EBITDA": -25751000.0,
        "EBIT": -33494000.0,
        "Net Interest Income": -1462000.0,
        "Interest Expense": 1690000.0,
        "Interest Income": 228000.0,
        "Normalized Income": -35448000.0,
        "Net Income From Continuing And Discontinued Operation": -35448000.0,
        "Total Expenses": 70127000.0,
        "Total Operating Income As Reported": -33722000.0,
        "Diluted Average Shares": NaN,
        "Basic Average Shares": NaN,
        "Diluted EPS": NaN,
        "Basic EPS": NaN,
        "Diluted NI Availto Com Stockholders": -35448000.0,
        "Net Income Common Stockholders": -35448000.0,
        "Net Income": -35448000.0,
        "Net Income Including Noncontrolling Interests": -35448000.0,
        "Net Income Continuous Operations": -35448000.0,
        "Tax Provision": 264000.0,
        "Pretax Income": -35184000.0,
        "Other Income Expense": NaN,
        "Special Income Charges": 0.0,
        "Write Off": 0.0,
        "Impairment Of Capital Assets": 0.0,
        "Restructuring And Mergern Acquisition": NaN,
        "Net Non Operating Interest Income Expense": -1462000.0,
        "Interest Expense Non Operating": 1690000.0,
        "Interest Income Non Operating": 228000.0,
        "Operating Income": -33722000.0,
        "Operating Expense": 36883000.0,
        "Depreciation Amortization Depletion Income Statement": NaN,
        "Depreciation And Amortization In Income Statement": NaN,
        "Amortization": NaN,
        "Amortization Of Intangibles Income Statement": NaN,
        "Research And Development": 11500000.0,
        "Selling General And Administration": 25383000.0,
        "Selling And Marketing Expense": 8053000.0,
        "General And Administrative Expense": 17330000.0,
        "Other Gand A": 17330000.0,
        "Gross Profit": 3161000.0,
        "Cost Of Revenue": 33244000.0,
        "Total Revenue": 36405000.0,
        "Operating Revenue": 36405000.0
    }
}