{
    "2023-03-31": {
        "Tax Effect Of Unusual Items": NaN,
        "Tax Rate For Calcs": NaN,
        "Normalized EBITDA": NaN,
        "Total Unusual Items": 0.0,
        "Total Unusual Items Excluding Goodwill": 0.0,
        "Net Income From Continuing Operation Net Minority Interest": NaN,
        "Reconciled Depreciation": NaN,
        "Reconciled Cost Of Revenue": NaN,
        "EBITDA": NaN,
        "EBIT": NaN,
        "Normalized Income": NaN,
        "Net Income From Continuing And Discontinued Operation": NaN,
        "Total Expenses": NaN,
        "Total Operating Income As Reported": NaN,
        "Diluted Average Shares": NaN,
        "Basic Average Shares": NaN,
        "Diluted EPS": NaN,
        "Basic EPS": NaN,
        "Diluted NI Availto Com Stockholders": NaN,
        "Net Income Common Stockholders": NaN,
        "Net Income": NaN,
        "Net Income Including Noncontrolling Interests": NaN,
        "Net Income Continuous Operations": NaN,
        "Tax Provision": NaN,
        "Pretax Income": NaN,
        "Other Income Expense": NaN,
        "Other Non Operating Income Expenses": NaN,
        "Special Income Charges": 0.0,
        "Impairment Of Capital Assets": 0.0,
        "Operating Income": NaN,
        "Operating Expense": NaN,
        "Depreciation Amortization Depletion Income Statement": NaN,
        "Depreciation And Amortization In Income Statement": NaN,
        "Amortization": NaN,
        "Amortization Of Intangibles Income Statement": NaN,
        "Research And Development": NaN,
        "Selling General And Administration": NaN,
        "Selling And Marketing Expense": NaN,
        "General And Administrative Expense": NaN,
        "Other Gand A": NaN,
        "Gross Profit": NaN,
        "Cost Of Revenue": NaN,
        "Total Revenue": NaN,
        "Operating Revenue": NaN
    },
    "2022-12-31": {
        "Tax Effect Of Unusual Items": NaN,
        "Tax Rate For Calcs": NaN,
        "Normalized EBITDA": NaN,
        "Total Unusual Items": NaN,
        "Total Unusual Items Excluding Goodwill": NaN,
        "Net Income From Continuing Operation Net Minority Interest": NaN,
        "Reconciled Depreciation": NaN,
        "Reconciled Cost Of Revenue": NaN,
        "EBITDA": NaN,
        "EBIT": NaN,
        "Normalized Income": NaN,
        "Net Income From Continuing And Discontinued Operation": NaN,
        "Total Expenses": NaN,
        "Total Operating Income As Reported": NaN,
        "Diluted Average Shares": NaN,
        "Basic Average Shares": NaN,
        "Diluted EPS": NaN,
        "Basic EPS": NaN,
        "Diluted NI Availto Com Stockholders": NaN,
        "Net Income Common Stockholders": NaN,
        "Net Income": NaN,
        "Net Income Including Noncontrolling Interests": NaN,
        "Net Income Continuous Operations": NaN,
        "Tax Provision": NaN,
        "Pretax Income": NaN,
        "Other Income Expense": NaN,
        "Other Non Operating Income Expenses": NaN,
        "Special Income Charges": NaN,
        "Impairment Of Capital Assets": NaN,
        "Operating Income": NaN,
        "Operating Expense": NaN,
        "Other Operating Expenses": -382000.0,
        "Depreciation Amortization Depletion Income Statement": NaN,
        "Depreciation And Amortization In Income Statement": NaN,
        "Amortization": NaN,
        "Amortization Of Intangibles Income Statement": NaN,
        "Research And Development": NaN,
        "Selling General And Administration": NaN,
        "Selling And Marketing Expense": NaN,
        "General And Administrative Expense": NaN,
        "Other Gand A": NaN,
        "Gross Profit": NaN,
        "Cost Of Revenue": NaN,
        "Total Revenue": NaN,
        "Operating Revenue": NaN
    },
    "2022-09-30": {
        "Tax Effect Of Unusual Items": NaN,
        "Tax Rate For Calcs": NaN,
        "Normalized EBITDA": NaN,
        "Total Unusual Items": NaN,
        "Total Unusual Items Excluding Goodwill": NaN,
        "Net Income From Continuing Operation Net Minority Interest": NaN,
        "Reconciled Depreciation": NaN,
        "Reconciled Cost Of Revenue": NaN,
        "EBITDA": NaN,
        "EBIT": NaN,
        "Normalized Income": NaN,
        "Net Income From Continuing And Discontinued Operation": NaN,
        "Total Expenses": NaN,
        "Total Operating Income As Reported": NaN,
        "Diluted Average Shares": NaN,
        "Basic Average Shares": NaN,
        "Diluted EPS": NaN,
        "Basic EPS": NaN,
        "Diluted NI Availto Com Stockholders": NaN,
        "Net Income Common Stockholders": NaN,
        "Net Income": NaN,
        "Net Income Including Noncontrolling Interests": NaN,
        "Net Income Continuous Operations": NaN,
        "Tax Provision": NaN,
        "Pretax Income": NaN,
        "Other Income Expense": NaN,
        "Other Non Operating Income Expenses": NaN,
        "Special Income Charges": NaN,
        "Impairment Of Capital Assets": NaN,
        "Operating Income": NaN,
        "Operating Expense": NaN,
        "Other Operating Expenses": -376000.0,
        "Depreciation Amortization Depletion Income Statement": NaN,
        "Depreciation And Amortization In Income Statement": NaN,
        "Amortization": NaN,
        "Amortization Of Intangibles Income Statement": NaN,
        "Research And Development": NaN,
        "Selling General And Administration": NaN,
        "Selling And Marketing Expense": NaN,
        "General And Administrative Expense": NaN,
        "Other Gand A": NaN,
        "Gross Profit": NaN,
        "Cost Of Revenue": NaN,
        "Total Revenue": NaN,
        "Operating Revenue": NaN
    },
    "2022-06-30": {
        "Tax Effect Of Unusual Items": 0.0,
        "Tax Rate For Calcs": 0.014607,
        "Normalized EBITDA": -14628000.0,
        "Total Unusual Items": 0.0,
        "Total Unusual Items Excluding Goodwill": 0.0,
        "Net Income From Continuing Operation Net Minority Interest": -14639000.0,
        "Reconciled Depreciation": 321000.0,
        "Reconciled Cost Of Revenue": 3750000.0,
        "EBITDA": -14628000.0,
        "EBIT": -14949000.0,
        "Normalized Income": -14639000.0,
        "Net Income From Continuing And Discontinued Operation": -14639000.0,
        "Total Expenses": 22696000.0,
        "Total Operating Income As Reported": -14949000.0,
        "Diluted Average Shares": 19539000.0,
        "Basic Average Shares": 19539000.0,
        "Diluted EPS": -0.75,
        "Basic EPS": -0.75,
        "Diluted NI Availto Com Stockholders": -14639000.0,
        "Net Income Common Stockholders": -14639000.0,
        "Net Income": -14639000.0,
        "Net Income Including Noncontrolling Interests": -14639000.0,
        "Net Income Continuous Operations": -14639000.0,
        "Tax Provision": -217000.0,
        "Pretax Income": -14856000.0,
        "Other Income Expense": 93000.0,
        "Other Non Operating Income Expenses": 93000.0,
        "Special Income Charges": 0.0,
        "Impairment Of Capital Assets": 0.0,
        "Operating Income": -14949000.0,
        "Operating Expense": 18946000.0,
        "Other Operating Expenses": NaN,
        "Depreciation Amortization Depletion Income Statement": 321000.0,
        "Depreciation And Amortization In Income Statement": 321000.0,
        "Amortization": 321000.0,
        "Amortization Of Intangibles Income Statement": 321000.0,
        "Research And Development": 6065000.0,
        "Selling General And Administration": 12560000.0,
        "Selling And Marketing Expense": 8073000.0,
        "General And Administrative Expense": 4487000.0,
        "Other Gand A": 4487000.0,
        "Gross Profit": 3997000.0,
        "Cost Of Revenue": 3750000.0,
        "Total Revenue": 7747000.0,
        "Operating Revenue": 7747000.0
    },
    "2022-03-31": {
        "Diluted EPS": -1.03,
        "Total Revenue": 7,
        "Gross Profit": 3,
        "Operating Income": -18,
        "EBIT": -16,
        "Net Income": -18
    },
    "2021-12-31": {
        "Diluted EPS": -0.5,
        "Total Revenue": 7,
        "Gross Profit": 5,
        "Operating Income": -8,
        "EBIT": -8,
        "Net Income": -8
    },
    "2021-09-30": {
        "Diluted EPS": -0.17,
        "Total Revenue": 6,
        "Gross Profit": 4,
        "Operating Income": -8,
        "EBIT": -6,
        "Net Income": -3
    },
    "2021-06-30": {
        "Diluted EPS": -0.94,
        "Total Revenue": 6,
        "Gross Profit": 4,
        "Operating Income": -15,
        "EBIT": -15,
        "Net Income": -15
    },
    "2021-03-31": {
        "Diluted EPS": -0.5,
        "Total Revenue": 7,
        "Gross Profit": 4,
        "Operating Income": -8,
        "EBIT": -8,
        "Net Income": -8
    },
    "2020-12-31": {
        "Diluted EPS": -1.37,
        "Total Revenue": 6,
        "Gross Profit": 4,
        "Operating Income": -8,
        "EBIT": -7,
        "Net Income": -19
    },
    "2020-09-30": {
        "Diluted EPS": -0.68,
        "Total Revenue": 6,
        "Gross Profit": 4,
        "Operating Income": -8,
        "EBIT": -8,
        "Net Income": -8
    },
    "2020-06-30": {
        "Diluted EPS": -0.62,
        "Total Revenue": 6,
        "Gross Profit": 4,
        "Operating Income": -8,
        "EBIT": -7,
        "Net Income": -7
    },
    "2020-03-31": {
        "Diluted EPS": -0.74,
        "Total Revenue": 6,
        "Gross Profit": 4,
        "Operating Income": -9,
        "EBIT": -8,
        "Net Income": -9
    },
    "2019-12-31": {
        "Diluted EPS": -0.72,
        "Total Revenue": 5,
        "Gross Profit": 4,
        "Operating Income": -9,
        "EBIT": -7,
        "Net Income": -9
    },
    "2019-09-30": {
        "Diluted EPS": -0.65,
        "Total Revenue": 6,
        "Gross Profit": 4,
        "Operating Income": -8,
        "EBIT": -8,
        "Net Income": -8
    },
    "2019-06-30": {
        "Diluted EPS": -0.68,
        "Total Revenue": 6,
        "Gross Profit": 4,
        "Operating Income": -8,
        "EBIT": -8,
        "Net Income": -8
    },
    "2019-03-31": {
        "Diluted EPS": -0.74,
        "Total Revenue": 6,
        "Gross Profit": 4,
        "Operating Income": -9,
        "EBIT": -8,
        "Net Income": -8
    },
    "2018-12-31": {
        "Diluted EPS": -0.7,
        "Total Revenue": 5,
        "Gross Profit": 3,
        "Operating Income": -8,
        "EBIT": -8,
        "Net Income": -8
    },
    "2018-09-30": {
        "Diluted EPS": -0.73,
        "Total Revenue": 5,
        "Gross Profit": 3,
        "Operating Income": -9,
        "EBIT": -8,
        "Net Income": -8
    },
    "2018-06-30": {
        "Diluted EPS": -0.71,
        "Total Revenue": 5,
        "Gross Profit": 3,
        "Operating Income": -8,
        "EBIT": -8,
        "Net Income": -8
    },
    "2018-03-31": {
        "Diluted EPS": -0.72,
        "Total Revenue": 6,
        "Gross Profit": 3,
        "Operating Income": -8,
        "EBIT": -8,
        "Net Income": -8
    },
    "2017-12-31": {
        "Diluted EPS": -0.76,
        "Total Revenue": 5,
        "Gross Profit": 3,
        "Operating Income": -9,
        "EBIT": -8,
        "Net Income": -8
    },
    "2017-09-30": {
        "Diluted EPS": -0.39,
        "Total Revenue": 9,
        "Gross Profit": 7,
        "Operating Income": -4,
        "EBIT": -4,
        "Net Income": -4
    },
    "2017-06-30": {
        "Diluted EPS": -0.68,
        "Total Revenue": 6,
        "Gross Profit": 3,
        "Operating Income": -7,
        "EBIT": -6,
        "Net Income": -7
    },
    "2017-03-31": {
        "Diluted EPS": -0.61,
        "Total Revenue": 6,
        "Gross Profit": 4,
        "Operating Income": -6,
        "EBIT": -6,
        "Net Income": -6
    },
    "2016-12-31": {
        "Diluted EPS": -0.55,
        "Total Revenue": 5,
        "Gross Profit": 3,
        "Operating Income": -6,
        "EBIT": -5,
        "Net Income": -6
    },
    "2016-09-30": {
        "Diluted EPS": -0.55,
        "Total Revenue": 6,
        "Gross Profit": 3,
        "Operating Income": -5,
        "EBIT": -5,
        "Net Income": -5
    },
    "2016-06-30": {
        "Diluted EPS": -0.62,
        "Total Revenue": 5,
        "Gross Profit": 3,
        "Operating Income": -5,
        "EBIT": -5,
        "Net Income": -5
    },
    "2016-03-31": {
        "Diluted EPS": -0.64,
        "Total Revenue": 6,
        "Gross Profit": 3,
        "Operating Income": -5,
        "EBIT": -5,
        "Net Income": -5
    },
    "2015-12-31": {
        "Diluted EPS": -0.63,
        "Total Revenue": 5,
        "Gross Profit": 3,
        "Operating Income": -5,
        "EBIT": -5,
        "Net Income": -5
    },
    "2015-09-30": {
        "Diluted EPS": -0.54,
        "Total Revenue": 5,
        "Gross Profit": 3,
        "Operating Income": -4,
        "EBIT": -4,
        "Net Income": -4
    },
    "2015-06-30": {
        "Diluted EPS": -0.5,
        "Total Revenue": 6,
        "Gross Profit": 3,
        "Operating Income": -4,
        "EBIT": -4,
        "Net Income": -4
    },
    "2015-03-31": {
        "Diluted EPS": -0.52,
        "Total Revenue": 6,
        "Gross Profit": 4,
        "Operating Income": -4,
        "EBIT": -4,
        "Net Income": -4
    },
    "2014-12-31": {
        "Diluted EPS": -1.27,
        "Total Revenue": 6,
        "Gross Profit": 4,
        "Operating Income": -4,
        "EBIT": -4,
        "Net Income": -9
    },
    "2014-09-30": {
        "Diluted EPS": -0.28,
        "Total Revenue": 7,
        "Gross Profit": 5,
        "Operating Income": -3,
        "EBIT": -3,
        "Net Income": -2
    },
    "2014-06-30": {
        "Diluted EPS": -0.38,
        "Total Revenue": 6,
        "Gross Profit": 4,
        "Operating Income": -4,
        "EBIT": -4,
        "Net Income": -3
    },
    "2014-03-31": {
        "Diluted EPS": -0.29,
        "Total Revenue": 7,
        "Gross Profit": 5,
        "Operating Income": -3,
        "EBIT": -3,
        "Net Income": -2
    },
    "2013-12-31": {
        "Diluted EPS": -0.19,
        "Total Revenue": 7,
        "Gross Profit": 5,
        "Operating Income": -3,
        "EBIT": -3,
        "Net Income": -1
    },
    "2013-09-30": {
        "Diluted EPS": -0.12,
        "Total Revenue": 7,
        "Gross Profit": 5,
        "Operating Income": -2,
        "EBIT": -2,
        "Net Income": -1
    },
    "2013-06-30": {
        "Diluted EPS": 0.08,
        "Total Revenue": 10,
        "Gross Profit": 8,
        "Operating Income": 1,
        "EBIT": 2,
        "Net Income": 1
    },
    "2013-03-31": {
        "Diluted EPS": 0.13,
        "Total Revenue": 10,
        "Gross Profit": 8,
        "Operating Income": 2,
        "EBIT": 2,
        "Net Income": 1
    },
    "2012-12-31": {
        "Diluted EPS": 0.11,
        "Total Revenue": 9,
        "Gross Profit": 8,
        "Operating Income": 2,
        "EBIT": 2,
        "Net Income": 1
    },
    "2012-09-30": {
        "Diluted EPS": 0.14,
        "Total Revenue": 9,
        "Gross Profit": 7,
        "Operating Income": 2,
        "EBIT": 2,
        "Net Income": 1
    },
    "2012-06-30": {
        "Diluted EPS": 0.17,
        "Total Revenue": 9,
        "Gross Profit": 8,
        "Operating Income": 2,
        "EBIT": 2,
        "Net Income": 1
    },
    "2012-03-31": {
        "Diluted EPS": 0.7,
        "Total Revenue": 17,
        "Gross Profit": 15,
        "Operating Income": 9,
        "EBIT": 9,
        "Net Income": 5
    },
    "2011-12-31": {
        "Diluted EPS": 0.05,
        "Total Revenue": 9,
        "Gross Profit": 7,
        "Operating Income": 1,
        "EBIT": 1,
        "Net Income": 0
    },
    "2011-09-30": {
        "Diluted EPS": 0.09,
        "Total Revenue": 9,
        "Gross Profit": 7,
        "Operating Income": 1,
        "EBIT": 2,
        "Net Income": 1
    },
    "2011-06-30": {
        "Diluted EPS": 0.5,
        "Total Revenue": 9,
        "Gross Profit": 8,
        "Operating Income": 2,
        "EBIT": 3,
        "Net Income": 4
    },
    "2011-03-31": {
        "Diluted EPS": 0.12,
        "Total Revenue": 9,
        "Gross Profit": 7,
        "Operating Income": 1,
        "EBIT": 2,
        "Net Income": 1
    },
    "2010-12-31": {
        "Diluted EPS": 0.38,
        "Total Revenue": 10,
        "Gross Profit": 9,
        "Operating Income": 3,
        "EBIT": 3,
        "Net Income": 3
    },
    "2010-09-30": {
        "Diluted EPS": -0.21,
        "Total Revenue": 5,
        "Gross Profit": 4,
        "Operating Income": -1,
        "EBIT": -1,
        "Net Income": -1
    },
    "2010-06-30": {
        "Diluted EPS": -0.13,
        "Total Revenue": 5,
        "Gross Profit": 4,
        "Operating Income": 0,
        "EBIT": 0,
        "Net Income": -1
    },
    "2010-03-31": {
        "Diluted EPS": 0.51,
        "Total Revenue": 10,
        "Gross Profit": 8,
        "Operating Income": 4,
        "EBIT": 4,
        "Net Income": 4
    },
    "2009-12-31": {
        "Diluted EPS": -0.09,
        "Total Revenue": 6,
        "Gross Profit": 4,
        "Operating Income": 0,
        "EBIT": 0,
        "Net Income": -1
    },
    "2009-09-30": {
        "Diluted EPS": -0.1,
        "Total Revenue": 5,
        "Gross Profit": 3,
        "Operating Income": 0,
        "EBIT": 0,
        "Net Income": -1
    },
    "2009-06-30": {
        "Diluted EPS": -0.09,
        "Total Revenue": 4,
        "Gross Profit": 3,
        "Operating Income": -1,
        "EBIT": -1,
        "Net Income": -1
    },
    "2009-03-31": {
        "Diluted EPS": -0.11,
        "Total Revenue": 4,
        "Gross Profit": 3,
        "Operating Income": -1,
        "EBIT": -1,
        "Net Income": -1
    },
    "2023-06-30": {
        "Tax Effect Of Unusual Items": -52500.0,
        "Tax Rate For Calcs": 0.21,
        "Normalized EBITDA": -8797000.0,
        "Total Unusual Items": -250000.0,
        "Total Unusual Items Excluding Goodwill": -250000.0,
        "Net Income From Continuing Operation Net Minority Interest": -10623000.0,
        "Reconciled Depreciation": 1971000.0,
        "Reconciled Cost Of Revenue": 2158000.0,
        "EBITDA": -9047000.0,
        "EBIT": -11018000.0,
        "Normalized Income": -10425500.0,
        "Net Income From Continuing And Discontinued Operation": -10623000.0,
        "Total Expenses": 19748000.0,
        "Total Operating Income As Reported": -11268000.0,
        "Diluted Average Shares": 20162000.0,
        "Basic Average Shares": 20162000.0,
        "Diluted EPS": -0.53,
        "Basic EPS": -0.53,
        "Diluted NI Availto Com Stockholders": -10623000.0,
        "Net Income Common Stockholders": -10623000.0,
        "Net Income": -10623000.0,
        "Net Income Including Noncontrolling Interests": -10623000.0,
        "Net Income Continuous Operations": -10623000.0,
        "Tax Provision": 2000.0,
        "Pretax Income": -10621000.0,
        "Other Income Expense": 397000.0,
        "Other Non Operating Income Expenses": 647000.0,
        "Special Income Charges": -250000.0,
        "Impairment Of Capital Assets": 250000.0,
        "Operating Income": -11018000.0,
        "Operating Expense": 15887000.0,
        "Depreciation Amortization Depletion Income Statement": 268000.0,
        "Depreciation And Amortization In Income Statement": 268000.0,
        "Amortization": 268000.0,
        "Amortization Of Intangibles Income Statement": 268000.0,
        "Research And Development": 6161000.0,
        "Selling General And Administration": 9458000.0,
        "Selling And Marketing Expense": 5106000.0,
        "General And Administrative Expense": 4352000.0,
        "Other Gand A": 4352000.0,
        "Gross Profit": 4869000.0,
        "Cost Of Revenue": 3861000.0,
        "Total Revenue": 8730000.0,
        "Operating Revenue": 8730000.0
    },
    "2023-09-30": {
        "Tax Effect Of Unusual Items": 0.0,
        "Tax Rate For Calcs": 0.21,
        "Normalized EBITDA": -9061000.0,
        "Total Unusual Items": 0.0,
        "Total Unusual Items Excluding Goodwill": 0.0,
        "Net Income From Continuing Operation Net Minority Interest": -10723000.0,
        "Reconciled Depreciation": 2095000.0,
        "Reconciled Cost Of Revenue": 1948000.0,
        "EBITDA": -9061000.0,
        "EBIT": -11156000.0,
        "Normalized Income": -10723000.0,
        "Net Income From Continuing And Discontinued Operation": -10723000.0,
        "Total Expenses": 20150000.0,
        "Total Operating Income As Reported": -11156000.0,
        "Diluted Average Shares": 20217000.0,
        "Basic Average Shares": 20217000.0,
        "Diluted EPS": -0.53,
        "Basic EPS": -0.53,
        "Diluted NI Availto Com Stockholders": -10723000.0,
        "Net Income Common Stockholders": -10723000.0,
        "Net Income": -10723000.0,
        "Net Income Including Noncontrolling Interests": -10723000.0,
        "Net Income Continuous Operations": -10723000.0,
        "Tax Provision": 45000.0,
        "Pretax Income": -10678000.0,
        "Other Income Expense": 478000.0,
        "Other Non Operating Income Expenses": 478000.0,
        "Special Income Charges": 0.0,
        "Impairment Of Capital Assets": 0.0,
        "Operating Income": -11156000.0,
        "Operating Expense": 16379000.0,
        "Depreciation Amortization Depletion Income Statement": 272000.0,
        "Depreciation And Amortization In Income Statement": 272000.0,
        "Amortization": 272000.0,
        "Amortization Of Intangibles Income Statement": 272000.0,
        "Research And Development": 6308000.0,
        "Selling General And Administration": 9799000.0,
        "Selling And Marketing Expense": 5366000.0,
        "General And Administrative Expense": 4433000.0,
        "Other Gand A": 4433000.0,
        "Gross Profit": 5223000.0,
        "Cost Of Revenue": 3771000.0,
        "Total Revenue": 8994000.0,
        "Operating Revenue": 8994000.0
    },
    "2023-12-31": {
        "Tax Effect Of Unusual Items": 0.0,
        "Tax Rate For Calcs": 0.21,
        "Normalized EBITDA": -9080000.0,
        "Total Unusual Items": 0.0,
        "Total Unusual Items Excluding Goodwill": 0.0,
        "Net Income From Continuing Operation Net Minority Interest": -10573000.0,
        "Reconciled Depreciation": 1936000.0,
        "Reconciled Cost Of Revenue": 1784000.0,
        "EBITDA": -9080000.0,
        "EBIT": -11016000.0,
        "Normalized Income": -10573000.0,
        "Net Income From Continuing And Discontinued Operation": -10573000.0,
        "Total Expenses": 20300000.0,
        "Total Operating Income As Reported": -11016000.0,
        "Diluted Average Shares": 20369000.0,
        "Basic Average Shares": 20369000.0,
        "Diluted EPS": -0.52,
        "Basic EPS": -0.52,
        "Diluted NI Availto Com Stockholders": -10573000.0,
        "Net Income Common Stockholders": -10573000.0,
        "Net Income": -10573000.0,
        "Net Income Including Noncontrolling Interests": -10573000.0,
        "Net Income Continuous Operations": -10573000.0,
        "Tax Provision": 139000.0,
        "Pretax Income": -10434000.0,
        "Other Income Expense": 582000.0,
        "Other Non Operating Income Expenses": 582000.0,
        "Special Income Charges": 0.0,
        "Impairment Of Capital Assets": 0.0,
        "Operating Income": -11016000.0,
        "Operating Expense": 16845000.0,
        "Depreciation Amortization Depletion Income Statement": 265000.0,
        "Depreciation And Amortization In Income Statement": 265000.0,
        "Amortization": 265000.0,
        "Amortization Of Intangibles Income Statement": 265000.0,
        "Research And Development": 6282000.0,
        "Selling General And Administration": 10298000.0,
        "Selling And Marketing Expense": 5639000.0,
        "General And Administrative Expense": 4659000.0,
        "Other Gand A": 4659000.0,
        "Gross Profit": 5829000.0,
        "Cost Of Revenue": 3455000.0,
        "Total Revenue": 9284000.0,
        "Operating Revenue": 9284000.0
    },
    "2024-03-31": {
        "Tax Effect Of Unusual Items": 0.0,
        "Tax Rate For Calcs": 0.0,
        "Normalized EBITDA": -8894000.0,
        "Total Unusual Items": NaN,
        "Total Unusual Items Excluding Goodwill": NaN,
        "Net Income From Continuing Operation Net Minority Interest": -10338000.0,
        "Reconciled Depreciation": 1963000.0,
        "Reconciled Cost Of Revenue": 2035000.0,
        "EBITDA": -8894000.0,
        "EBIT": -10857000.0,
        "Normalized Income": -10338000.0,
        "Net Income From Continuing And Discontinued Operation": -10338000.0,
        "Total Expenses": 20795000.0,
        "Total Operating Income As Reported": -10857000.0,
        "Diluted Average Shares": 20730000.0,
        "Basic Average Shares": 20730000.0,
        "Diluted EPS": -0.5,
        "Basic EPS": -0.5,
        "Diluted NI Availto Com Stockholders": -10338000.0,
        "Net Income Common Stockholders": -10338000.0,
        "Net Income": -10338000.0,
        "Net Income Including Noncontrolling Interests": -10338000.0,
        "Net Income Continuous Operations": -10338000.0,
        "Tax Provision": 9000.0,
        "Pretax Income": -10329000.0,
        "Other Income Expense": 528000.0,
        "Other Non Operating Income Expenses": 528000.0,
        "Special Income Charges": NaN,
        "Impairment Of Capital Assets": NaN,
        "Operating Income": -10857000.0,
        "Operating Expense": 17069000.0,
        "Depreciation Amortization Depletion Income Statement": 272000.0,
        "Depreciation And Amortization In Income Statement": 272000.0,
        "Amortization": 272000.0,
        "Amortization Of Intangibles Income Statement": 272000.0,
        "Research And Development": 6741000.0,
        "Selling General And Administration": 10056000.0,
        "Selling And Marketing Expense": 5536000.0,
        "General And Administrative Expense": 4520000.0,
        "Other Gand A": 4520000.0,
        "Gross Profit": 6212000.0,
        "Cost Of Revenue": 3726000.0,
        "Total Revenue": 9938000.0,
        "Operating Revenue": 9938000.0
    },
    "2024-06-30": {
        "Tax Effect Of Unusual Items": 0.0,
        "Tax Rate For Calcs": 0.21,
        "Normalized EBITDA": -8128000.0,
        "Total Unusual Items": 0.0,
        "Total Unusual Items Excluding Goodwill": 0.0,
        "Net Income From Continuing Operation Net Minority Interest": -9270000.0,
        "Reconciled Depreciation": 1854000.0,
        "Reconciled Cost Of Revenue": 1933000.0,
        "EBITDA": -8128000.0,
        "EBIT": -9982000.0,
        "Normalized Income": -9270000.0,
        "Net Income From Continuing And Discontinued Operation": -9270000.0,
        "Total Expenses": 20361000.0,
        "Total Operating Income As Reported": -9982000.0,
        "Diluted Average Shares": 21392000.0,
        "Basic Average Shares": 21392000.0,
        "Diluted EPS": -0.43,
        "Basic EPS": -0.43,
        "Diluted NI Availto Com Stockholders": -9270000.0,
        "Net Income Common Stockholders": -9270000.0,
        "Net Income": -9270000.0,
        "Net Income Including Noncontrolling Interests": -9270000.0,
        "Net Income Continuous Operations": -9270000.0,
        "Tax Provision": 11000.0,
        "Pretax Income": -9259000.0,
        "Other Income Expense": 723000.0,
        "Other Non Operating Income Expenses": 723000.0,
        "Special Income Charges": 0.0,
        "Impairment Of Capital Assets": 0.0,
        "Operating Income": -9982000.0,
        "Operating Expense": 16845000.0,
        "Depreciation Amortization Depletion Income Statement": 271000.0,
        "Depreciation And Amortization In Income Statement": 271000.0,
        "Amortization": 271000.0,
        "Amortization Of Intangibles Income Statement": 271000.0,
        "Research And Development": 6644000.0,
        "Selling General And Administration": 9930000.0,
        "Selling And Marketing Expense": 5616000.0,
        "General And Administrative Expense": 4314000.0,
        "Other Gand A": 4314000.0,
        "Gross Profit": 6863000.0,
        "Cost Of Revenue": 3516000.0,
        "Total Revenue": 10379000.0,
        "Operating Revenue": 10379000.0
    }
}