{
    "2023-03-31": {
        "Tax Effect Of Unusual Items": 0.0,
        "Tax Rate For Calcs": 0.0,
        "Normalized EBITDA": -30365000.0,
        "Total Unusual Items": -7000.0,
        "Total Unusual Items Excluding Goodwill": -7000.0,
        "Net Income From Continuing Operation Net Minority Interest": -31270000.0,
        "Reconciled Depreciation": 1673000.0,
        "Reconciled Cost Of Revenue": 3821000.0,
        "EBITDA": -30372000.0,
        "EBIT": -32045000.0,
        "Net Interest Income": 782000.0,
        "Interest Income": 782000.0,
        "Normalized Income": -31263000.0,
        "Net Income From Continuing And Discontinued Operation": -31270000.0,
        "Total Expenses": 35522000.0,
        "Total Operating Income As Reported": -32045000.0,
        "Diluted Average Shares": NaN,
        "Basic Average Shares": 30557216.0,
        "Diluted EPS": -1.02,
        "Basic EPS": -1.02,
        "Diluted NI Availto Com Stockholders": -31270000.0,
        "Net Income Common Stockholders": -31270000.0,
        "Net Income": -31270000.0,
        "Net Income Including Noncontrolling Interests": -31270000.0,
        "Net Income Continuous Operations": -31270000.0,
        "Pretax Income": -31270000.0,
        "Other Income Expense": -7000.0,
        "Gain On Sale Of Security": -7000.0,
        "Net Non Operating Interest Income Expense": 782000.0,
        "Interest Income Non Operating": 782000.0,
        "Operating Income": -32045000.0,
        "Operating Expense": 31701000.0,
        "Research And Development": 4409000.0,
        "Selling General And Administration": 27292000.0,
        "Selling And Marketing Expense": 15417000.0,
        "General And Administrative Expense": 11875000.0,
        "Other Gand A": 11875000.0,
        "Gross Profit": -344000.0,
        "Cost Of Revenue": 3821000.0,
        "Total Revenue": 3477000.0,
        "Operating Revenue": 3477000.0
    },
    "2022-12-31": {
        "Tax Effect Of Unusual Items": 0.0,
        "Tax Rate For Calcs": 0.0,
        "Normalized EBITDA": -27409000.0,
        "Total Unusual Items": 15000.0,
        "Total Unusual Items Excluding Goodwill": 15000.0,
        "Net Income From Continuing Operation Net Minority Interest": -28223000.0,
        "Reconciled Depreciation": 1485000.0,
        "Reconciled Cost Of Revenue": 3350000.0,
        "EBITDA": -27394000.0,
        "EBIT": -28879000.0,
        "Net Interest Income": 641000.0,
        "Interest Income": 641000.0,
        "Normalized Income": -28238000.0,
        "Net Income From Continuing And Discontinued Operation": -28223000.0,
        "Total Expenses": 31873000.0,
        "Total Operating Income As Reported": -28879000.0,
        "Diluted Average Shares": 30245264.0,
        "Basic Average Shares": 30245264.0,
        "Diluted EPS": -0.93,
        "Basic EPS": -0.93,
        "Diluted NI Availto Com Stockholders": -28223000.0,
        "Net Income Common Stockholders": -28223000.0,
        "Net Income": -28223000.0,
        "Net Income Including Noncontrolling Interests": -28223000.0,
        "Net Income Continuous Operations": -28223000.0,
        "Pretax Income": -28223000.0,
        "Other Income Expense": 15000.0,
        "Gain On Sale Of Security": 15000.0,
        "Net Non Operating Interest Income Expense": 641000.0,
        "Interest Income Non Operating": 641000.0,
        "Operating Income": -28879000.0,
        "Operating Expense": 28523000.0,
        "Research And Development": 5097000.0,
        "Selling General And Administration": 23426000.0,
        "Selling And Marketing Expense": 13598000.0,
        "General And Administrative Expense": 9828000.0,
        "Other Gand A": 9828000.0,
        "Gross Profit": -356000.0,
        "Cost Of Revenue": 3350000.0,
        "Total Revenue": 2994000.0,
        "Operating Revenue": 2994000.0
    },
    "2022-09-30": {
        "Tax Effect Of Unusual Items": 0.0,
        "Tax Rate For Calcs": 0.0,
        "Normalized EBITDA": -28165000.0,
        "Total Unusual Items": 4000.0,
        "Total Unusual Items Excluding Goodwill": 4000.0,
        "Net Income From Continuing Operation Net Minority Interest": -28772000.0,
        "Reconciled Depreciation": 1100000.0,
        "Reconciled Cost Of Revenue": 3694000.0,
        "EBITDA": -28161000.0,
        "EBIT": -29261000.0,
        "Net Interest Income": 485000.0,
        "Interest Income": 485000.0,
        "Normalized Income": -28776000.0,
        "Net Income From Continuing And Discontinued Operation": -28772000.0,
        "Total Expenses": 32834000.0,
        "Total Operating Income As Reported": -29261000.0,
        "Diluted Average Shares": 30096261.0,
        "Basic Average Shares": 30096261.0,
        "Diluted EPS": -0.96,
        "Basic EPS": -0.96,
        "Diluted NI Availto Com Stockholders": -28772000.0,
        "Net Income Common Stockholders": -28772000.0,
        "Net Income": -28772000.0,
        "Net Income Including Noncontrolling Interests": -28772000.0,
        "Net Income Continuous Operations": -28772000.0,
        "Pretax Income": -28772000.0,
        "Other Income Expense": 4000.0,
        "Gain On Sale Of Security": 4000.0,
        "Net Non Operating Interest Income Expense": 485000.0,
        "Interest Income Non Operating": 485000.0,
        "Operating Income": -29261000.0,
        "Operating Expense": 29140000.0,
        "Research And Development": 5702000.0,
        "Selling General And Administration": 23438000.0,
        "Selling And Marketing Expense": 14632000.0,
        "General And Administrative Expense": 8806000.0,
        "Other Gand A": 8806000.0,
        "Gross Profit": -121000.0,
        "Cost Of Revenue": 3694000.0,
        "Total Revenue": 3573000.0,
        "Operating Revenue": 3573000.0
    },
    "2022-06-30": {
        "Tax Effect Of Unusual Items": 0.0,
        "Tax Rate For Calcs": 0.0,
        "Normalized EBITDA": -28871000.0,
        "Total Unusual Items": 105000.0,
        "Total Unusual Items Excluding Goodwill": 105000.0,
        "Net Income From Continuing Operation Net Minority Interest": -29580000.0,
        "Reconciled Depreciation": 1068000.0,
        "Reconciled Cost Of Revenue": 3273000.0,
        "EBITDA": -28766000.0,
        "EBIT": -29834000.0,
        "Net Interest Income": 149000.0,
        "Interest Income": 149000.0,
        "Normalized Income": -29685000.0,
        "Net Income From Continuing And Discontinued Operation": -29580000.0,
        "Total Expenses": 34067000.0,
        "Total Operating Income As Reported": -29834000.0,
        "Diluted Average Shares": 29964849.0,
        "Basic Average Shares": 29964849.0,
        "Diluted EPS": -0.99,
        "Basic EPS": -0.99,
        "Diluted NI Availto Com Stockholders": -29580000.0,
        "Net Income Common Stockholders": -29580000.0,
        "Net Income": -29580000.0,
        "Net Income Including Noncontrolling Interests": -29580000.0,
        "Net Income Continuous Operations": -29580000.0,
        "Pretax Income": -29580000.0,
        "Other Income Expense": 105000.0,
        "Gain On Sale Of Security": 105000.0,
        "Net Non Operating Interest Income Expense": 149000.0,
        "Interest Income Non Operating": 149000.0,
        "Operating Income": -29834000.0,
        "Operating Expense": 30794000.0,
        "Research And Development": 6915000.0,
        "Selling General And Administration": 23879000.0,
        "Selling And Marketing Expense": 15001000.0,
        "General And Administrative Expense": 8878000.0,
        "Other Gand A": 8878000.0,
        "Gross Profit": 960000.0,
        "Cost Of Revenue": 3273000.0,
        "Total Revenue": 4233000.0,
        "Operating Revenue": 4233000.0
    },
    "2022-03-31": {
        "Diluted EPS": -1.01,
        "Total Revenue": 4,
        "Gross Profit": 0,
        "Operating Income": -30,
        "EBIT": -29,
        "Net Income": -30
    },
    "2021-12-31": {
        "Diluted EPS": -0.89,
        "Total Revenue": 3,
        "Gross Profit": 0,
        "Operating Income": -26,
        "EBIT": -25,
        "Net Income": -26
    },
    "2021-09-30": {
        "Diluted EPS": -0.68,
        "Total Revenue": 3,
        "Gross Profit": 0,
        "Operating Income": -20,
        "EBIT": -20,
        "Net Income": -20
    },
    "2021-06-30": {
        "Diluted EPS": -0.59,
        "Total Revenue": 3,
        "Gross Profit": 0,
        "Operating Income": -17,
        "EBIT": -17,
        "Net Income": -17
    },
    "2021-03-31": {
        "Diluted EPS": -0.55,
        "Total Revenue": 3,
        "Gross Profit": 1,
        "Operating Income": -13,
        "EBIT": -13,
        "Net Income": -15
    },
    "2020-12-31": {
        "Diluted EPS": -0.54,
        "Total Revenue": 2,
        "Gross Profit": 0,
        "Operating Income": -9,
        "EBIT": -9,
        "Net Income": -11
    },
    "2020-09-30": {
        "Diluted EPS": -0.49,
        "Total Revenue": 1,
        "Gross Profit": 0,
        "Operating Income": -9,
        "EBIT": -9,
        "Net Income": -9
    },
    "2020-06-30": {
        "Diluted EPS": -0.59,
        "Total Revenue": 1,
        "Gross Profit": -1,
        "Operating Income": -9,
        "EBIT": -9,
        "Net Income": -10
    },
    "2020-03-31": {
        "Diluted EPS": -0.53,
        "Total Revenue": 2,
        "Gross Profit": 0,
        "Operating Income": -7,
        "EBIT": -7,
        "Net Income": -7
    },
    "2019-12-31": {
        "Diluted EPS": -0.06,
        "Total Revenue": 2,
        "Gross Profit": 0,
        "Operating Income": -5,
        "EBIT": -5,
        "Net Income": -6
    },
    "2019-09-30": {
        "Diluted EPS": -0.8,
        "Total Revenue": 1,
        "Gross Profit": 0,
        "Operating Income": -6,
        "EBIT": -6,
        "Net Income": -6
    },
    "2019-06-30": {
        "Diluted EPS": -0.84,
        "Total Revenue": 1,
        "Gross Profit": 0,
        "Operating Income": -3,
        "EBIT": -3,
        "Net Income": -4
    },
    "2019-03-31": {
        "Diluted EPS": -1.17,
        "Total Revenue": 1,
        "Gross Profit": 0,
        "Operating Income": -3,
        "EBIT": -1,
        "Net Income": -5
    },
    "2018-12-31": {
        "Diluted EPS": 0.1,
        "Total Revenue": NaN,
        "Gross Profit": 0,
        "Operating Income": 0,
        "EBIT": NaN,
        "Net Income": 1
    },
    "2018-09-30": {
        "Diluted EPS": -0.5,
        "Total Revenue": 1,
        "Gross Profit": 0,
        "Operating Income": -2,
        "EBIT": -2,
        "Net Income": -2
    },
    "2018-06-30": {
        "Diluted EPS": -0.04,
        "Total Revenue": NaN,
        "Gross Profit": 0,
        "Operating Income": 0,
        "EBIT": 0,
        "Net Income": 0
    },
    "2018-03-31": {
        "Diluted EPS": 0.0,
        "Total Revenue": NaN,
        "Gross Profit": NaN,
        "Operating Income": NaN,
        "EBIT": NaN,
        "Net Income": NaN
    },
    "2017-12-31": {
        "Diluted EPS": 0.02,
        "Total Revenue": NaN,
        "Gross Profit": 0,
        "Operating Income": 0,
        "EBIT": 0,
        "Net Income": 0
    },
    "2017-09-30": {
        "Diluted EPS": 0.04,
        "Total Revenue": NaN,
        "Gross Profit": 0,
        "Operating Income": 0,
        "EBIT": 0,
        "Net Income": 0
    },
    "2017-06-30": {
        "Diluted EPS": -0.02,
        "Total Revenue": NaN,
        "Gross Profit": 0,
        "Operating Income": 0,
        "EBIT": 0,
        "Net Income": 0
    },
    "2017-03-31": {
        "Diluted EPS": 0.0,
        "Total Revenue": NaN,
        "Gross Profit": NaN,
        "Operating Income": NaN,
        "EBIT": NaN,
        "Net Income": NaN
    },
    "2016-12-31": {
        "Diluted EPS": 0.0,
        "Total Revenue": NaN,
        "Gross Profit": NaN,
        "Operating Income": NaN,
        "EBIT": NaN,
        "Net Income": NaN
    },
    "2016-09-30": {
        "Diluted EPS": 0.0,
        "Total Revenue": NaN,
        "Gross Profit": 0,
        "Operating Income": 0,
        "EBIT": 0,
        "Net Income": 0
    },
    "2016-06-30": {
        "Diluted EPS": 0.0,
        "Total Revenue": NaN,
        "Gross Profit": 0,
        "Operating Income": 0,
        "EBIT": 0,
        "Net Income": 0
    },
    "2023-06-30": {
        "Tax Effect Of Unusual Items": 0.0,
        "Tax Rate For Calcs": 0.0,
        "Normalized EBITDA": -30659000.0,
        "Total Unusual Items": 6000.0,
        "Total Unusual Items Excluding Goodwill": 6000.0,
        "Net Income From Continuing Operation Net Minority Interest": -31363000.0,
        "Reconciled Depreciation": 1479000.0,
        "Reconciled Cost Of Revenue": 3972000.0,
        "EBITDA": -30653000.0,
        "EBIT": -32132000.0,
        "Net Interest Income": 763000.0,
        "Interest Income": 763000.0,
        "Normalized Income": -31369000.0,
        "Net Income From Continuing And Discontinued Operation": -31363000.0,
        "Total Expenses": 36112000.0,
        "Total Operating Income As Reported": -32132000.0,
        "Diluted Average Shares": 31791736.0,
        "Basic Average Shares": 31791736.0,
        "Diluted EPS": -0.99,
        "Basic EPS": NaN,
        "Diluted NI Availto Com Stockholders": -31363000.0,
        "Net Income Common Stockholders": -31363000.0,
        "Net Income": -31363000.0,
        "Net Income Including Noncontrolling Interests": -31363000.0,
        "Net Income Continuous Operations": -31363000.0,
        "Pretax Income": -31363000.0,
        "Other Income Expense": 6000.0,
        "Gain On Sale Of Security": 6000.0,
        "Net Non Operating Interest Income Expense": 763000.0,
        "Interest Income Non Operating": 763000.0,
        "Operating Income": -32132000.0,
        "Operating Expense": 32140000.0,
        "Research And Development": 3887000.0,
        "Selling General And Administration": 28253000.0,
        "Selling And Marketing Expense": 13033000.0,
        "General And Administrative Expense": 15220000.0,
        "Other Gand A": 15220000.0,
        "Gross Profit": 8000.0,
        "Cost Of Revenue": 3972000.0,
        "Total Revenue": 3980000.0,
        "Operating Revenue": 3980000.0
    },
    "2023-09-30": {
        "Tax Effect Of Unusual Items": 0.0,
        "Tax Rate For Calcs": 0.0,
        "Normalized EBITDA": -18467000.0,
        "Total Unusual Items": 5000.0,
        "Total Unusual Items Excluding Goodwill": 5000.0,
        "Net Income From Continuing Operation Net Minority Interest": -19164000.0,
        "Reconciled Depreciation": 1348000.0,
        "Reconciled Cost Of Revenue": 3743000.0,
        "EBITDA": -18462000.0,
        "EBIT": -19810000.0,
        "Net Interest Income": 641000.0,
        "Interest Income": 641000.0,
        "Normalized Income": -19169000.0,
        "Net Income From Continuing And Discontinued Operation": -19164000.0,
        "Total Expenses": 23725000.0,
        "Total Operating Income As Reported": -19810000.0,
        "Diluted Average Shares": NaN,
        "Basic Average Shares": 33835370.0,
        "Diluted EPS": -0.57,
        "Basic EPS": -0.57,
        "Diluted NI Availto Com Stockholders": -19164000.0,
        "Net Income Common Stockholders": -19164000.0,
        "Net Income": -19164000.0,
        "Net Income Including Noncontrolling Interests": -19164000.0,
        "Net Income Continuous Operations": -19164000.0,
        "Pretax Income": -19164000.0,
        "Other Income Expense": 5000.0,
        "Gain On Sale Of Security": 5000.0,
        "Net Non Operating Interest Income Expense": 641000.0,
        "Interest Income Non Operating": 641000.0,
        "Operating Income": -19810000.0,
        "Operating Expense": 19982000.0,
        "Research And Development": 3595000.0,
        "Selling General And Administration": 16387000.0,
        "Selling And Marketing Expense": 8123000.0,
        "General And Administrative Expense": 8264000.0,
        "Other Gand A": 8264000.0,
        "Gross Profit": 172000.0,
        "Cost Of Revenue": 3743000.0,
        "Total Revenue": 3915000.0,
        "Operating Revenue": 3915000.0
    }
}