{
    "2023-12-31": {
        "Tax Effect Of Unusual Items": 18491600.0,
        "Tax Rate For Calcs": 0.4,
        "Normalized EBITDA": -13653000.0,
        "Total Unusual Items": 46229000.0,
        "Total Unusual Items Excluding Goodwill": 46229000.0,
        "Net Income From Continuing Operation Net Minority Interest": 33466000.0,
        "Reconciled Depreciation": 2457000.0,
        "Reconciled Cost Of Revenue": -4207000.0,
        "EBITDA": 32576000.0,
        "EBIT": 30119000.0,
        "Net Interest Income": 2310000.0,
        "Interest Expense": -2699000.0,
        "Interest Income": 1868000.0,
        "Normalized Income": 5728600.0,
        "Net Income From Continuing And Discontinued Operation": 34477000.0,
        "Total Expenses": 12785000.0,
        "Diluted Average Shares": NaN,
        "Basic Average Shares": NaN,
        "Diluted EPS": NaN,
        "Basic EPS": NaN,
        "Diluted NI Availto Com Stockholders": 34477000.0,
        "Net Income Common Stockholders": 34477000.0,
        "Net Income": 34477000.0,
        "Net Income Including Noncontrolling Interests": 34477000.0,
        "Net Income Discontinuous Operations": NaN,
        "Net Income Continuous Operations": 33466000.0,
        "Tax Provision": -648000.0,
        "Pretax Income": 32818000.0,
        "Other Income Expense": 48783000.0,
        "Other Non Operating Income Expenses": 3140000.0,
        "Special Income Charges": 0.0,
        "Gain On Sale Of Ppe": 0.0,
        "Earnings From Equity Interest": -586000.0,
        "Gain On Sale Of Security": 46229000.0,
        "Net Non Operating Interest Income Expense": 2310000.0,
        "Total Other Finance Cost": 2257000.0,
        "Interest Expense Non Operating": -2699000.0,
        "Interest Income Non Operating": 1868000.0,
        "Operating Income": -18275000.0,
        "Operating Expense": 16992000.0,
        "Other Operating Expenses": 12709000.0,
        "Selling General And Administration": 4283000.0,
        "Selling And Marketing Expense": 0.0,
        "General And Administrative Expense": 4283000.0,
        "Other Gand A": 4298000.0,
        "Salaries And Wages": NaN,
        "Gross Profit": -1283000.0,
        "Cost Of Revenue": -4207000.0,
        "Total Revenue": -5490000.0,
        "Operating Revenue": -5490000.0
    },
    "2023-09-30": {
        "Tax Effect Of Unusual Items": 27146000.0,
        "Tax Rate For Calcs": 0.4,
        "Normalized EBITDA": -8921000.0,
        "Total Unusual Items": 67865000.0,
        "Total Unusual Items Excluding Goodwill": 67865000.0,
        "Net Income From Continuing Operation Net Minority Interest": 57916000.0,
        "Reconciled Depreciation": 2043000.0,
        "Reconciled Cost Of Revenue": 797000.0,
        "EBITDA": 58944000.0,
        "EBIT": 56901000.0,
        "Net Interest Income": 3000.0,
        "Interest Expense": 2000.0,
        "Interest Income": 741000.0,
        "Normalized Income": 17197000.0,
        "Net Income From Continuing And Discontinued Operation": 58237000.0,
        "Total Expenses": 11486000.0,
        "Diluted Average Shares": 847684000.0,
        "Basic Average Shares": 840036000.0,
        "Diluted EPS": 0.07,
        "Basic EPS": 0.07,
        "Diluted NI Availto Com Stockholders": 58237000.0,
        "Net Income Common Stockholders": 58237000.0,
        "Net Income": 58237000.0,
        "Net Income Including Noncontrolling Interests": 58237000.0,
        "Net Income Discontinuous Operations": 321000.0,
        "Net Income Continuous Operations": 57916000.0,
        "Tax Provision": -1017000.0,
        "Pretax Income": 56899000.0,
        "Other Income Expense": 67605000.0,
        "Other Non Operating Income Expenses": 199000.0,
        "Special Income Charges": 0.0,
        "Gain On Sale Of Ppe": 0.0,
        "Earnings From Equity Interest": -459000.0,
        "Gain On Sale Of Security": 67865000.0,
        "Net Non Operating Interest Income Expense": 3000.0,
        "Total Other Finance Cost": 736000.0,
        "Interest Expense Non Operating": 2000.0,
        "Interest Income Non Operating": 741000.0,
        "Operating Income": -10709000.0,
        "Operating Expense": 10689000.0,
        "Other Operating Expenses": 7690000.0,
        "Selling General And Administration": 2999000.0,
        "Selling And Marketing Expense": 0.0,
        "General And Administrative Expense": 2999000.0,
        "Other Gand A": 2999000.0,
        "Salaries And Wages": 5000.0,
        "Gross Profit": -20000.0,
        "Cost Of Revenue": 797000.0,
        "Total Revenue": 777000.0,
        "Operating Revenue": 777000.0
    },
    "2023-06-30": {
        "Tax Effect Of Unusual Items": NaN,
        "Tax Rate For Calcs": NaN,
        "Normalized EBITDA": NaN,
        "Total Unusual Items": NaN,
        "Total Unusual Items Excluding Goodwill": NaN,
        "Net Income From Continuing Operation Net Minority Interest": NaN,
        "Reconciled Depreciation": NaN,
        "Reconciled Cost Of Revenue": NaN,
        "EBITDA": NaN,
        "EBIT": NaN,
        "Net Interest Income": NaN,
        "Interest Expense": NaN,
        "Interest Income": NaN,
        "Normalized Income": NaN,
        "Net Income From Continuing And Discontinued Operation": NaN,
        "Total Expenses": NaN,
        "Diluted Average Shares": 845425000.0,
        "Basic Average Shares": 835660000.0,
        "Diluted EPS": 7.2e-05,
        "Basic EPS": 7.3e-05,
        "Diluted NI Availto Com Stockholders": NaN,
        "Net Income Common Stockholders": NaN,
        "Net Income": NaN,
        "Net Income Including Noncontrolling Interests": NaN,
        "Net Income Discontinuous Operations": 406000.0,
        "Net Income Continuous Operations": NaN,
        "Tax Provision": NaN,
        "Pretax Income": NaN,
        "Other Income Expense": NaN,
        "Other Non Operating Income Expenses": NaN,
        "Special Income Charges": 1299000.0,
        "Gain On Sale Of Ppe": 1299000.0,
        "Earnings From Equity Interest": NaN,
        "Gain On Sale Of Security": NaN,
        "Net Non Operating Interest Income Expense": NaN,
        "Total Other Finance Cost": 1213000.0,
        "Interest Expense Non Operating": NaN,
        "Interest Income Non Operating": NaN,
        "Operating Income": NaN,
        "Operating Expense": NaN,
        "Other Operating Expenses": NaN,
        "Selling General And Administration": NaN,
        "Selling And Marketing Expense": NaN,
        "General And Administrative Expense": NaN,
        "Other Gand A": NaN,
        "Salaries And Wages": 5000.0,
        "Gross Profit": NaN,
        "Cost Of Revenue": NaN,
        "Total Revenue": NaN,
        "Operating Revenue": NaN
    },
    "2023-03-31": {
        "Tax Effect Of Unusual Items": NaN,
        "Tax Rate For Calcs": NaN,
        "Normalized EBITDA": NaN,
        "Total Unusual Items": NaN,
        "Total Unusual Items Excluding Goodwill": NaN,
        "Net Income From Continuing Operation Net Minority Interest": NaN,
        "Reconciled Depreciation": NaN,
        "Reconciled Cost Of Revenue": NaN,
        "EBITDA": NaN,
        "EBIT": NaN,
        "Net Interest Income": NaN,
        "Interest Expense": NaN,
        "Interest Income": NaN,
        "Normalized Income": NaN,
        "Net Income From Continuing And Discontinued Operation": NaN,
        "Total Expenses": NaN,
        "Diluted Average Shares": 832826000.0,
        "Basic Average Shares": 832826000.0,
        "Diluted EPS": -0.002882,
        "Basic EPS": -0.002882,
        "Diluted NI Availto Com Stockholders": NaN,
        "Net Income Common Stockholders": NaN,
        "Net Income": NaN,
        "Net Income Including Noncontrolling Interests": NaN,
        "Net Income Discontinuous Operations": 434000.0,
        "Net Income Continuous Operations": NaN,
        "Tax Provision": NaN,
        "Pretax Income": NaN,
        "Other Income Expense": NaN,
        "Other Non Operating Income Expenses": NaN,
        "Special Income Charges": NaN,
        "Gain On Sale Of Ppe": NaN,
        "Earnings From Equity Interest": NaN,
        "Gain On Sale Of Security": NaN,
        "Net Non Operating Interest Income Expense": NaN,
        "Total Other Finance Cost": NaN,
        "Interest Expense Non Operating": NaN,
        "Interest Income Non Operating": NaN,
        "Operating Income": NaN,
        "Operating Expense": NaN,
        "Other Operating Expenses": NaN,
        "Selling General And Administration": NaN,
        "Selling And Marketing Expense": NaN,
        "General And Administrative Expense": NaN,
        "Other Gand A": NaN,
        "Salaries And Wages": NaN,
        "Gross Profit": NaN,
        "Cost Of Revenue": NaN,
        "Total Revenue": NaN,
        "Operating Revenue": NaN
    },
    "2024-03-31": {
        "Tax Effect Of Unusual Items": -7610.407876,
        "Tax Rate For Calcs": 0.001406,
        "Normalized EBITDA": -11117000.0,
        "Total Unusual Items": -5411000.0,
        "Total Unusual Items Excluding Goodwill": -5411000.0,
        "Net Income From Continuing Operation Net Minority Interest": -19880000.0,
        "Reconciled Depreciation": 2556000.0,
        "Reconciled Cost Of Revenue": 1060000.0,
        "EBITDA": -16528000.0,
        "EBIT": -19084000.0,
        "Net Interest Income": 1314000.0,
        "Interest Expense": 824000.0,
        "Interest Income": 2138000.0,
        "Normalized Income": -14476610.407876,
        "Net Income From Continuing And Discontinued Operation": -19880000.0,
        "Total Expenses": 16391000.0,
        "Diluted Average Shares": 891224000.0,
        "Basic Average Shares": 891224000.0,
        "Diluted EPS": -0.02,
        "Basic EPS": -0.02,
        "Diluted NI Availto Com Stockholders": -19880000.0,
        "Net Income Common Stockholders": -19880000.0,
        "Net Income": -19880000.0,
        "Net Income Including Noncontrolling Interests": -19880000.0,
        "Net Income Discontinuous Operations": 0.0,
        "Net Income Continuous Operations": -19880000.0,
        "Tax Provision": -28000.0,
        "Pretax Income": -19908000.0,
        "Other Income Expense": -5663000.0,
        "Other Non Operating Income Expenses": 329000.0,
        "Special Income Charges": NaN,
        "Gain On Sale Of Ppe": NaN,
        "Earnings From Equity Interest": -581000.0,
        "Gain On Sale Of Security": -5411000.0,
        "Net Non Operating Interest Income Expense": 1314000.0,
        "Total Other Finance Cost": NaN,
        "Interest Expense Non Operating": 824000.0,
        "Interest Income Non Operating": 2138000.0,
        "Operating Income": -15559000.0,
        "Operating Expense": 15331000.0,
        "Other Operating Expenses": 11747000.0,
        "Selling General And Administration": 3584000.0,
        "Selling And Marketing Expense": NaN,
        "General And Administrative Expense": 3584000.0,
        "Other Gand A": 3584000.0,
        "Salaries And Wages": NaN,
        "Gross Profit": -228000.0,
        "Cost Of Revenue": 1060000.0,
        "Total Revenue": 832000.0,
        "Operating Revenue": 832000.0
    },
    "2022-12-31": {
        "Tax Effect Of Unusual Items": NaN,
        "Tax Rate For Calcs": NaN,
        "Normalized EBITDA": NaN,
        "Total Unusual Items": NaN,
        "Total Unusual Items Excluding Goodwill": NaN,
        "Net Income From Continuing Operation Net Minority Interest": NaN,
        "Reconciled Depreciation": NaN,
        "Reconciled Cost Of Revenue": NaN,
        "EBITDA": NaN,
        "EBIT": NaN,
        "Net Interest Income": NaN,
        "Interest Expense": NaN,
        "Interest Income": NaN,
        "Normalized Income": NaN,
        "Net Income From Continuing And Discontinued Operation": NaN,
        "Total Expenses": NaN,
        "Diluted Average Shares": NaN,
        "Basic Average Shares": NaN,
        "Diluted EPS": NaN,
        "Basic EPS": NaN,
        "Diluted NI Availto Com Stockholders": NaN,
        "Net Income Common Stockholders": NaN,
        "Net Income": NaN,
        "Net Income Including Noncontrolling Interests": NaN,
        "Net Income Discontinuous Operations": NaN,
        "Net Income Continuous Operations": NaN,
        "Tax Provision": NaN,
        "Pretax Income": NaN,
        "Other Income Expense": NaN,
        "Other Non Operating Income Expenses": NaN,
        "Special Income Charges": 3000.0,
        "Gain On Sale Of Ppe": 3000.0,
        "Earnings From Equity Interest": NaN,
        "Gain On Sale Of Security": NaN,
        "Net Non Operating Interest Income Expense": NaN,
        "Total Other Finance Cost": NaN,
        "Interest Expense Non Operating": NaN,
        "Interest Income Non Operating": NaN,
        "Operating Income": NaN,
        "Operating Expense": NaN,
        "Other Operating Expenses": NaN,
        "Selling General And Administration": NaN,
        "Selling And Marketing Expense": 0.0,
        "General And Administrative Expense": NaN,
        "Other Gand A": NaN,
        "Salaries And Wages": NaN,
        "Gross Profit": NaN,
        "Cost Of Revenue": NaN,
        "Total Revenue": NaN,
        "Operating Revenue": NaN
    },
    "2022-09-30": {
        "Tax Effect Of Unusual Items": NaN,
        "Tax Rate For Calcs": NaN,
        "Normalized EBITDA": NaN,
        "Total Unusual Items": NaN,
        "Total Unusual Items Excluding Goodwill": NaN,
        "Net Income From Continuing Operation Net Minority Interest": NaN,
        "Reconciled Depreciation": NaN,
        "Reconciled Cost Of Revenue": NaN,
        "EBITDA": NaN,
        "EBIT": NaN,
        "Net Interest Income": NaN,
        "Interest Expense": NaN,
        "Interest Income": NaN,
        "Normalized Income": NaN,
        "Net Income From Continuing And Discontinued Operation": NaN,
        "Total Expenses": NaN,
        "Diluted Average Shares": 819228000.0,
        "Basic Average Shares": 819228000.0,
        "Diluted EPS": -0.01,
        "Basic EPS": -0.01,
        "Diluted NI Availto Com Stockholders": NaN,
        "Net Income Common Stockholders": NaN,
        "Net Income": NaN,
        "Net Income Including Noncontrolling Interests": NaN,
        "Net Income Discontinuous Operations": NaN,
        "Net Income Continuous Operations": NaN,
        "Tax Provision": NaN,
        "Pretax Income": NaN,
        "Other Income Expense": NaN,
        "Other Non Operating Income Expenses": NaN,
        "Special Income Charges": 8000.0,
        "Gain On Sale Of Ppe": 8000.0,
        "Earnings From Equity Interest": NaN,
        "Gain On Sale Of Security": NaN,
        "Net Non Operating Interest Income Expense": NaN,
        "Total Other Finance Cost": 356000.0,
        "Interest Expense Non Operating": NaN,
        "Interest Income Non Operating": NaN,
        "Operating Income": NaN,
        "Operating Expense": NaN,
        "Other Operating Expenses": NaN,
        "Selling General And Administration": NaN,
        "Selling And Marketing Expense": 14000.0,
        "General And Administrative Expense": NaN,
        "Other Gand A": NaN,
        "Salaries And Wages": 5000.0,
        "Gross Profit": NaN,
        "Cost Of Revenue": NaN,
        "Total Revenue": NaN,
        "Operating Revenue": NaN
    },
    "2024-06-30": {
        "Tax Effect Of Unusual Items": -12337.741114,
        "Tax Rate For Calcs": 0.00273,
        "Normalized EBITDA": -9301000.0,
        "Total Unusual Items": -4520000.0,
        "Total Unusual Items Excluding Goodwill": -4520000.0,
        "Net Income From Continuing Operation Net Minority Interest": -16441000.0,
        "Reconciled Depreciation": 2663000.0,
        "Reconciled Cost Of Revenue": 1367000.0,
        "EBITDA": -13821000.0,
        "EBIT": -16484000.0,
        "Net Interest Income": 902000.0,
        "Interest Expense": 2000.0,
        "Interest Income": 2144000.0,
        "Normalized Income": -11933337.741114,
        "Net Income From Continuing And Discontinued Operation": -15970000.0,
        "Total Expenses": 13571000.0,
        "Diluted Average Shares": 892230000.0,
        "Basic Average Shares": 892230000.0,
        "Diluted EPS": -0.02,
        "Basic EPS": -0.02,
        "Diluted NI Availto Com Stockholders": -15970000.0,
        "Net Income Common Stockholders": -15970000.0,
        "Net Income": -15970000.0,
        "Net Income Including Noncontrolling Interests": -15970000.0,
        "Net Income Discontinuous Operations": 471000.0,
        "Net Income Continuous Operations": -16441000.0,
        "Tax Provision": -45000.0,
        "Pretax Income": -16486000.0,
        "Other Income Expense": -5143000.0,
        "Other Non Operating Income Expenses": -76000.0,
        "Special Income Charges": 0.0,
        "Gain On Sale Of Ppe": 0.0,
        "Earnings From Equity Interest": -547000.0,
        "Gain On Sale Of Security": -4520000.0,
        "Net Non Operating Interest Income Expense": 902000.0,
        "Total Other Finance Cost": 1240000.0,
        "Interest Expense Non Operating": 2000.0,
        "Interest Income Non Operating": 2144000.0,
        "Operating Income": -12245000.0,
        "Operating Expense": 12204000.0,
        "Other Operating Expenses": 8463000.0,
        "Selling General And Administration": 3741000.0,
        "Selling And Marketing Expense": NaN,
        "General And Administrative Expense": 3741000.0,
        "Other Gand A": 3741000.0,
        "Salaries And Wages": NaN,
        "Gross Profit": -41000.0,
        "Cost Of Revenue": 1367000.0,
        "Total Revenue": 1326000.0,
        "Operating Revenue": 1326000.0
    },
    "2024-09-30": {
        "Tax Effect Of Unusual Items": -74099.255774,
        "Tax Rate For Calcs": 0.006401,
        "Normalized EBITDA": -12046000.0,
        "Total Unusual Items": -11576000.0,
        "Total Unusual Items Excluding Goodwill": -11576000.0,
        "Net Income From Continuing Operation Net Minority Interest": -25767000.0,
        "Reconciled Depreciation": 2309000.0,
        "Reconciled Cost Of Revenue": 1030000.0,
        "EBITDA": -23622000.0,
        "EBIT": -25931000.0,
        "Net Interest Income": 1113000.0,
        "Interest Expense": 2000.0,
        "Interest Income": 1891000.0,
        "Normalized Income": -14265099.255774,
        "Net Income From Continuing And Discontinued Operation": -25767000.0,
        "Total Expenses": 16468000.0,
        "Diluted Average Shares": 892468000.0,
        "Basic Average Shares": 892468000.0,
        "Diluted EPS": -0.03,
        "Basic EPS": -0.03,
        "Diluted NI Availto Com Stockholders": -25767000.0,
        "Net Income Common Stockholders": -25767000.0,
        "Net Income": -25767000.0,
        "Net Income Including Noncontrolling Interests": -25767000.0,
        "Net Income Discontinuous Operations": 0.0,
        "Net Income Continuous Operations": -25767000.0,
        "Tax Provision": -166000.0,
        "Pretax Income": -25933000.0,
        "Other Income Expense": -11273000.0,
        "Other Non Operating Income Expenses": 907000.0,
        "Special Income Charges": 20000.0,
        "Gain On Sale Of Ppe": 20000.0,
        "Earnings From Equity Interest": -604000.0,
        "Gain On Sale Of Security": -11596000.0,
        "Net Non Operating Interest Income Expense": 1113000.0,
        "Total Other Finance Cost": 776000.0,
        "Interest Expense Non Operating": 2000.0,
        "Interest Income Non Operating": 1891000.0,
        "Operating Income": -15773000.0,
        "Operating Expense": 15438000.0,
        "Other Operating Expenses": 11886000.0,
        "Selling General And Administration": 3552000.0,
        "Selling And Marketing Expense": NaN,
        "General And Administrative Expense": 3552000.0,
        "Other Gand A": 3552000.0,
        "Salaries And Wages": NaN,
        "Gross Profit": -335000.0,
        "Cost Of Revenue": 1030000.0,
        "Total Revenue": 695000.0,
        "Operating Revenue": 695000.0
    }
}