{
    "2023-03-31": {
        "Tax Effect Of Unusual Items": NaN,
        "Tax Rate For Calcs": NaN,
        "Normalized EBITDA": NaN,
        "Total Unusual Items": NaN,
        "Total Unusual Items Excluding Goodwill": NaN,
        "Net Income From Continuing Operation Net Minority Interest": NaN,
        "Reconciled Depreciation": NaN,
        "Reconciled Cost Of Revenue": NaN,
        "EBITDA": NaN,
        "EBIT": NaN,
        "Net Interest Income": NaN,
        "Interest Expense": NaN,
        "Interest Income": NaN,
        "Normalized Income": NaN,
        "Net Income From Continuing And Discontinued Operation": NaN,
        "Total Expenses": NaN,
        "Total Operating Income As Reported": NaN,
        "Diluted Average Shares": NaN,
        "Basic Average Shares": NaN,
        "Diluted EPS": NaN,
        "Basic EPS": NaN,
        "Diluted NI Availto Com Stockholders": NaN,
        "Net Income Common Stockholders": NaN,
        "Net Income": NaN,
        "Minority Interests": NaN,
        "Net Income Including Noncontrolling Interests": NaN,
        "Net Income Discontinuous Operations": NaN,
        "Net Income Continuous Operations": NaN,
        "Earnings From Equity Interest Net Of Tax": NaN,
        "Tax Provision": NaN,
        "Pretax Income": NaN,
        "Other Income Expense": NaN,
        "Other Non Operating Income Expenses": NaN,
        "Special Income Charges": NaN,
        "Gain On Sale Of Ppe": NaN,
        "Gain On Sale Of Business": NaN,
        "Impairment Of Capital Assets": 0.0,
        "Restructuring And Mergern Acquisition": -55000.0,
        "Gain On Sale Of Security": -1005000.0,
        "Net Non Operating Interest Income Expense": NaN,
        "Interest Expense Non Operating": NaN,
        "Interest Income Non Operating": NaN,
        "Operating Income": NaN,
        "Operating Expense": NaN,
        "Selling General And Administration": NaN,
        "General And Administrative Expense": 120879000.0,
        "Other Gand A": 120879000.0,
        "Gross Profit": NaN,
        "Cost Of Revenue": NaN,
        "Total Revenue": NaN,
        "Operating Revenue": NaN
    },
    "2022-12-31": {
        "Tax Effect Of Unusual Items": NaN,
        "Tax Rate For Calcs": NaN,
        "Normalized EBITDA": NaN,
        "Total Unusual Items": NaN,
        "Total Unusual Items Excluding Goodwill": NaN,
        "Net Income From Continuing Operation Net Minority Interest": NaN,
        "Reconciled Depreciation": NaN,
        "Reconciled Cost Of Revenue": NaN,
        "EBITDA": NaN,
        "EBIT": NaN,
        "Net Interest Income": NaN,
        "Interest Expense": NaN,
        "Interest Income": NaN,
        "Normalized Income": NaN,
        "Net Income From Continuing And Discontinued Operation": NaN,
        "Total Expenses": NaN,
        "Total Operating Income As Reported": NaN,
        "Diluted Average Shares": NaN,
        "Basic Average Shares": NaN,
        "Diluted EPS": NaN,
        "Basic EPS": NaN,
        "Diluted NI Availto Com Stockholders": NaN,
        "Net Income Common Stockholders": NaN,
        "Net Income": NaN,
        "Minority Interests": NaN,
        "Net Income Including Noncontrolling Interests": NaN,
        "Net Income Discontinuous Operations": NaN,
        "Net Income Continuous Operations": NaN,
        "Earnings From Equity Interest Net Of Tax": NaN,
        "Tax Provision": NaN,
        "Pretax Income": NaN,
        "Other Income Expense": NaN,
        "Other Non Operating Income Expenses": NaN,
        "Special Income Charges": NaN,
        "Gain On Sale Of Ppe": NaN,
        "Gain On Sale Of Business": NaN,
        "Impairment Of Capital Assets": NaN,
        "Restructuring And Mergern Acquisition": -78000.0,
        "Gain On Sale Of Security": -7435000.0,
        "Net Non Operating Interest Income Expense": NaN,
        "Interest Expense Non Operating": NaN,
        "Interest Income Non Operating": NaN,
        "Operating Income": NaN,
        "Operating Expense": NaN,
        "Selling General And Administration": NaN,
        "General And Administrative Expense": 127669000.0,
        "Other Gand A": 127669000.0,
        "Gross Profit": NaN,
        "Cost Of Revenue": NaN,
        "Total Revenue": NaN,
        "Operating Revenue": NaN
    },
    "2022-09-30": {
        "Tax Effect Of Unusual Items": 2112000.0,
        "Tax Rate For Calcs": 0.4,
        "Normalized EBITDA": 56398000.0,
        "Total Unusual Items": 5280000.0,
        "Total Unusual Items Excluding Goodwill": 5280000.0,
        "Net Income From Continuing Operation Net Minority Interest": 39837000.0,
        "Reconciled Depreciation": 33057000.0,
        "Reconciled Cost Of Revenue": 2134062000.0,
        "EBITDA": 61678000.0,
        "EBIT": 28621000.0,
        "Net Interest Income": -15590000.0,
        "Interest Expense": 17095000.0,
        "Interest Income": 1505000.0,
        "Normalized Income": 36669000.0,
        "Net Income From Continuing And Discontinued Operation": 39837000.0,
        "Total Expenses": 2250388000.0,
        "Total Operating Income As Reported": 17804000.0,
        "Diluted Average Shares": 94908000.0,
        "Basic Average Shares": 94891000.0,
        "Diluted EPS": 0.42,
        "Basic EPS": 0.42,
        "Diluted NI Availto Com Stockholders": 39837000.0,
        "Net Income Common Stockholders": 39837000.0,
        "Net Income": 39837000.0,
        "Minority Interests": -6767000.0,
        "Net Income Including Noncontrolling Interests": 46604000.0,
        "Net Income Discontinuous Operations": NaN,
        "Net Income Continuous Operations": 46604000.0,
        "Earnings From Equity Interest Net Of Tax": 300000.0,
        "Tax Provision": -34778000.0,
        "Pretax Income": 11526000.0,
        "Other Income Expense": 9966000.0,
        "Other Non Operating Income Expenses": 4686000.0,
        "Special Income Charges": 631000.0,
        "Gain On Sale Of Ppe": 654000.0,
        "Gain On Sale Of Business": 0.0,
        "Impairment Of Capital Assets": NaN,
        "Restructuring And Mergern Acquisition": 23000.0,
        "Gain On Sale Of Security": 4649000.0,
        "Net Non Operating Interest Income Expense": -15590000.0,
        "Interest Expense Non Operating": 17095000.0,
        "Interest Income Non Operating": 1505000.0,
        "Operating Income": 17150000.0,
        "Operating Expense": 116326000.0,
        "Selling General And Administration": 116326000.0,
        "General And Administrative Expense": 116326000.0,
        "Other Gand A": 116326000.0,
        "Gross Profit": 133476000.0,
        "Cost Of Revenue": 2134062000.0,
        "Total Revenue": 2267538000.0,
        "Operating Revenue": 2244062000.0
    },
    "2022-06-30": {
        "Tax Effect Of Unusual Items": 1377645.711615,
        "Tax Rate For Calcs": 0.116908,
        "Normalized EBITDA": 86306000.0,
        "Total Unusual Items": 11784000.0,
        "Total Unusual Items Excluding Goodwill": 11784000.0,
        "Net Income From Continuing Operation Net Minority Interest": 41272000.0,
        "Reconciled Depreciation": 33757000.0,
        "Reconciled Cost Of Revenue": 2190228000.0,
        "EBITDA": 98090000.0,
        "EBIT": 64333000.0,
        "Net Interest Income": -11532000.0,
        "Interest Expense": 12985000.0,
        "Interest Income": 1453000.0,
        "Normalized Income": 30865645.711615,
        "Net Income From Continuing And Discontinued Operation": 41272000.0,
        "Total Expenses": 2313786000.0,
        "Total Operating Income As Reported": 54275000.0,
        "Diluted Average Shares": 94913000.0,
        "Basic Average Shares": 94878000.0,
        "Diluted EPS": 0.43,
        "Basic EPS": 0.43,
        "Diluted NI Availto Com Stockholders": 41272000.0,
        "Net Income Common Stockholders": 41272000.0,
        "Net Income": 41272000.0,
        "Minority Interests": -7224000.0,
        "Net Income Including Noncontrolling Interests": 48496000.0,
        "Net Income Discontinuous Operations": NaN,
        "Net Income Continuous Operations": 48496000.0,
        "Earnings From Equity Interest Net Of Tax": 3151000.0,
        "Tax Provision": 6003000.0,
        "Pretax Income": 51348000.0,
        "Other Income Expense": 16531000.0,
        "Other Non Operating Income Expenses": 4747000.0,
        "Special Income Charges": 7910000.0,
        "Gain On Sale Of Ppe": 7926000.0,
        "Gain On Sale Of Business": 0.0,
        "Impairment Of Capital Assets": NaN,
        "Restructuring And Mergern Acquisition": 16000.0,
        "Gain On Sale Of Security": 3874000.0,
        "Net Non Operating Interest Income Expense": -11532000.0,
        "Interest Expense Non Operating": 12985000.0,
        "Interest Income Non Operating": 1453000.0,
        "Operating Income": 46349000.0,
        "Operating Expense": 123558000.0,
        "Selling General And Administration": 123558000.0,
        "Gross Profit": 169907000.0,
        "Cost Of Revenue": 2190228000.0,
        "Total Revenue": 2360135000.0,
        "Operating Revenue": 2346054000.0
    },
    "2022-03-31": {
        "Diluted EPS": -0.01,
        "Total Revenue": NaN,
        "Gross Profit": 152,
        "Operating Income": 43,
        "EBIT": 74,
        "Net Income": -1
    },
    "2021-12-31": {
        "Diluted EPS": -0.65,
        "Total Revenue": NaN,
        "Gross Profit": 64,
        "Operating Income": -37,
        "EBIT": -6,
        "Net Income": -29
    },
    "2021-09-30": {
        "Diluted EPS": -0.35,
        "Total Revenue": NaN,
        "Gross Profit": 99,
        "Operating Income": -27,
        "EBIT": -3,
        "Net Income": -29
    },
    "2021-06-30": {
        "Diluted EPS": 0.0,
        "Total Revenue": NaN,
        "Gross Profit": NaN,
        "Operating Income": NaN,
        "Net Income": NaN
    },
    "2021-03-31": {
        "Diluted EPS": 0.38,
        "Total Revenue": NaN,
        "Gross Profit": 85,
        "Operating Income": 13,
        "EBIT": 22,
        "Net Income": 21
    },
    "2020-12-31": {
        "Diluted EPS": 0.0,
        "Total Revenue": NaN,
        "Gross Profit": NaN,
        "Operating Income": NaN,
        "EBIT": NaN,
        "Net Income": NaN
    },
    "2020-09-30": {
        "Diluted EPS": 0.31,
        "Total Revenue": NaN,
        "Gross Profit": 89,
        "Operating Income": 22,
        "EBIT": 22,
        "Net Income": 17
    },
    "2023-06-30": {
        "Tax Effect Of Unusual Items": 2351972.756114,
        "Tax Rate For Calcs": 0.219339,
        "Normalized EBITDA": 110391000.0,
        "Total Unusual Items": 10723000.0,
        "Total Unusual Items Excluding Goodwill": 10723000.0,
        "Net Income From Continuing Operation Net Minority Interest": 53713000.0,
        "Reconciled Depreciation": 25716000.0,
        "Reconciled Cost Of Revenue": 1944601000.0,
        "EBITDA": 121114000.0,
        "EBIT": 95398000.0,
        "Net Interest Income": -17108000.0,
        "Interest Expense": 19748000.0,
        "Interest Income": 2640000.0,
        "Normalized Income": 45341972.756114,
        "Net Income From Continuing And Discontinued Operation": 42275000.0,
        "Total Expenses": 2060268000.0,
        "Total Operating Income As Reported": 91629000.0,
        "Diluted Average Shares": 95112000.0,
        "Basic Average Shares": 94909000.0,
        "Diluted EPS": 0.44,
        "Basic EPS": 0.45,
        "Diluted NI Availto Com Stockholders": 42275000.0,
        "Net Income Common Stockholders": 42275000.0,
        "Net Income": 42275000.0,
        "Minority Interests": -10032000.0,
        "Net Income Including Noncontrolling Interests": 52307000.0,
        "Net Income Discontinuous Operations": -11438000.0,
        "Net Income Continuous Operations": 63745000.0,
        "Earnings From Equity Interest Net Of Tax": 4688000.0,
        "Tax Provision": 16593000.0,
        "Pretax Income": 75650000.0,
        "Other Income Expense": 11852000.0,
        "Other Non Operating Income Expenses": 1129000.0,
        "Special Income Charges": 10723000.0,
        "Gain On Sale Of Ppe": 10723000.0,
        "Gain On Sale Of Business": 0.0,
        "Impairment Of Capital Assets": 0.0,
        "Restructuring And Mergern Acquisition": 18000.0,
        "Gain On Sale Of Security": -1108000.0,
        "Net Non Operating Interest Income Expense": -17108000.0,
        "Interest Expense Non Operating": 19748000.0,
        "Interest Income Non Operating": 2640000.0,
        "Operating Income": 80906000.0,
        "Operating Expense": 115667000.0,
        "Selling General And Administration": 115667000.0,
        "General And Administrative Expense": 115667000.0,
        "Other Gand A": 115667000.0,
        "Gross Profit": 196573000.0,
        "Cost Of Revenue": 1944601000.0,
        "Total Revenue": 2141174000.0,
        "Operating Revenue": 2141174000.0
    },
    "2023-09-30": {
        "Tax Effect Of Unusual Items": 6427313.317122,
        "Tax Rate For Calcs": 0.205536,
        "Normalized EBITDA": 77233000.0,
        "Total Unusual Items": 31271000.0,
        "Total Unusual Items Excluding Goodwill": 31271000.0,
        "Net Income From Continuing Operation Net Minority Interest": 46964000.0,
        "Reconciled Depreciation": 24273000.0,
        "Reconciled Cost Of Revenue": 1876292000.0,
        "EBITDA": 108504000.0,
        "EBIT": 84231000.0,
        "Net Interest Income": -18588000.0,
        "Interest Expense": 20899000.0,
        "Interest Income": 2311000.0,
        "Normalized Income": 22120313.317122,
        "Net Income From Continuing And Discontinued Operation": 45292000.0,
        "Total Expenses": 1994315000.0,
        "Total Operating Income As Reported": 77103000.0,
        "Diluted Average Shares": 95148000.0,
        "Basic Average Shares": 94929000.0,
        "Diluted EPS": 0.48,
        "Basic EPS": 0.48,
        "Diluted NI Availto Com Stockholders": 45292000.0,
        "Net Income Common Stockholders": 45292000.0,
        "Net Income": 45292000.0,
        "Minority Interests": -8693000.0,
        "Net Income Including Noncontrolling Interests": 53985000.0,
        "Net Income Discontinuous Operations": -1672000.0,
        "Net Income Continuous Operations": 55657000.0,
        "Earnings From Equity Interest Net Of Tax": 5342000.0,
        "Tax Provision": 13017000.0,
        "Pretax Income": 63332000.0,
        "Other Income Expense": 33563000.0,
        "Other Non Operating Income Expenses": 2292000.0,
        "Special Income Charges": 28770000.0,
        "Gain On Sale Of Ppe": 28746000.0,
        "Gain On Sale Of Business": 0.0,
        "Impairment Of Capital Assets": NaN,
        "Restructuring And Mergern Acquisition": -24000.0,
        "Gain On Sale Of Security": 2501000.0,
        "Net Non Operating Interest Income Expense": -18588000.0,
        "Interest Expense Non Operating": 20899000.0,
        "Interest Income Non Operating": 2311000.0,
        "Operating Income": 48357000.0,
        "Operating Expense": 118023000.0,
        "Selling General And Administration": 118023000.0,
        "General And Administrative Expense": 118023000.0,
        "Other Gand A": 118023000.0,
        "Gross Profit": 166380000.0,
        "Cost Of Revenue": 1876292000.0,
        "Total Revenue": 2042672000.0,
        "Operating Revenue": 2042672000.0
    },
    "2023-12-31": {
        "Tax Effect Of Unusual Items": 571310.338681,
        "Tax Rate For Calcs": 0.133111,
        "Normalized EBITDA": 64162000.0,
        "Total Unusual Items": 4292000.0,
        "Total Unusual Items Excluding Goodwill": 4292000.0,
        "Net Income From Continuing Operation Net Minority Interest": 16539000.0,
        "Reconciled Depreciation": 27260000.0,
        "Reconciled Cost Of Revenue": 1920077000.0,
        "EBITDA": 68454000.0,
        "EBIT": 41194000.0,
        "Net Interest Income": -15931000.0,
        "Interest Expense": 18754000.0,
        "Interest Income": 2823000.0,
        "Normalized Income": 12818310.338681,
        "Net Income From Continuing And Discontinued Operation": 22337000.0,
        "Total Expenses": 2039291000.0,
        "Total Operating Income As Reported": 41293000.0,
        "Diluted Average Shares": 95187000.0,
        "Basic Average Shares": 94929000.0,
        "Diluted EPS": 0.23,
        "Basic EPS": 0.24,
        "Diluted NI Availto Com Stockholders": 22337000.0,
        "Net Income Common Stockholders": 22337000.0,
        "Net Income": 22337000.0,
        "Minority Interests": -6597000.0,
        "Net Income Including Noncontrolling Interests": 28934000.0,
        "Net Income Discontinuous Operations": 5798000.0,
        "Net Income Continuous Operations": 23136000.0,
        "Earnings From Equity Interest Net Of Tax": 3683000.0,
        "Tax Provision": 2987000.0,
        "Pretax Income": 22440000.0,
        "Other Income Expense": 5407000.0,
        "Other Non Operating Income Expenses": 1115000.0,
        "Special Income Charges": 8479000.0,
        "Gain On Sale Of Ppe": 10666000.0,
        "Gain On Sale Of Business": 0.0,
        "Impairment Of Capital Assets": NaN,
        "Restructuring And Mergern Acquisition": -30000.0,
        "Gain On Sale Of Security": -4187000.0,
        "Net Non Operating Interest Income Expense": -15931000.0,
        "Interest Expense Non Operating": 18754000.0,
        "Interest Income Non Operating": 2823000.0,
        "Operating Income": 32964000.0,
        "Operating Expense": 119214000.0,
        "Selling General And Administration": 119214000.0,
        "General And Administrative Expense": 119214000.0,
        "Other Gand A": 119334000.0,
        "Gross Profit": 152178000.0,
        "Cost Of Revenue": 1920077000.0,
        "Total Revenue": 2072255000.0,
        "Operating Revenue": 2002545000.0
    },
    "2024-03-31": {
        "Tax Effect Of Unusual Items": 11940609.862136,
        "Tax Rate For Calcs": 0.327985,
        "Normalized EBITDA": 110549000.0,
        "Total Unusual Items": 36406000.0,
        "Total Unusual Items Excluding Goodwill": 36406000.0,
        "Net Income From Continuing Operation Net Minority Interest": 76194000.0,
        "Reconciled Depreciation": 24121000.0,
        "Reconciled Cost Of Revenue": 1926697000.0,
        "EBITDA": 146955000.0,
        "EBIT": 122834000.0,
        "Net Interest Income": -14869000.0,
        "Interest Expense": 17948000.0,
        "Interest Income": 3079000.0,
        "Normalized Income": 51728609.862136,
        "Net Income From Continuing And Discontinued Operation": 70143000.0,
        "Total Expenses": 2045647000.0,
        "Total Operating Income As Reported": 112133000.0,
        "Diluted Average Shares": 95229000.0,
        "Basic Average Shares": 94929000.0,
        "Diluted EPS": 0.74,
        "Basic EPS": 0.74,
        "Diluted NI Availto Com Stockholders": 70143000.0,
        "Net Income Common Stockholders": 70143000.0,
        "Net Income": 70143000.0,
        "Minority Interests": 4707000.0,
        "Net Income Including Noncontrolling Interests": 65436000.0,
        "Net Income Discontinuous Operations": -6051000.0,
        "Net Income Continuous Operations": 71487000.0,
        "Earnings From Equity Interest Net Of Tax": 1002000.0,
        "Tax Provision": 34401000.0,
        "Pretax Income": 104886000.0,
        "Other Income Expense": 44028000.0,
        "Other Non Operating Income Expenses": 7622000.0,
        "Special Income Charges": 36406000.0,
        "Gain On Sale Of Ppe": 417000.0,
        "Gain On Sale Of Business": 73950000.0,
        "Impairment Of Capital Assets": 37961000.0,
        "Restructuring And Mergern Acquisition": NaN,
        "Gain On Sale Of Security": NaN,
        "Net Non Operating Interest Income Expense": -14869000.0,
        "Interest Expense Non Operating": 17948000.0,
        "Interest Income Non Operating": 3079000.0,
        "Operating Income": 75727000.0,
        "Operating Expense": 118950000.0,
        "Selling General And Administration": 118950000.0,
        "General And Administrative Expense": NaN,
        "Other Gand A": NaN,
        "Gross Profit": 194677000.0,
        "Cost Of Revenue": 1926697000.0,
        "Total Revenue": 2121374000.0,
        "Operating Revenue": 2121374000.0
    },
    "2024-06-30": {
        "Tax Effect Of Unusual Items": 637662.579992,
        "Tax Rate For Calcs": 0.334555,
        "Normalized EBITDA": 117257000.0,
        "Total Unusual Items": 1906000.0,
        "Total Unusual Items Excluding Goodwill": 1906000.0,
        "Net Income From Continuing Operation Net Minority Interest": 48099000.0,
        "Reconciled Depreciation": 24274000.0,
        "Reconciled Cost Of Revenue": 1923505000.0,
        "EBITDA": 119163000.0,
        "EBIT": 94889000.0,
        "Net Interest Income": -16164000.0,
        "Interest Expense": 18788000.0,
        "Interest Income": 2624000.0,
        "Normalized Income": 46830662.579992,
        "Net Income From Continuing And Discontinued Operation": 80117000.0,
        "Total Expenses": 2040109000.0,
        "Total Operating Income As Reported": 85888000.0,
        "Diluted Average Shares": 95340000.0,
        "Basic Average Shares": 94930000.0,
        "Diluted EPS": 0.84,
        "Basic EPS": 0.85,
        "Diluted NI Availto Com Stockholders": 80117000.0,
        "Net Income Common Stockholders": 80117000.0,
        "Net Income": 80117000.0,
        "Minority Interests": -7948000.0,
        "Net Income Including Noncontrolling Interests": 88065000.0,
        "Net Income Discontinuous Operations": 32018000.0,
        "Net Income Continuous Operations": 56047000.0,
        "Earnings From Equity Interest Net Of Tax": 5406000.0,
        "Tax Provision": 25460000.0,
        "Pretax Income": 76101000.0,
        "Other Income Expense": 8283000.0,
        "Other Non Operating Income Expenses": 6377000.0,
        "Special Income Charges": 1906000.0,
        "Gain On Sale Of Ppe": -89000.0,
        "Gain On Sale Of Business": 1995000.0,
        "Impairment Of Capital Assets": 0.0,
        "Restructuring And Mergern Acquisition": NaN,
        "Gain On Sale Of Security": NaN,
        "Net Non Operating Interest Income Expense": -16164000.0,
        "Interest Expense Non Operating": 18788000.0,
        "Interest Income Non Operating": 2624000.0,
        "Operating Income": 83982000.0,
        "Operating Expense": 116604000.0,
        "Selling General And Administration": 116604000.0,
        "General And Administrative Expense": NaN,
        "Other Gand A": NaN,
        "Gross Profit": 200586000.0,
        "Cost Of Revenue": 1923505000.0,
        "Total Revenue": 2124091000.0,
        "Operating Revenue": 2124091000.0
    }
}