{
    "2023-03-31": {
        "Tax Effect Of Unusual Items": 0.0,
        "Tax Rate For Calcs": 0.0,
        "Normalized EBITDA": -3670000.0,
        "Total Unusual Items": -65000.0,
        "Total Unusual Items Excluding Goodwill": -65000.0,
        "Net Income From Continuing Operation Net Minority Interest": -3762000.0,
        "Reconciled Depreciation": 99000.0,
        "EBIT": -3834000.0,
        "Net Interest Income": 137000.0,
        "Interest Income": 137000.0,
        "Normalized Income": -3697000.0,
        "Net Income From Continuing And Discontinued Operation": -3762000.0,
        "Total Expenses": 3834000.0,
        "Total Operating Income As Reported": -3834000.0,
        "Diluted Average Shares": 5305513.0,
        "Basic Average Shares": 5305513.0,
        "Diluted EPS": -0.71,
        "Basic EPS": -0.71,
        "Diluted NI Availto Com Stockholders": -3762000.0,
        "Net Income Common Stockholders": -3762000.0,
        "Otherunder Preferred Stock Dividend": NaN,
        "Preferred Stock Dividends": NaN,
        "Net Income": -3762000.0,
        "Net Income Including Noncontrolling Interests": -3762000.0,
        "Net Income Continuous Operations": -3762000.0,
        "Pretax Income": -3762000.0,
        "Other Income Expense": -65000.0,
        "Other Non Operating Income Expenses": NaN,
        "Gain On Sale Of Security": -65000.0,
        "Net Non Operating Interest Income Expense": 137000.0,
        "Interest Income Non Operating": 137000.0,
        "Operating Income": -3834000.0,
        "Operating Expense": 3834000.0,
        "Research And Development": 1000.0,
        "Selling General And Administration": 3833000.0,
        "General And Administrative Expense": 3833000.0,
        "Other Gand A": 3833000.0,
        "Total Revenue": 0.0,
        "Operating Revenue": 0.0
    },
    "2022-12-31": {
        "Tax Effect Of Unusual Items": 0.0,
        "Tax Rate For Calcs": 0.0,
        "Normalized EBITDA": 1069000.0,
        "Total Unusual Items": -4213000.0,
        "Total Unusual Items Excluding Goodwill": -4213000.0,
        "Net Income From Continuing Operation Net Minority Interest": -7256000.0,
        "Reconciled Depreciation": -211000.0,
        "EBIT": -3144000.0,
        "Net Interest Income": 101000.0,
        "Interest Income": 101000.0,
        "Normalized Income": -3043000.0,
        "Net Income From Continuing And Discontinued Operation": -7256000.0,
        "Total Expenses": 3144000.0,
        "Total Operating Income As Reported": -3144000.0,
        "Diluted Average Shares": 5486754.0,
        "Basic Average Shares": 5486754.0,
        "Diluted EPS": -1.32,
        "Basic EPS": -1.32,
        "Diluted NI Availto Com Stockholders": -7256000.0,
        "Net Income Common Stockholders": -7256000.0,
        "Otherunder Preferred Stock Dividend": NaN,
        "Preferred Stock Dividends": NaN,
        "Net Income": -7256000.0,
        "Net Income Including Noncontrolling Interests": -7256000.0,
        "Net Income Continuous Operations": -7256000.0,
        "Pretax Income": -7256000.0,
        "Other Income Expense": -4213000.0,
        "Other Non Operating Income Expenses": 0.0,
        "Gain On Sale Of Security": -4213000.0,
        "Net Non Operating Interest Income Expense": 101000.0,
        "Interest Income Non Operating": 101000.0,
        "Operating Income": -3144000.0,
        "Operating Expense": 3144000.0,
        "Research And Development": 25000.0,
        "Selling General And Administration": 3119000.0,
        "General And Administrative Expense": 3119000.0,
        "Other Gand A": 3119000.0,
        "Total Revenue": 0.0,
        "Operating Revenue": 0.0
    },
    "2022-09-30": {
        "Tax Effect Of Unusual Items": 0.0,
        "Tax Rate For Calcs": 0.0,
        "Normalized EBITDA": -3776000.0,
        "Total Unusual Items": -1325000.0,
        "Total Unusual Items Excluding Goodwill": -1325000.0,
        "Net Income From Continuing Operation Net Minority Interest": -6239000.0,
        "Reconciled Depreciation": NaN,
        "EBIT": -5101000.0,
        "Net Interest Income": 187000.0,
        "Interest Income": 187000.0,
        "Normalized Income": -4914000.0,
        "Net Income From Continuing And Discontinued Operation": -6239000.0,
        "Total Expenses": 5101000.0,
        "Total Operating Income As Reported": -5101000.0,
        "Diluted Average Shares": 5344989.0,
        "Basic Average Shares": 5344989.0,
        "Diluted EPS": -1.17,
        "Basic EPS": -1.17,
        "Diluted NI Availto Com Stockholders": -6239000.0,
        "Net Income Common Stockholders": -6239000.0,
        "Otherunder Preferred Stock Dividend": 0.0,
        "Preferred Stock Dividends": NaN,
        "Net Income": -6239000.0,
        "Net Income Including Noncontrolling Interests": -6239000.0,
        "Net Income Continuous Operations": -6239000.0,
        "Pretax Income": -6239000.0,
        "Other Income Expense": -1325000.0,
        "Other Non Operating Income Expenses": NaN,
        "Gain On Sale Of Security": -1325000.0,
        "Net Non Operating Interest Income Expense": 187000.0,
        "Interest Income Non Operating": 187000.0,
        "Operating Income": -5101000.0,
        "Operating Expense": 5101000.0,
        "Research And Development": 586000.0,
        "Selling General And Administration": 4515000.0,
        "General And Administrative Expense": 4515000.0,
        "Other Gand A": 4515000.0,
        "Total Revenue": 0.0,
        "Operating Revenue": 0.0
    },
    "2022-06-30": {
        "Tax Effect Of Unusual Items": 0.0,
        "Tax Rate For Calcs": 0.0,
        "Normalized EBITDA": 701000.0,
        "Total Unusual Items": -2999000.0,
        "Total Unusual Items Excluding Goodwill": -2999000.0,
        "Net Income From Continuing Operation Net Minority Interest": -5077000.0,
        "Reconciled Depreciation": NaN,
        "EBIT": -2298000.0,
        "Net Interest Income": 220000.0,
        "Interest Income": 220000.0,
        "Normalized Income": -2078000.0,
        "Net Income From Continuing And Discontinued Operation": -5077000.0,
        "Total Expenses": 2298000.0,
        "Total Operating Income As Reported": -2298000.0,
        "Diluted Average Shares": 5251023.0,
        "Basic Average Shares": 5251023.0,
        "Diluted EPS": -1.18,
        "Basic EPS": -1.18,
        "Diluted NI Availto Com Stockholders": -6177000.0,
        "Net Income Common Stockholders": -6177000.0,
        "Otherunder Preferred Stock Dividend": NaN,
        "Preferred Stock Dividends": 1100000.0,
        "Net Income": -5077000.0,
        "Net Income Including Noncontrolling Interests": -5077000.0,
        "Net Income Continuous Operations": -5077000.0,
        "Pretax Income": -5077000.0,
        "Other Income Expense": -2999000.0,
        "Other Non Operating Income Expenses": NaN,
        "Gain On Sale Of Security": -2999000.0,
        "Net Non Operating Interest Income Expense": 220000.0,
        "Interest Income Non Operating": 220000.0,
        "Operating Income": -2298000.0,
        "Operating Expense": 2298000.0,
        "Research And Development": 36000.0,
        "Selling General And Administration": 2262000.0,
        "General And Administrative Expense": 2262000.0,
        "Other Gand A": 2262000.0,
        "Total Revenue": 0.0,
        "Operating Revenue": 0.0
    },
    "2022-03-31": {
        "Diluted EPS": -1.25,
        "Total Revenue": NaN,
        "Gross Profit": NaN,
        "Operating Income": -4,
        "EBIT": -4,
        "Net Income": -7
    },
    "2021-12-31": {
        "Diluted EPS": -0.02,
        "Total Revenue": NaN,
        "Gross Profit": NaN,
        "Operating Income": -3,
        "EBIT": -3,
        "Net Income": -2
    },
    "2021-09-30": {
        "Diluted EPS": -0.01,
        "Total Revenue": NaN,
        "Gross Profit": NaN,
        "Operating Income": -2,
        "EBIT": -2,
        "Net Income": 0
    },
    "2021-06-30": {
        "Diluted EPS": -0.26,
        "Total Revenue": NaN,
        "Gross Profit": NaN,
        "Operating Income": -3,
        "EBIT": -3,
        "Net Income": -1
    },
    "2021-03-31": {
        "Diluted EPS": -1.19,
        "Total Revenue": NaN,
        "Gross Profit": NaN,
        "Operating Income": -2,
        "EBIT": -2,
        "Net Income": -4
    },
    "2020-12-31": {
        "Diluted EPS": 10.2,
        "Total Revenue": NaN,
        "Gross Profit": NaN,
        "Operating Income": -1,
        "EBIT": -1,
        "Net Income": 0
    },
    "2020-09-30": {
        "Diluted EPS": -1.02,
        "Total Revenue": NaN,
        "Gross Profit": NaN,
        "Operating Income": -1,
        "EBIT": -1,
        "Net Income": -2
    },
    "2020-06-30": {
        "Diluted EPS": -1.19,
        "Total Revenue": NaN,
        "Gross Profit": NaN,
        "Operating Income": -2,
        "EBIT": -2,
        "Net Income": -2
    },
    "2020-03-31": {
        "Diluted EPS": -15.48,
        "Total Revenue": NaN,
        "Gross Profit": NaN,
        "Operating Income": -2,
        "EBIT": -2,
        "Net Income": -8
    },
    "2019-12-31": {
        "Diluted EPS": 9.86,
        "Total Revenue": NaN,
        "Gross Profit": NaN,
        "Operating Income": -3,
        "EBIT": -3,
        "Net Income": 1
    },
    "2019-09-30": {
        "Diluted EPS": -23.47,
        "Total Revenue": NaN,
        "Gross Profit": NaN,
        "Operating Income": -1,
        "EBIT": -1,
        "Net Income": -3
    },
    "2019-06-30": {
        "Diluted EPS": -5.1,
        "Total Revenue": NaN,
        "Gross Profit": NaN,
        "Operating Income": -1,
        "EBIT": -1,
        "Net Income": -1
    },
    "2019-03-31": {
        "Diluted EPS": -9.69,
        "Total Revenue": NaN,
        "Gross Profit": NaN,
        "Operating Income": -1,
        "EBIT": -1,
        "Net Income": -1
    },
    "2018-12-31": {
        "Diluted EPS": 51.19,
        "Total Revenue": NaN,
        "Gross Profit": NaN,
        "Operating Income": -2,
        "EBIT": -1,
        "Net Income": 6
    },
    "2018-09-30": {
        "Diluted EPS": -15.99,
        "Total Revenue": NaN,
        "Gross Profit": NaN,
        "Operating Income": -2,
        "EBIT": -1,
        "Net Income": -2
    },
    "2018-06-30": {
        "Diluted EPS": -3.4,
        "Total Revenue": NaN,
        "Gross Profit": NaN,
        "Operating Income": -1,
        "EBIT": -1,
        "Net Income": 0
    },
    "2018-03-31": {
        "Diluted EPS": -16.33,
        "Total Revenue": NaN,
        "Gross Profit": NaN,
        "Operating Income": -2,
        "EBIT": -1,
        "Net Income": -1
    },
    "2017-12-31": {
        "Diluted EPS": -7.95,
        "Total Revenue": 0,
        "Gross Profit": 0,
        "Operating Income": -1,
        "EBIT": -1,
        "Net Income": -1
    },
    "2017-09-30": {
        "Diluted EPS": 5.78,
        "Total Revenue": 0,
        "Gross Profit": 0,
        "Operating Income": -1,
        "EBIT": -1,
        "Net Income": 0
    },
    "2017-06-30": {
        "Diluted EPS": -27.47,
        "Total Revenue": 0,
        "Gross Profit": 0,
        "Operating Income": -1,
        "EBIT": 0,
        "Net Income": -2
    },
    "2017-03-31": {
        "Diluted EPS": -13.73,
        "Total Revenue": 0,
        "Gross Profit": 0,
        "Operating Income": -1,
        "EBIT": -1,
        "Net Income": -1
    },
    "2016-12-31": {
        "Diluted EPS": -168.41,
        "Total Revenue": 0,
        "Gross Profit": 0,
        "Operating Income": -4,
        "EBIT": -1,
        "Net Income": -3
    },
    "2016-09-30": {
        "Diluted EPS": -7.95,
        "Total Revenue": 0,
        "Gross Profit": 0,
        "Operating Income": -1,
        "EBIT": -1,
        "Net Income": 0
    },
    "2016-06-30": {
        "Diluted EPS": 665.67,
        "Total Revenue": 0,
        "Gross Profit": 0,
        "Operating Income": -2,
        "EBIT": -1,
        "Net Income": 29
    },
    "2016-03-31": {
        "Diluted EPS": -18.79,
        "Total Revenue": 0,
        "Gross Profit": 0,
        "Operating Income": -2,
        "EBIT": -1,
        "Net Income": -1
    },
    "2015-12-31": {
        "Diluted EPS": 437.28,
        "Total Revenue": 0,
        "Gross Profit": 0,
        "Operating Income": -6,
        "EBIT": -2,
        "Net Income": 5
    },
    "2015-09-30": {
        "Diluted EPS": -112.75,
        "Total Revenue": NaN,
        "Gross Profit": NaN,
        "Operating Income": -2,
        "EBIT": -1,
        "Net Income": -3
    },
    "2015-06-30": {
        "Diluted EPS": NaN,
        "Total Revenue": NaN,
        "Gross Profit": NaN,
        "Operating Income": -40,
        "EBIT": -1,
        "Net Income": -40
    },
    "2015-03-31": {
        "Diluted EPS": -195.87,
        "Total Revenue": 0,
        "Gross Profit": 0,
        "Operating Income": -4,
        "EBIT": -2,
        "Net Income": -4
    },
    "2014-12-31": {
        "Diluted EPS": NaN,
        "Total Revenue": 0,
        "Gross Profit": 0,
        "Operating Income": -6,
        "EBIT": -3,
        "Net Income": -6
    },
    "2014-09-30": {
        "Diluted EPS": -247.34,
        "Total Revenue": 0,
        "Gross Profit": 0,
        "Operating Income": -5,
        "EBIT": -3,
        "Net Income": -5
    },
    "2014-06-30": {
        "Diluted EPS": -948.12,
        "Total Revenue": 0,
        "Gross Profit": 0,
        "Operating Income": -12,
        "EBIT": -9,
        "Net Income": -12
    },
    "2014-03-31": {
        "Diluted EPS": NaN,
        "Total Revenue": 0,
        "Gross Profit": 0,
        "Operating Income": -8,
        "EBIT": -6,
        "Net Income": -8
    },
    "2013-12-31": {
        "Diluted EPS": -302.3,
        "Total Revenue": 0,
        "Gross Profit": 0,
        "Operating Income": -4,
        "EBIT": -4,
        "Net Income": -4
    },
    "2013-09-30": {
        "Diluted EPS": NaN,
        "Total Revenue": 0,
        "Gross Profit": 0,
        "Operating Income": -9,
        "EBIT": -9,
        "Net Income": -9
    },
    "2013-06-30": {
        "Diluted EPS": NaN,
        "Total Revenue": NaN,
        "Gross Profit": NaN,
        "Operating Income": -1,
        "EBIT": -1,
        "Net Income": -1
    },
    "2013-03-31": {
        "Diluted EPS": NaN,
        "Total Revenue": 0,
        "Gross Profit": 0,
        "Operating Income": -1,
        "EBIT": -1,
        "Net Income": -4
    },
    "2012-12-31": {
        "Diluted EPS": NaN,
        "Total Revenue": 0,
        "Gross Profit": 0,
        "Operating Income": -1,
        "EBIT": -1,
        "Net Income": -2
    },
    "2012-09-30": {
        "Diluted EPS": NaN,
        "Total Revenue": 0,
        "Gross Profit": 0,
        "Operating Income": -1,
        "EBIT": -1,
        "Net Income": -1
    },
    "2012-06-30": {
        "Diluted EPS": NaN,
        "Total Revenue": NaN,
        "Gross Profit": NaN,
        "Operating Income": -1,
        "EBIT": -1,
        "Net Income": 0
    },
    "2012-03-31": {
        "Diluted EPS": NaN,
        "Total Revenue": NaN,
        "Gross Profit": NaN,
        "Operating Income": -1,
        "EBIT": -1,
        "Net Income": -1
    },
    "2011-12-31": {
        "Diluted EPS": NaN,
        "Total Revenue": NaN,
        "Gross Profit": NaN,
        "Operating Income": 0,
        "EBIT": 0,
        "Net Income": 2
    },
    "2011-09-30": {
        "Diluted EPS": NaN,
        "Total Revenue": 0,
        "Gross Profit": 0,
        "Operating Income": -1,
        "EBIT": -1,
        "Net Income": -1
    },
    "2011-06-30": {
        "Diluted EPS": NaN,
        "Total Revenue": 0,
        "Gross Profit": 0,
        "Operating Income": -1,
        "EBIT": -1,
        "Net Income": -1
    },
    "2011-03-31": {
        "Diluted EPS": NaN,
        "Total Revenue": 0,
        "Gross Profit": 0,
        "Operating Income": -1,
        "EBIT": -1,
        "Net Income": 0
    },
    "2010-12-31": {
        "Diluted EPS": NaN,
        "Total Revenue": 0,
        "Gross Profit": 0,
        "Operating Income": -1,
        "EBIT": -1,
        "Net Income": -1
    },
    "2010-09-30": {
        "Diluted EPS": NaN,
        "Total Revenue": 0,
        "Gross Profit": 0,
        "Operating Income": -2,
        "EBIT": -2,
        "Net Income": -2
    },
    "2010-06-30": {
        "Diluted EPS": NaN,
        "Total Revenue": 0,
        "Gross Profit": 0,
        "Operating Income": -3,
        "EBIT": -3,
        "Net Income": -3
    },
    "2010-03-31": {
        "Diluted EPS": NaN,
        "Total Revenue": 0,
        "Gross Profit": 0,
        "Operating Income": -2,
        "EBIT": -2,
        "Net Income": -2
    },
    "2009-12-31": {
        "Diluted EPS": -0.22,
        "Total Revenue": 0,
        "Gross Profit": 0,
        "Operating Income": -3,
        "EBIT": -3,
        "Net Income": -3
    },
    "2009-09-30": {
        "Diluted EPS": -0.15,
        "Total Revenue": 0,
        "Gross Profit": 0,
        "Operating Income": -2,
        "EBIT": -2,
        "Net Income": -2
    },
    "2009-06-30": {
        "Diluted EPS": -0.11,
        "Total Revenue": 0,
        "Gross Profit": 0,
        "Operating Income": -2,
        "EBIT": -2,
        "Net Income": -2
    },
    "2009-03-31": {
        "Diluted EPS": -0.14,
        "Total Revenue": 0,
        "Gross Profit": 0,
        "Operating Income": -2,
        "EBIT": -2,
        "Net Income": -2
    },
    "2023-06-30": {
        "Tax Effect Of Unusual Items": 0.0,
        "Tax Rate For Calcs": 0.0,
        "Normalized EBITDA": -9084000.0,
        "Total Unusual Items": 188000.0,
        "Total Unusual Items Excluding Goodwill": 188000.0,
        "Net Income From Continuing Operation Net Minority Interest": -8663000.0,
        "Reconciled Depreciation": 115000.0,
        "EBIT": -9011000.0,
        "Net Interest Income": 160000.0,
        "Interest Income": 160000.0,
        "Normalized Income": -8851000.0,
        "Net Income From Continuing And Discontinued Operation": -8663000.0,
        "Total Expenses": 9082000.0,
        "Total Operating Income As Reported": -9011000.0,
        "Diluted Average Shares": 4827239.0,
        "Basic Average Shares": 4827239.0,
        "Diluted EPS": -1.79,
        "Basic EPS": -1.79,
        "Diluted NI Availto Com Stockholders": -8663000.0,
        "Net Income Common Stockholders": -8663000.0,
        "Otherunder Preferred Stock Dividend": NaN,
        "Preferred Stock Dividends": NaN,
        "Net Income": -8663000.0,
        "Net Income Including Noncontrolling Interests": -8663000.0,
        "Net Income Continuous Operations": -8663000.0,
        "Pretax Income": -8663000.0,
        "Other Income Expense": 188000.0,
        "Other Non Operating Income Expenses": NaN,
        "Gain On Sale Of Security": 188000.0,
        "Net Non Operating Interest Income Expense": 160000.0,
        "Interest Income Non Operating": 160000.0,
        "Operating Income": -9011000.0,
        "Operating Expense": 9082000.0,
        "Research And Development": 2000.0,
        "Selling General And Administration": 9080000.0,
        "General And Administrative Expense": 9080000.0,
        "Other Gand A": 9080000.0,
        "Total Revenue": 71000.0,
        "Operating Revenue": 71000.0
    }
}