{
    "2023-04-30": {
        "Tax Effect Of Unusual Items": NaN,
        "Tax Rate For Calcs": NaN,
        "Normalized EBITDA": NaN,
        "Total Unusual Items": NaN,
        "Total Unusual Items Excluding Goodwill": NaN,
        "Net Income From Continuing Operation Net Minority Interest": NaN,
        "Reconciled Depreciation": NaN,
        "Reconciled Cost Of Revenue": NaN,
        "EBITDA": NaN,
        "EBIT": NaN,
        "Net Interest Income": NaN,
        "Interest Expense": NaN,
        "Interest Income": NaN,
        "Normalized Income": NaN,
        "Net Income From Continuing And Discontinued Operation": NaN,
        "Total Expenses": NaN,
        "Total Operating Income As Reported": NaN,
        "Diluted Average Shares": NaN,
        "Basic Average Shares": NaN,
        "Diluted EPS": NaN,
        "Basic EPS": NaN,
        "Diluted NI Availto Com Stockholders": NaN,
        "Net Income Common Stockholders": NaN,
        "Net Income": NaN,
        "Minority Interests": NaN,
        "Net Income Including Noncontrolling Interests": NaN,
        "Net Income Discontinuous Operations": NaN,
        "Net Income Continuous Operations": NaN,
        "Tax Provision": NaN,
        "Pretax Income": NaN,
        "Other Income Expense": NaN,
        "Other Non Operating Income Expenses": 1300000.0,
        "Special Income Charges": NaN,
        "Write Off": NaN,
        "Restructuring And Mergern Acquisition": NaN,
        "Gain On Sale Of Security": NaN,
        "Net Non Operating Interest Income Expense": NaN,
        "Total Other Finance Cost": NaN,
        "Interest Expense Non Operating": NaN,
        "Interest Income Non Operating": NaN,
        "Operating Income": NaN,
        "Operating Expense": NaN,
        "Other Operating Expenses": NaN,
        "Research And Development": NaN,
        "Selling General And Administration": NaN,
        "Selling And Marketing Expense": NaN,
        "General And Administrative Expense": NaN,
        "Other Gand A": NaN,
        "Gross Profit": NaN,
        "Cost Of Revenue": NaN,
        "Total Revenue": NaN,
        "Operating Revenue": NaN
    },
    "2023-01-31": {
        "Tax Effect Of Unusual Items": NaN,
        "Tax Rate For Calcs": NaN,
        "Normalized EBITDA": NaN,
        "Total Unusual Items": NaN,
        "Total Unusual Items Excluding Goodwill": NaN,
        "Net Income From Continuing Operation Net Minority Interest": NaN,
        "Reconciled Depreciation": NaN,
        "Reconciled Cost Of Revenue": NaN,
        "EBITDA": NaN,
        "EBIT": NaN,
        "Net Interest Income": NaN,
        "Interest Expense": NaN,
        "Interest Income": NaN,
        "Normalized Income": NaN,
        "Net Income From Continuing And Discontinued Operation": NaN,
        "Total Expenses": NaN,
        "Total Operating Income As Reported": NaN,
        "Diluted Average Shares": NaN,
        "Basic Average Shares": NaN,
        "Diluted EPS": NaN,
        "Basic EPS": NaN,
        "Diluted NI Availto Com Stockholders": NaN,
        "Net Income Common Stockholders": NaN,
        "Net Income": NaN,
        "Minority Interests": NaN,
        "Net Income Including Noncontrolling Interests": NaN,
        "Net Income Continuous Operations": NaN,
        "Tax Provision": NaN,
        "Pretax Income": NaN,
        "Other Income Expense": NaN,
        "Other Non Operating Income Expenses": NaN,
        "Special Income Charges": -400000.0,
        "Restructuring And Mergern Acquisition": 400000.0,
        "Gain On Sale Of Security": NaN,
        "Net Non Operating Interest Income Expense": NaN,
        "Total Other Finance Cost": NaN,
        "Interest Expense Non Operating": NaN,
        "Interest Income Non Operating": NaN,
        "Operating Income": NaN,
        "Operating Expense": NaN,
        "Other Operating Expenses": -4100000.0,
        "Research And Development": NaN,
        "Selling General And Administration": NaN,
        "Selling And Marketing Expense": NaN,
        "General And Administrative Expense": NaN,
        "Other Gand A": NaN,
        "Gross Profit": NaN,
        "Cost Of Revenue": NaN,
        "Total Revenue": NaN,
        "Operating Revenue": NaN
    },
    "2022-10-31": {
        "Tax Effect Of Unusual Items": NaN,
        "Tax Rate For Calcs": NaN,
        "Normalized EBITDA": NaN,
        "Total Unusual Items": NaN,
        "Total Unusual Items Excluding Goodwill": NaN,
        "Net Income From Continuing Operation Net Minority Interest": NaN,
        "Reconciled Depreciation": NaN,
        "Reconciled Cost Of Revenue": NaN,
        "EBITDA": NaN,
        "EBIT": NaN,
        "Net Interest Income": NaN,
        "Interest Expense": NaN,
        "Interest Income": NaN,
        "Normalized Income": NaN,
        "Net Income From Continuing And Discontinued Operation": NaN,
        "Total Expenses": NaN,
        "Total Operating Income As Reported": NaN,
        "Diluted Average Shares": 80253434.0,
        "Basic Average Shares": 78735106.0,
        "Diluted EPS": 1.76,
        "Basic EPS": 1.79,
        "Diluted NI Availto Com Stockholders": NaN,
        "Net Income Common Stockholders": NaN,
        "Net Income": NaN,
        "Minority Interests": NaN,
        "Net Income Including Noncontrolling Interests": NaN,
        "Net Income Continuous Operations": NaN,
        "Tax Provision": NaN,
        "Pretax Income": NaN,
        "Other Income Expense": NaN,
        "Other Non Operating Income Expenses": NaN,
        "Special Income Charges": NaN,
        "Restructuring And Mergern Acquisition": NaN,
        "Gain On Sale Of Security": NaN,
        "Net Non Operating Interest Income Expense": NaN,
        "Total Other Finance Cost": NaN,
        "Interest Expense Non Operating": NaN,
        "Interest Income Non Operating": NaN,
        "Operating Income": NaN,
        "Operating Expense": NaN,
        "Other Operating Expenses": NaN,
        "Research And Development": NaN,
        "Selling General And Administration": NaN,
        "Selling And Marketing Expense": NaN,
        "General And Administrative Expense": NaN,
        "Other Gand A": NaN,
        "Gross Profit": NaN,
        "Cost Of Revenue": NaN,
        "Total Revenue": NaN,
        "Operating Revenue": NaN
    },
    "2022-07-31": {
        "Tax Effect Of Unusual Items": -793600.0,
        "Tax Rate For Calcs": 0.256,
        "Normalized EBITDA": 422000000.0,
        "Total Unusual Items": -3100000.0,
        "Total Unusual Items Excluding Goodwill": -3100000.0,
        "Net Income From Continuing Operation Net Minority Interest": 236500000.0,
        "Reconciled Depreciation": 72800000.0,
        "Reconciled Cost Of Revenue": 1835800000.0,
        "EBITDA": 418900000.0,
        "EBIT": 346100000.0,
        "Net Interest Income": -26300000.0,
        "Interest Expense": 26400000.0,
        "Interest Income": 1500000.0,
        "Normalized Income": 238806400.0,
        "Net Income From Continuing And Discontinued Operation": 236500000.0,
        "Total Expenses": 2089400000.0,
        "Total Operating Income As Reported": 345800000.0,
        "Diluted Average Shares": 80505043.0,
        "Basic Average Shares": 78959785.0,
        "Diluted EPS": 2.94,
        "Basic EPS": 3.0,
        "Diluted NI Availto Com Stockholders": 236500000.0,
        "Net Income Common Stockholders": 236500000.0,
        "Net Income": 236500000.0,
        "Minority Interests": -1200000.0,
        "Net Income Including Noncontrolling Interests": 237700000.0,
        "Net Income Continuous Operations": 237700000.0,
        "Tax Provision": 82000000.0,
        "Pretax Income": 319700000.0,
        "Other Income Expense": -3100000.0,
        "Other Non Operating Income Expenses": NaN,
        "Gain On Sale Of Security": -3100000.0,
        "Net Non Operating Interest Income Expense": -26300000.0,
        "Total Other Finance Cost": 1400000.0,
        "Interest Expense Non Operating": 26400000.0,
        "Interest Income Non Operating": 1500000.0,
        "Operating Income": 349100000.0,
        "Operating Expense": 253600000.0,
        "Other Operating Expenses": -1100000.0,
        "Research And Development": 82100000.0,
        "Selling General And Administration": 172600000.0,
        "Selling And Marketing Expense": 98300000.0,
        "General And Administrative Expense": 74300000.0,
        "Other Gand A": 74300000.0,
        "Gross Profit": 602700000.0,
        "Cost Of Revenue": 1835800000.0,
        "Total Revenue": 2438500000.0,
        "Operating Revenue": 2438500000.0
    },
    "2022-04-30": {
        "Diluted EPS": 1.15,
        "Total Revenue": NaN,
        "Gross Profit": 359,
        "Operating Income": 158,
        "EBIT": 214,
        "Net Income": 95
    },
    "2022-01-31": {
        "Diluted EPS": 2.0,
        "Total Revenue": NaN,
        "Gross Profit": 481,
        "Operating Income": 273,
        "EBIT": 333,
        "Net Income": 165
    },
    "2021-10-31": {
        "Diluted EPS": 1.22,
        "Total Revenue": NaN,
        "Gross Profit": 327,
        "Operating Income": 148,
        "EBIT": 199,
        "Net Income": 102
    },
    "2021-07-31": {
        "Diluted EPS": 2.01,
        "Total Revenue": NaN,
        "Gross Profit": 464,
        "Operating Income": 275,
        "EBIT": 330,
        "Net Income": 173
    },
    "2021-04-30": {
        "Diluted EPS": 2.22,
        "Total Revenue": NaN,
        "Gross Profit": 431,
        "Operating Income": 251,
        "EBIT": 304,
        "Net Income": 194
    },
    "2021-01-31": {
        "Diluted EPS": 2.22,
        "Total Revenue": NaN,
        "Gross Profit": 381,
        "Operating Income": 182,
        "EBIT": 232,
        "Net Income": 194
    },
    "2020-10-31": {
        "Diluted EPS": 1.68,
        "Total Revenue": NaN,
        "Gross Profit": 368,
        "Operating Income": 215,
        "EBIT": 267,
        "Net Income": 150
    },
    "2020-07-31": {
        "Diluted EPS": 1.05,
        "Total Revenue": 902,
        "Gross Profit": 182,
        "Operating Income": 44,
        "EBIT": 91,
        "Net Income": 92
    },
    "2020-04-30": {
        "Diluted EPS": -1.88,
        "Total Revenue": 894,
        "Gross Profit": 171,
        "Operating Income": -93,
        "EBIT": -46,
        "Net Income": -164
    },
    "2020-01-31": {
        "Diluted EPS": 0.95,
        "Total Revenue": NaN,
        "Gross Profit": 291,
        "Operating Income": 149,
        "EBIT": 197,
        "Net Income": 89
    },
    "2019-10-31": {
        "Diluted EPS": 1.13,
        "Total Revenue": NaN,
        "Gross Profit": 334,
        "Operating Income": 157,
        "EBIT": 202,
        "Net Income": 102
    },
    "2019-07-31": {
        "Diluted EPS": 0.72,
        "Total Revenue": NaN,
        "Gross Profit": 247,
        "Operating Income": 83,
        "EBIT": 126,
        "Net Income": 70
    },
    "2019-04-30": {
        "Diluted EPS": 0.19,
        "Total Revenue": NaN,
        "Gross Profit": 226,
        "Operating Income": 67,
        "EBIT": 108,
        "Net Income": 18
    },
    "2019-01-31": {
        "Diluted EPS": 0.64,
        "Total Revenue": NaN,
        "Gross Profit": 258,
        "Operating Income": 98,
        "EBIT": 139,
        "Net Income": 64
    },
    "2018-10-31": {
        "Diluted EPS": 0.71,
        "Total Revenue": NaN,
        "Gross Profit": 274,
        "Operating Income": 121,
        "EBIT": 154,
        "Net Income": 69
    },
    "2018-07-31": {
        "Diluted EPS": 0.31,
        "Total Revenue": 925,
        "Gross Profit": 215,
        "Operating Income": 79,
        "EBIT": 109,
        "Net Income": 31
    },
    "2018-04-30": {
        "Diluted EPS": 0.1,
        "Total Revenue": 891,
        "Gross Profit": 221,
        "Operating Income": 68,
        "EBIT": 99,
        "Net Income": 10
    },
    "2018-01-31": {
        "Diluted EPS": 0.89,
        "Total Revenue": 999,
        "Gross Profit": 999,
        "Operating Income": 999,
        "EBIT": 999,
        "Net Income": 91
    },
    "2017-10-31": {
        "Diluted EPS": 0.6,
        "Total Revenue": 992,
        "Gross Profit": 992,
        "Operating Income": 992,
        "EBIT": 992,
        "Net Income": 62
    },
    "2017-07-31": {
        "Diluted EPS": 0.67,
        "Total Revenue": 779,
        "Gross Profit": 779,
        "Operating Income": 779,
        "EBIT": 779,
        "Net Income": 76
    },
    "2017-04-30": {
        "Diluted EPS": -0.13,
        "Total Revenue": 718,
        "Gross Profit": 718,
        "Operating Income": 718,
        "EBIT": 718,
        "Net Income": -14
    },
    "2017-01-31": {
        "Diluted EPS": 0.91,
        "Total Revenue": 979,
        "Gross Profit": 979,
        "Operating Income": 979,
        "EBIT": 979,
        "Net Income": 102
    },
    "2023-07-31": {
        "Tax Effect Of Unusual Items": NaN,
        "Tax Rate For Calcs": NaN,
        "Normalized EBITDA": NaN,
        "Total Unusual Items": NaN,
        "Total Unusual Items Excluding Goodwill": NaN,
        "Net Income From Continuing Operation Net Minority Interest": NaN,
        "Reconciled Depreciation": NaN,
        "Reconciled Cost Of Revenue": NaN,
        "EBITDA": NaN,
        "EBIT": NaN,
        "Net Interest Income": NaN,
        "Interest Expense": NaN,
        "Interest Income": NaN,
        "Normalized Income": NaN,
        "Net Income From Continuing And Discontinued Operation": NaN,
        "Total Expenses": NaN,
        "Total Operating Income As Reported": NaN,
        "Diluted Average Shares": 79255857.0,
        "Basic Average Shares": 77874472.0,
        "Diluted EPS": 4.26,
        "Basic EPS": 4.34,
        "Diluted NI Availto Com Stockholders": NaN,
        "Net Income Common Stockholders": NaN,
        "Net Income": NaN,
        "Minority Interests": NaN,
        "Net Income Including Noncontrolling Interests": NaN,
        "Net Income Discontinuous Operations": NaN,
        "Net Income Continuous Operations": NaN,
        "Tax Provision": NaN,
        "Pretax Income": NaN,
        "Other Income Expense": NaN,
        "Other Non Operating Income Expenses": NaN,
        "Special Income Charges": NaN,
        "Write Off": NaN,
        "Restructuring And Mergern Acquisition": NaN,
        "Gain On Sale Of Security": NaN,
        "Net Non Operating Interest Income Expense": NaN,
        "Total Other Finance Cost": NaN,
        "Interest Expense Non Operating": NaN,
        "Interest Income Non Operating": NaN,
        "Operating Income": NaN,
        "Operating Expense": NaN,
        "Other Operating Expenses": NaN,
        "Research And Development": NaN,
        "Selling General And Administration": NaN,
        "Selling And Marketing Expense": NaN,
        "General And Administrative Expense": NaN,
        "Other Gand A": NaN,
        "Gross Profit": NaN,
        "Cost Of Revenue": NaN,
        "Total Revenue": NaN,
        "Operating Revenue": NaN
    },
    "2023-10-31": {
        "Tax Effect Of Unusual Items": -57720000.0,
        "Tax Rate For Calcs": 0.4,
        "Normalized EBITDA": 446000000.0,
        "Total Unusual Items": -144300000.0,
        "Total Unusual Items Excluding Goodwill": -144300000.0,
        "Net Income From Continuing Operation Net Minority Interest": 90000000.0,
        "Reconciled Depreciation": 100500000.0,
        "Reconciled Cost Of Revenue": 1728000000.0,
        "EBITDA": 301700000.0,
        "EBIT": 201200000.0,
        "Net Interest Income": -61500000.0,
        "Interest Expense": 46100000.0,
        "Interest Income": 6100000.0,
        "Normalized Income": 176580000.0,
        "Net Income From Continuing And Discontinued Operation": 63000000.0,
        "Total Expenses": 2010100000.0,
        "Total Operating Income As Reported": 357500000.0,
        "Diluted Average Shares": 77817364.0,
        "Basic Average Shares": 76514017.0,
        "Diluted EPS": 0.81,
        "Basic EPS": 0.82,
        "Diluted NI Availto Com Stockholders": 63000000.0,
        "Net Income Common Stockholders": 63000000.0,
        "Net Income": 63000000.0,
        "Minority Interests": -100000.0,
        "Net Income Including Noncontrolling Interests": 63100000.0,
        "Net Income Discontinuous Operations": -27000000.0,
        "Net Income Continuous Operations": 90100000.0,
        "Tax Provision": 65000000.0,
        "Pretax Income": 155100000.0,
        "Other Income Expense": -144300000.0,
        "Other Non Operating Income Expenses": NaN,
        "Special Income Charges": 0.0,
        "Write Off": 0.0,
        "Restructuring And Mergern Acquisition": 0.0,
        "Gain On Sale Of Security": -144300000.0,
        "Net Non Operating Interest Income Expense": -61500000.0,
        "Total Other Finance Cost": 21500000.0,
        "Interest Expense Non Operating": 46100000.0,
        "Interest Income Non Operating": 6100000.0,
        "Operating Income": 360900000.0,
        "Operating Expense": 282100000.0,
        "Other Operating Expenses": 1500000.0,
        "Research And Development": 105200000.0,
        "Selling General And Administration": 175400000.0,
        "Selling And Marketing Expense": 111500000.0,
        "General And Administrative Expense": 63900000.0,
        "Other Gand A": 63900000.0,
        "Gross Profit": 643000000.0,
        "Cost Of Revenue": 1728000000.0,
        "Total Revenue": 2371000000.0,
        "Operating Revenue": 2371000000.0
    },
    "2024-01-31": {
        "Tax Effect Of Unusual Items": -2845319.335083,
        "Tax Rate For Calcs": 0.176728,
        "Normalized EBITDA": 393400000.0,
        "Total Unusual Items": -16100000.0,
        "Total Unusual Items Excluding Goodwill": -16100000.0,
        "Net Income From Continuing Operation Net Minority Interest": 188500000.0,
        "Reconciled Depreciation": 103100000.0,
        "Reconciled Cost Of Revenue": 2039000000.0,
        "EBITDA": 377300000.0,
        "EBIT": 274200000.0,
        "Net Interest Income": -47000000.0,
        "Interest Expense": 45600000.0,
        "Interest Income": 2900000.0,
        "Normalized Income": 201754680.664917,
        "Net Income From Continuing And Discontinued Operation": 188500000.0,
        "Total Expenses": 2400100000.0,
        "Total Operating Income As Reported": 178500000.0,
        "Diluted Average Shares": NaN,
        "Basic Average Shares": NaN,
        "Diluted EPS": NaN,
        "Basic EPS": NaN,
        "Diluted NI Availto Com Stockholders": 188500000.0,
        "Net Income Common Stockholders": 188500000.0,
        "Net Income": 188500000.0,
        "Minority Interests": 300000.0,
        "Net Income Including Noncontrolling Interests": 188200000.0,
        "Net Income Discontinuous Operations": NaN,
        "Net Income Continuous Operations": 188200000.0,
        "Tax Provision": 40400000.0,
        "Pretax Income": 228600000.0,
        "Other Income Expense": -16100000.0,
        "Other Non Operating Income Expenses": NaN,
        "Special Income Charges": -119000000.0,
        "Write Off": NaN,
        "Restructuring And Mergern Acquisition": 2700000.0,
        "Gain On Sale Of Security": 100200000.0,
        "Net Non Operating Interest Income Expense": -47000000.0,
        "Total Other Finance Cost": 4300000.0,
        "Interest Expense Non Operating": 45600000.0,
        "Interest Income Non Operating": 2900000.0,
        "Operating Income": 291700000.0,
        "Operating Expense": 361100000.0,
        "Other Operating Expenses": 5900000.0,
        "Research And Development": 122700000.0,
        "Selling General And Administration": 232500000.0,
        "Selling And Marketing Expense": 117600000.0,
        "General And Administrative Expense": 114900000.0,
        "Other Gand A": 114900000.0,
        "Gross Profit": 652800000.0,
        "Cost Of Revenue": 2039000000.0,
        "Total Revenue": 2691800000.0,
        "Operating Revenue": 2691800000.0
    },
    "2024-04-30": {
        "Tax Effect Of Unusual Items": -13065000.0,
        "Tax Rate For Calcs": 0.15,
        "Normalized EBITDA": 244300000.0,
        "Total Unusual Items": -87100000.0,
        "Total Unusual Items Excluding Goodwill": -87100000.0,
        "Net Income From Continuing Operation Net Minority Interest": -7600000.0,
        "Reconciled Depreciation": 103700000.0,
        "Reconciled Cost Of Revenue": 1551700000.0,
        "EBITDA": 157200000.0,
        "EBIT": 53500000.0,
        "Net Interest Income": -46900000.0,
        "Interest Expense": 46500000.0,
        "Interest Income": 1800000.0,
        "Normalized Income": 66435000.0,
        "Net Income From Continuing And Discontinued Operation": -7600000.0,
        "Total Expenses": 1890700000.0,
        "Total Operating Income As Reported": 124100000.0,
        "Diluted Average Shares": 76036145.0,
        "Basic Average Shares": 74897906.0,
        "Diluted EPS": -0.1,
        "Basic EPS": -0.1,
        "Diluted NI Availto Com Stockholders": -7600000.0,
        "Net Income Common Stockholders": -7600000.0,
        "Net Income": -7600000.0,
        "Minority Interests": -200000.0,
        "Net Income Including Noncontrolling Interests": -7400000.0,
        "Net Income Discontinuous Operations": NaN,
        "Net Income Continuous Operations": -7400000.0,
        "Tax Provision": 14400000.0,
        "Pretax Income": 7000000.0,
        "Other Income Expense": -87100000.0,
        "Other Non Operating Income Expenses": NaN,
        "Special Income Charges": -16200000.0,
        "Write Off": NaN,
        "Restructuring And Mergern Acquisition": 16200000.0,
        "Gain On Sale Of Security": -70900000.0,
        "Net Non Operating Interest Income Expense": -46900000.0,
        "Total Other Finance Cost": 2200000.0,
        "Interest Expense Non Operating": 46500000.0,
        "Interest Income Non Operating": 1800000.0,
        "Operating Income": 141000000.0,
        "Operating Expense": 339000000.0,
        "Other Operating Expenses": 200000.0,
        "Research And Development": 115300000.0,
        "Selling General And Administration": 223500000.0,
        "Selling And Marketing Expense": 124300000.0,
        "General And Administrative Expense": 99200000.0,
        "Other Gand A": 99200000.0,
        "Gross Profit": 480000000.0,
        "Cost Of Revenue": 1551700000.0,
        "Total Revenue": 2031700000.0,
        "Operating Revenue": 2031700000.0
    },
    "2024-07-31": {
        "Tax Effect Of Unusual Items": -4200000.0,
        "Tax Rate For Calcs": 0.15,
        "Normalized EBITDA": 199400000.0,
        "Total Unusual Items": -28000000.0,
        "Total Unusual Items Excluding Goodwill": -28000000.0,
        "Net Income From Continuing Operation Net Minority Interest": 6600000.0,
        "Reconciled Depreciation": 107000000.0,
        "Reconciled Cost Of Revenue": 1465400000.0,
        "EBITDA": 171400000.0,
        "EBIT": 64400000.0,
        "Net Interest Income": -46100000.0,
        "Interest Expense": 47800000.0,
        "Interest Income": 4000000.0,
        "Normalized Income": 30400000.0,
        "Net Income From Continuing And Discontinued Operation": 6600000.0,
        "Total Expenses": 1751200000.0,
        "Total Operating Income As Reported": 74400000.0,
        "Diluted Average Shares": 74722829.0,
        "Basic Average Shares": 73756062.0,
        "Diluted EPS": 0.09,
        "Basic EPS": 0.09,
        "Diluted NI Availto Com Stockholders": 6600000.0,
        "Net Income Common Stockholders": 6600000.0,
        "Net Income": 6600000.0,
        "Minority Interests": -600000.0,
        "Net Income Including Noncontrolling Interests": 7200000.0,
        "Net Income Discontinuous Operations": NaN,
        "Net Income Continuous Operations": 7200000.0,
        "Tax Provision": 9400000.0,
        "Pretax Income": 16600000.0,
        "Other Income Expense": -28000000.0,
        "Other Non Operating Income Expenses": NaN,
        "Special Income Charges": -14600000.0,
        "Write Off": NaN,
        "Restructuring And Mergern Acquisition": 14600000.0,
        "Gain On Sale Of Security": -13400000.0,
        "Net Non Operating Interest Income Expense": -46100000.0,
        "Total Other Finance Cost": 2300000.0,
        "Interest Expense Non Operating": 47800000.0,
        "Interest Income Non Operating": 4000000.0,
        "Operating Income": 90700000.0,
        "Operating Expense": 285800000.0,
        "Other Operating Expenses": 3800000.0,
        "Research And Development": 84400000.0,
        "Selling General And Administration": 197600000.0,
        "Selling And Marketing Expense": 110700000.0,
        "General And Administrative Expense": 86900000.0,
        "Other Gand A": 86900000.0,
        "Gross Profit": 376500000.0,
        "Cost Of Revenue": 1465400000.0,
        "Total Revenue": 1841900000.0,
        "Operating Revenue": 1841900000.0
    },
    "2024-10-31": {
        "Tax Effect Of Unusual Items": -6975000.0,
        "Tax Rate For Calcs": 0.15,
        "Normalized EBITDA": 264600000.0,
        "Total Unusual Items": -46500000.0,
        "Total Unusual Items Excluding Goodwill": -46500000.0,
        "Net Income From Continuing Operation Net Minority Interest": 27600000.0,
        "Reconciled Depreciation": 109400000.0,
        "Reconciled Cost Of Revenue": 1525700000.0,
        "EBITDA": 218100000.0,
        "EBIT": 108700000.0,
        "Net Interest Income": -49900000.0,
        "Interest Expense": 49500000.0,
        "Interest Income": 1300000.0,
        "Normalized Income": 67125000.0,
        "Net Income From Continuing And Discontinued Operation": 7100000.0,
        "Total Expenses": 1800100000.0,
        "Total Operating Income As Reported": 134900000.0,
        "Diluted Average Shares": 73865152.0,
        "Basic Average Shares": 73003877.0,
        "Diluted EPS": 0.09,
        "Basic EPS": 0.1,
        "Diluted NI Availto Com Stockholders": 7100000.0,
        "Net Income Common Stockholders": 7100000.0,
        "Net Income": 7100000.0,
        "Minority Interests": 300000.0,
        "Net Income Including Noncontrolling Interests": 6800000.0,
        "Net Income Discontinuous Operations": -20500000.0,
        "Net Income Continuous Operations": 27300000.0,
        "Tax Provision": 31900000.0,
        "Pretax Income": 59200000.0,
        "Other Income Expense": -46500000.0,
        "Other Non Operating Income Expenses": NaN,
        "Special Income Charges": -21300000.0,
        "Write Off": 9400000.0,
        "Restructuring And Mergern Acquisition": 11900000.0,
        "Gain On Sale Of Security": -25200000.0,
        "Net Non Operating Interest Income Expense": -49900000.0,
        "Total Other Finance Cost": 1700000.0,
        "Interest Expense Non Operating": 49500000.0,
        "Interest Income Non Operating": 1300000.0,
        "Operating Income": 155600000.0,
        "Operating Expense": 274400000.0,
        "Other Operating Expenses": 1600000.0,
        "Research And Development": 95600000.0,
        "Selling General And Administration": 177200000.0,
        "Selling And Marketing Expense": 110100000.0,
        "General And Administrative Expense": 67100000.0,
        "Other Gand A": 67100000.0,
        "Gross Profit": 430000000.0,
        "Cost Of Revenue": 1525700000.0,
        "Total Revenue": 1955700000.0,
        "Operating Revenue": 1955700000.0
    }
}