{
    "2023-06-30": {
        "Tax Effect Of Unusual Items": -31603375.527426,
        "Tax Rate For Calcs": 0.295359,
        "Normalized EBITDA": 1639000000.0,
        "Total Unusual Items": -107000000.0,
        "Total Unusual Items Excluding Goodwill": -107000000.0,
        "Net Income From Continuing Operation Net Minority Interest": 485000000.0,
        "Reconciled Depreciation": 649000000.0,
        "Reconciled Cost Of Revenue": 9307000000.0,
        "EBITDA": 1532000000.0,
        "EBIT": 883000000.0,
        "Net Interest Income": -106000000.0,
        "Interest Expense": 172000000.0,
        "Interest Income": 66000000.0,
        "Normalized Income": 560396624.472574,
        "Net Income From Continuing And Discontinued Operation": 485000000.0,
        "Total Expenses": 10569000000.0,
        "Diluted Average Shares": 709900000.0,
        "Basic Average Shares": 707000000.0,
        "Diluted EPS": 0.68,
        "Basic EPS": 0.68,
        "Diluted NI Availto Com Stockholders": 482000000.0,
        "Net Income Common Stockholders": 482000000.0,
        "Otherunder Preferred Stock Dividend": 3000000.0,
        "Net Income": 485000000.0,
        "Minority Interests": -16000000.0,
        "Net Income Including Noncontrolling Interests": 501000000.0,
        "Net Income Continuous Operations": 501000000.0,
        "Tax Provision": 210000000.0,
        "Pretax Income": 711000000.0,
        "Other Income Expense": -34000000.0,
        "Other Non Operating Income Expenses": 130000000.0,
        "Special Income Charges": -12000000.0,
        "Gain On Sale Of Ppe": 9000000.0,
        "Other Special Charges": NaN,
        "Write Off": 0.0,
        "Restructuring And Mergern Acquisition": 21000000.0,
        "Earnings From Equity Interest": -57000000.0,
        "Gain On Sale Of Security": -95000000.0,
        "Net Non Operating Interest Income Expense": -106000000.0,
        "Interest Expense Non Operating": 172000000.0,
        "Interest Income Non Operating": 66000000.0,
        "Operating Income": 851000000.0,
        "Operating Expense": 694000000.0,
        "Depreciation Amortization Depletion Income Statement": 81000000.0,
        "Depreciation And Amortization In Income Statement": 81000000.0,
        "Amortization": 81000000.0,
        "Amortization Of Intangibles Income Statement": 81000000.0,
        "Research And Development": 205000000.0,
        "Selling General And Administration": 408000000.0,
        "Gross Profit": 1545000000.0,
        "Cost Of Revenue": 9875000000.0,
        "Total Revenue": 11420000000.0,
        "Operating Revenue": 11420000000.0
    },
    "2023-03-31": {
        "Tax Effect Of Unusual Items": NaN,
        "Tax Rate For Calcs": NaN,
        "Normalized EBITDA": NaN,
        "Total Unusual Items": NaN,
        "Total Unusual Items Excluding Goodwill": NaN,
        "Net Income From Continuing Operation Net Minority Interest": NaN,
        "Reconciled Depreciation": NaN,
        "Reconciled Cost Of Revenue": NaN,
        "EBITDA": NaN,
        "EBIT": NaN,
        "Net Interest Income": NaN,
        "Interest Expense": NaN,
        "Interest Income": NaN,
        "Normalized Income": NaN,
        "Net Income From Continuing And Discontinued Operation": NaN,
        "Total Expenses": NaN,
        "Diluted Average Shares": NaN,
        "Basic Average Shares": NaN,
        "Diluted EPS": NaN,
        "Basic EPS": NaN,
        "Diluted NI Availto Com Stockholders": NaN,
        "Net Income Common Stockholders": NaN,
        "Otherunder Preferred Stock Dividend": 3000000.0,
        "Net Income": NaN,
        "Minority Interests": NaN,
        "Net Income Including Noncontrolling Interests": NaN,
        "Net Income Continuous Operations": NaN,
        "Tax Provision": NaN,
        "Pretax Income": NaN,
        "Other Income Expense": NaN,
        "Other Non Operating Income Expenses": NaN,
        "Special Income Charges": NaN,
        "Gain On Sale Of Ppe": NaN,
        "Other Special Charges": -9000000.0,
        "Write Off": NaN,
        "Restructuring And Mergern Acquisition": NaN,
        "Earnings From Equity Interest": NaN,
        "Gain On Sale Of Security": NaN,
        "Net Non Operating Interest Income Expense": NaN,
        "Interest Expense Non Operating": NaN,
        "Interest Income Non Operating": NaN,
        "Operating Income": NaN,
        "Operating Expense": NaN,
        "Depreciation Amortization Depletion Income Statement": NaN,
        "Depreciation And Amortization In Income Statement": NaN,
        "Amortization": NaN,
        "Amortization Of Intangibles Income Statement": NaN,
        "Research And Development": NaN,
        "Selling General And Administration": NaN,
        "Gross Profit": NaN,
        "Cost Of Revenue": NaN,
        "Total Revenue": NaN,
        "Operating Revenue": NaN
    },
    "2022-12-31": {
        "Tax Effect Of Unusual Items": NaN,
        "Tax Rate For Calcs": NaN,
        "Normalized EBITDA": NaN,
        "Total Unusual Items": NaN,
        "Total Unusual Items Excluding Goodwill": NaN,
        "Net Income From Continuing Operation Net Minority Interest": NaN,
        "Reconciled Depreciation": NaN,
        "Reconciled Cost Of Revenue": NaN,
        "EBITDA": NaN,
        "EBIT": NaN,
        "Net Interest Income": NaN,
        "Interest Expense": NaN,
        "Interest Income": NaN,
        "Normalized Income": NaN,
        "Net Income From Continuing And Discontinued Operation": NaN,
        "Total Expenses": NaN,
        "Diluted Average Shares": NaN,
        "Basic Average Shares": NaN,
        "Diluted EPS": NaN,
        "Basic EPS": NaN,
        "Diluted NI Availto Com Stockholders": NaN,
        "Net Income Common Stockholders": NaN,
        "Otherunder Preferred Stock Dividend": NaN,
        "Net Income": NaN,
        "Minority Interests": NaN,
        "Net Income Including Noncontrolling Interests": NaN,
        "Net Income Continuous Operations": NaN,
        "Tax Provision": NaN,
        "Pretax Income": NaN,
        "Other Income Expense": NaN,
        "Other Non Operating Income Expenses": NaN,
        "Special Income Charges": NaN,
        "Gain On Sale Of Ppe": NaN,
        "Other Special Charges": 0.0,
        "Write Off": NaN,
        "Restructuring And Mergern Acquisition": NaN,
        "Earnings From Equity Interest": NaN,
        "Gain On Sale Of Security": NaN,
        "Net Non Operating Interest Income Expense": NaN,
        "Interest Expense Non Operating": NaN,
        "Interest Income Non Operating": NaN,
        "Operating Income": NaN,
        "Operating Expense": NaN,
        "Depreciation Amortization Depletion Income Statement": NaN,
        "Depreciation And Amortization In Income Statement": NaN,
        "Amortization": NaN,
        "Amortization Of Intangibles Income Statement": NaN,
        "Research And Development": NaN,
        "Selling General And Administration": NaN,
        "Gross Profit": NaN,
        "Cost Of Revenue": NaN,
        "Total Revenue": NaN,
        "Operating Revenue": NaN
    },
    "2022-09-30": {
        "Tax Effect Of Unusual Items": NaN,
        "Tax Rate For Calcs": NaN,
        "Normalized EBITDA": NaN,
        "Total Unusual Items": NaN,
        "Total Unusual Items Excluding Goodwill": NaN,
        "Net Income From Continuing Operation Net Minority Interest": NaN,
        "Reconciled Depreciation": NaN,
        "Reconciled Cost Of Revenue": NaN,
        "EBITDA": NaN,
        "EBIT": NaN,
        "Net Interest Income": NaN,
        "Interest Expense": NaN,
        "Interest Income": NaN,
        "Normalized Income": NaN,
        "Net Income From Continuing And Discontinued Operation": NaN,
        "Total Expenses": NaN,
        "Diluted Average Shares": NaN,
        "Basic Average Shares": NaN,
        "Diluted EPS": NaN,
        "Basic EPS": NaN,
        "Diluted NI Availto Com Stockholders": NaN,
        "Net Income Common Stockholders": NaN,
        "Otherunder Preferred Stock Dividend": NaN,
        "Net Income": NaN,
        "Minority Interests": NaN,
        "Net Income Including Noncontrolling Interests": NaN,
        "Net Income Continuous Operations": NaN,
        "Tax Provision": NaN,
        "Pretax Income": NaN,
        "Other Income Expense": NaN,
        "Other Non Operating Income Expenses": NaN,
        "Special Income Charges": NaN,
        "Gain On Sale Of Ppe": NaN,
        "Other Special Charges": 7000000.0,
        "Write Off": 0.0,
        "Restructuring And Mergern Acquisition": NaN,
        "Earnings From Equity Interest": NaN,
        "Gain On Sale Of Security": NaN,
        "Net Non Operating Interest Income Expense": NaN,
        "Interest Expense Non Operating": NaN,
        "Interest Income Non Operating": NaN,
        "Operating Income": NaN,
        "Operating Expense": NaN,
        "Depreciation Amortization Depletion Income Statement": NaN,
        "Depreciation And Amortization In Income Statement": NaN,
        "Amortization": NaN,
        "Amortization Of Intangibles Income Statement": NaN,
        "Research And Development": NaN,
        "Selling General And Administration": NaN,
        "Gross Profit": NaN,
        "Cost Of Revenue": NaN,
        "Total Revenue": NaN,
        "Operating Revenue": NaN
    },
    "2022-06-30": {
        "Tax Effect Of Unusual Items": 0.0,
        "Tax Rate For Calcs": 0.224988,
        "Normalized EBITDA": 3018000000.0,
        "Total Unusual Items": 0.0,
        "Total Unusual Items Excluding Goodwill": 0.0,
        "Net Income From Continuing Operation Net Minority Interest": 1661000000.0,
        "Reconciled Depreciation": 684000000.0,
        "Reconciled Cost Of Revenue": 12300000000.0,
        "EBITDA": 3018000000.0,
        "EBIT": 2334000000.0,
        "Net Interest Income": -129000000.0,
        "Interest Expense": 165000000.0,
        "Interest Income": 36000000.0,
        "Normalized Income": 1661000000.0,
        "Net Income From Continuing And Discontinued Operation": 1661000000.0,
        "Total Expenses": 13636000000.0,
        "Diluted Average Shares": 731500000.0,
        "Basic Average Shares": 725700000.0,
        "Diluted EPS": 2.26,
        "Basic EPS": 2.28,
        "Diluted NI Availto Com Stockholders": 1661000000.0,
        "Net Income Common Stockholders": 1661000000.0,
        "Otherunder Preferred Stock Dividend": 9000000.0,
        "Net Income": 1661000000.0,
        "Minority Interests": -20000000.0,
        "Net Income Including Noncontrolling Interests": 1681000000.0,
        "Net Income Continuous Operations": 1681000000.0,
        "Tax Provision": 488000000.0,
        "Pretax Income": 2169000000.0,
        "Other Income Expense": 270000000.0,
        "Other Non Operating Income Expenses": 75000000.0,
        "Special Income Charges": 0.0,
        "Gain On Sale Of Ppe": 12000000.0,
        "Other Special Charges": 16000000.0,
        "Write Off": NaN,
        "Restructuring And Mergern Acquisition": 0.0,
        "Earnings From Equity Interest": 195000000.0,
        "Gain On Sale Of Security": -17000000.0,
        "Net Non Operating Interest Income Expense": -129000000.0,
        "Interest Expense Non Operating": 165000000.0,
        "Interest Income Non Operating": 36000000.0,
        "Operating Income": 2028000000.0,
        "Operating Expense": 737000000.0,
        "Depreciation Amortization Depletion Income Statement": 85000000.0,
        "Depreciation And Amortization In Income Statement": 85000000.0,
        "Amortization": 85000000.0,
        "Amortization Of Intangibles Income Statement": 85000000.0,
        "Research And Development": 217000000.0,
        "Selling General And Administration": 435000000.0,
        "General And Administrative Expense": 435000000.0,
        "Other Gand A": 435000000.0,
        "Gross Profit": 2765000000.0,
        "Cost Of Revenue": 12899000000.0,
        "Total Revenue": 15664000000.0,
        "Operating Revenue": 15664000000.0
    },
    "2022-03-31": {
        "Diluted EPS": 2.11,
        "Total Revenue": NaN,
        "Gross Profit": NaN,
        "Operating Income": NaN,
        "EBIT": NaN,
        "Net Income": NaN
    },
    "2021-12-31": {
        "Diluted EPS": 2.32,
        "Total Revenue": NaN,
        "Gross Profit": NaN,
        "Operating Income": NaN,
        "EBIT": NaN,
        "Net Income": NaN
    },
    "2021-09-30": {
        "Diluted EPS": 2.23,
        "Total Revenue": NaN,
        "Gross Profit": NaN,
        "Operating Income": NaN,
        "EBIT": NaN,
        "Net Income": NaN
    },
    "2021-06-30": {
        "Diluted EPS": 2.51,
        "Total Revenue": NaN,
        "Gross Profit": NaN,
        "Operating Income": NaN,
        "EBIT": NaN,
        "Net Income": NaN
    },
    "2021-03-31": {
        "Diluted EPS": 1.32,
        "Total Revenue": NaN,
        "Gross Profit": NaN,
        "Operating Income": NaN,
        "EBIT": NaN,
        "Net Income": 991
    },
    "2020-12-31": {
        "Diluted EPS": 1.67,
        "Total Revenue": NaN,
        "Gross Profit": NaN,
        "Operating Income": 794,
        "EBIT": NaN,
        "Net Income": NaN
    },
    "2020-09-30": {
        "Diluted EPS": -0.04,
        "Total Revenue": NaN,
        "Gross Profit": NaN,
        "Operating Income": -4,
        "EBIT": 720,
        "Net Income": -25
    },
    "2020-06-30": {
        "Diluted EPS": -0.31,
        "Total Revenue": NaN,
        "Gross Profit": 744,
        "Operating Income": 53,
        "EBIT": 753,
        "Net Income": -225
    },
    "2020-03-31": {
        "Diluted EPS": 0.32,
        "Total Revenue": NaN,
        "Gross Profit": NaN,
        "Operating Income": 766,
        "EBIT": NaN,
        "Net Income": 239
    },
    "2019-12-31": {
        "Diluted EPS": -3.13,
        "Total Revenue": NaN,
        "Gross Profit": NaN,
        "Operating Income": NaN,
        "EBIT": NaN,
        "Net Income": NaN
    },
    "2019-09-30": {
        "Diluted EPS": 0.45,
        "Total Revenue": NaN,
        "Gross Profit": NaN,
        "Operating Income": 394,
        "EBIT": NaN,
        "Net Income": 333
    },
    "2019-06-30": {
        "Diluted EPS": 0.1,
        "Total Revenue": NaN,
        "Gross Profit": NaN,
        "Operating Income": 447,
        "EBIT": NaN,
        "Net Income": 75
    },
    "2019-03-31": {
        "Diluted EPS": 0.74,
        "Total Revenue": NaN,
        "Gross Profit": NaN,
        "Operating Income": 465,
        "EBIT": NaN,
        "Net Income": 556
    },
    "2018-12-31": {
        "Diluted EPS": 0.0,
        "Total Revenue": NaN,
        "Gross Profit": NaN,
        "Operating Income": NaN,
        "EBIT": NaN,
        "Net Income": NaN
    },
    "2018-09-30": {
        "Diluted EPS": 1.36,
        "Total Revenue": NaN,
        "Gross Profit": NaN,
        "Operating Income": NaN,
        "EBIT": NaN,
        "Net Income": NaN
    },
    "2018-06-30": {
        "Diluted EPS": 1.78,
        "Total Revenue": NaN,
        "Gross Profit": NaN,
        "Operating Income": NaN,
        "EBIT": NaN,
        "Net Income": NaN
    },
    "2017-12-31": {
        "Diluted EPS": 0.0,
        "Total Revenue": NaN,
        "Gross Profit": NaN,
        "Operating Income": NaN,
        "EBIT": NaN,
        "Net Income": NaN
    },
    "2016-12-31": {
        "Diluted EPS": 0.0,
        "Total Revenue": NaN,
        "Gross Profit": NaN,
        "Operating Income": NaN,
        "EBIT": NaN,
        "Net Income": NaN
    },
    "2023-09-30": {
        "Tax Effect Of Unusual Items": -3888000.0,
        "Tax Rate For Calcs": 0.216,
        "Normalized EBITDA": 1284000000.0,
        "Total Unusual Items": -18000000.0,
        "Total Unusual Items Excluding Goodwill": -18000000.0,
        "Net Income From Continuing Operation Net Minority Interest": 302000000.0,
        "Reconciled Depreciation": 657000000.0,
        "Reconciled Cost Of Revenue": 9016000000.0,
        "EBITDA": 1266000000.0,
        "EBIT": 609000000.0,
        "Net Interest Income": -148000000.0,
        "Interest Expense": 192000000.0,
        "Interest Income": 44000000.0,
        "Normalized Income": 316112000.0,
        "Net Income From Continuing And Discontinued Operation": 302000000.0,
        "Total Expenses": 10250000000.0,
        "Diluted Average Shares": 707500000.0,
        "Basic Average Shares": 704000000.0,
        "Diluted EPS": 0.42,
        "Basic EPS": 0.43,
        "Diluted NI Availto Com Stockholders": 300000000.0,
        "Net Income Common Stockholders": 300000000.0,
        "Otherunder Preferred Stock Dividend": 2000000.0,
        "Net Income": 302000000.0,
        "Minority Interests": -25000000.0,
        "Net Income Including Noncontrolling Interests": 327000000.0,
        "Net Income Continuous Operations": 327000000.0,
        "Tax Provision": 90000000.0,
        "Pretax Income": 417000000.0,
        "Other Income Expense": 85000000.0,
        "Other Non Operating Income Expenses": 110000000.0,
        "Special Income Charges": 21000000.0,
        "Gain On Sale Of Ppe": 0.0,
        "Other Special Charges": -21000000.0,
        "Write Off": 0.0,
        "Restructuring And Mergern Acquisition": -21000000.0,
        "Earnings From Equity Interest": -7000000.0,
        "Gain On Sale Of Security": -39000000.0,
        "Net Non Operating Interest Income Expense": -148000000.0,
        "Interest Expense Non Operating": 192000000.0,
        "Interest Income Non Operating": 44000000.0,
        "Operating Income": 480000000.0,
        "Operating Expense": 658000000.0,
        "Depreciation Amortization Depletion Income Statement": 81000000.0,
        "Depreciation And Amortization In Income Statement": 81000000.0,
        "Amortization": 81000000.0,
        "Amortization Of Intangibles Income Statement": 81000000.0,
        "Research And Development": 197000000.0,
        "Selling General And Administration": 380000000.0,
        "Gross Profit": 1138000000.0,
        "Cost Of Revenue": 9592000000.0,
        "Total Revenue": 10730000000.0,
        "Operating Revenue": 10730000000.0
    },
    "2023-12-31": {
        "Tax Effect Of Unusual Items": -13230000.0,
        "Tax Rate For Calcs": 0.21,
        "Normalized EBITDA": 565000000.0,
        "Total Unusual Items": -63000000.0,
        "Total Unusual Items Excluding Goodwill": -63000000.0,
        "Net Income From Continuing Operation Net Minority Interest": -105000000.0,
        "Reconciled Depreciation": 657000000.0,
        "Reconciled Cost Of Revenue": 9070000000.0,
        "EBITDA": 502000000.0,
        "EBIT": -155000000.0,
        "Net Interest Income": -154000000.0,
        "Interest Expense": 197000000.0,
        "Interest Income": 43000000.0,
        "Normalized Income": -55230000.0,
        "Net Income From Continuing And Discontinued Operation": -105000000.0,
        "Total Expenses": 10351000000.0,
        "Diluted Average Shares": 703600000.0,
        "Basic Average Shares": 703600000.0,
        "Diluted EPS": -0.15,
        "Basic EPS": -0.15,
        "Diluted NI Availto Com Stockholders": -108000000.0,
        "Net Income Common Stockholders": -108000000.0,
        "Otherunder Preferred Stock Dividend": 3000000.0,
        "Net Income": -105000000.0,
        "Minority Interests": -10000000.0,
        "Net Income Including Noncontrolling Interests": -95000000.0,
        "Net Income Continuous Operations": -95000000.0,
        "Tax Provision": -257000000.0,
        "Pretax Income": -352000000.0,
        "Other Income Expense": -468000000.0,
        "Other Non Operating Income Expenses": -398000000.0,
        "Special Income Charges": 41000000.0,
        "Gain On Sale Of Ppe": 6000000.0,
        "Other Special Charges": -14000000.0,
        "Write Off": 0.0,
        "Restructuring And Mergern Acquisition": -30000000.0,
        "Earnings From Equity Interest": -7000000.0,
        "Gain On Sale Of Security": -104000000.0,
        "Net Non Operating Interest Income Expense": -154000000.0,
        "Interest Expense Non Operating": 197000000.0,
        "Interest Income Non Operating": 43000000.0,
        "Operating Income": 270000000.0,
        "Operating Expense": 705000000.0,
        "Depreciation Amortization Depletion Income Statement": 81000000.0,
        "Depreciation And Amortization In Income Statement": 81000000.0,
        "Amortization": 81000000.0,
        "Amortization Of Intangibles Income Statement": 81000000.0,
        "Research And Development": 213000000.0,
        "Selling General And Administration": 411000000.0,
        "Gross Profit": 975000000.0,
        "Cost Of Revenue": 9646000000.0,
        "Total Revenue": 10621000000.0,
        "Operating Revenue": 10621000000.0
    },
    "2024-03-31": {
        "Tax Effect Of Unusual Items": -12390000.0,
        "Tax Rate For Calcs": 0.21,
        "Normalized EBITDA": 1427000000.0,
        "Total Unusual Items": -59000000.0,
        "Total Unusual Items Excluding Goodwill": -59000000.0,
        "Net Income From Continuing Operation Net Minority Interest": 516000000.0,
        "Reconciled Depreciation": 720000000.0,
        "Reconciled Cost Of Revenue": 8849000000.0,
        "EBITDA": 1368000000.0,
        "EBIT": 648000000.0,
        "Net Interest Income": -134000000.0,
        "Interest Expense": 199000000.0,
        "Interest Income": 65000000.0,
        "Normalized Income": 562610000.0,
        "Net Income From Continuing And Discontinued Operation": 516000000.0,
        "Total Expenses": 10215000000.0,
        "Diluted Average Shares": 705500000.0,
        "Basic Average Shares": 704500000.0,
        "Diluted EPS": 0.73,
        "Basic EPS": 0.73,
        "Diluted NI Availto Com Stockholders": 516000000.0,
        "Net Income Common Stockholders": 516000000.0,
        "Otherunder Preferred Stock Dividend": NaN,
        "Net Income": 516000000.0,
        "Minority Interests": -22000000.0,
        "Net Income Including Noncontrolling Interests": 538000000.0,
        "Net Income Continuous Operations": 538000000.0,
        "Tax Provision": -89000000.0,
        "Pretax Income": 449000000.0,
        "Other Income Expense": 33000000.0,
        "Other Non Operating Income Expenses": 75000000.0,
        "Special Income Charges": -36000000.0,
        "Gain On Sale Of Ppe": 9000000.0,
        "Other Special Charges": NaN,
        "Write Off": 0.0,
        "Restructuring And Mergern Acquisition": 45000000.0,
        "Earnings From Equity Interest": 17000000.0,
        "Gain On Sale Of Security": -23000000.0,
        "Net Non Operating Interest Income Expense": -134000000.0,
        "Interest Expense Non Operating": 199000000.0,
        "Interest Income Non Operating": 65000000.0,
        "Operating Income": 550000000.0,
        "Operating Expense": 727000000.0,
        "Depreciation Amortization Depletion Income Statement": 81000000.0,
        "Depreciation And Amortization In Income Statement": 81000000.0,
        "Amortization": 81000000.0,
        "Amortization Of Intangibles Income Statement": 81000000.0,
        "Research And Development": 204000000.0,
        "Selling General And Administration": 442000000.0,
        "Gross Profit": 1277000000.0,
        "Cost Of Revenue": 9488000000.0,
        "Total Revenue": 10765000000.0,
        "Operating Revenue": 10765000000.0
    },
    "2024-06-30": {
        "Tax Effect Of Unusual Items": 988000.0,
        "Tax Rate For Calcs": 0.247,
        "Normalized EBITDA": 1483000000.0,
        "Total Unusual Items": 4000000.0,
        "Total Unusual Items Excluding Goodwill": 4000000.0,
        "Net Income From Continuing Operation Net Minority Interest": 439000000.0,
        "Reconciled Depreciation": 682000000.0,
        "Reconciled Cost Of Revenue": 8986000000.0,
        "EBITDA": 1487000000.0,
        "EBIT": 805000000.0,
        "Net Interest Income": -155000000.0,
        "Interest Expense": 197000000.0,
        "Interest Income": 42000000.0,
        "Normalized Income": 435988000.0,
        "Net Income From Continuing And Discontinued Operation": 439000000.0,
        "Total Expenses": 10254000000.0,
        "Diluted Average Shares": 705300000.0,
        "Basic Average Shares": 703800000.0,
        "Diluted EPS": 0.62,
        "Basic EPS": 0.62,
        "Diluted NI Availto Com Stockholders": 436000000.0,
        "Net Income Common Stockholders": 436000000.0,
        "Otherunder Preferred Stock Dividend": 3000000.0,
        "Net Income": 439000000.0,
        "Minority Interests": -19000000.0,
        "Net Income Including Noncontrolling Interests": 458000000.0,
        "Net Income Continuous Operations": 458000000.0,
        "Tax Provision": 150000000.0,
        "Pretax Income": 608000000.0,
        "Other Income Expense": 102000000.0,
        "Other Non Operating Income Expenses": 72000000.0,
        "Special Income Charges": 16000000.0,
        "Gain On Sale Of Ppe": 10000000.0,
        "Other Special Charges": -5000000.0,
        "Write Off": 0.0,
        "Restructuring And Mergern Acquisition": -1000000.0,
        "Earnings From Equity Interest": 26000000.0,
        "Gain On Sale Of Security": -12000000.0,
        "Net Non Operating Interest Income Expense": -155000000.0,
        "Interest Expense Non Operating": 197000000.0,
        "Interest Income Non Operating": 42000000.0,
        "Operating Income": 661000000.0,
        "Operating Expense": 663000000.0,
        "Depreciation Amortization Depletion Income Statement": 77000000.0,
        "Depreciation And Amortization In Income Statement": 77000000.0,
        "Amortization": 77000000.0,
        "Amortization Of Intangibles Income Statement": 77000000.0,
        "Research And Development": 196000000.0,
        "Selling General And Administration": 390000000.0,
        "Gross Profit": 1324000000.0,
        "Cost Of Revenue": 9591000000.0,
        "Total Revenue": 10915000000.0,
        "Operating Revenue": 10915000000.0
    }
}