{
    "2023-03-31": {
        "Tax Effect Of Unusual Items": NaN,
        "Tax Rate For Calcs": NaN,
        "Normalized EBITDA": NaN,
        "Total Unusual Items": NaN,
        "Total Unusual Items Excluding Goodwill": NaN,
        "Net Income From Continuing Operation Net Minority Interest": NaN,
        "Reconciled Cost Of Revenue": NaN,
        "EBITDA": NaN,
        "EBIT": NaN,
        "Net Interest Income": NaN,
        "Interest Income": 11947000.0,
        "Normalized Income": NaN,
        "Net Income From Continuing And Discontinued Operation": NaN,
        "Total Expenses": NaN,
        "Total Operating Income As Reported": NaN,
        "Diluted Average Shares": NaN,
        "Basic Average Shares": NaN,
        "Diluted EPS": NaN,
        "Basic EPS": NaN,
        "Diluted NI Availto Com Stockholders": NaN,
        "Net Income Common Stockholders": NaN,
        "Net Income": NaN,
        "Minority Interests": NaN,
        "Net Income Including Noncontrolling Interests": NaN,
        "Net Income Continuous Operations": NaN,
        "Tax Provision": NaN,
        "Pretax Income": NaN,
        "Other Income Expense": NaN,
        "Gain On Sale Of Security": NaN,
        "Net Non Operating Interest Income Expense": NaN,
        "Total Other Finance Cost": NaN,
        "Interest Income Non Operating": 11947000.0,
        "Operating Income": NaN,
        "Operating Expense": NaN,
        "Other Operating Expenses": NaN,
        "Research And Development": NaN,
        "Selling General And Administration": NaN,
        "Gross Profit": NaN,
        "Cost Of Revenue": NaN,
        "Total Revenue": NaN,
        "Operating Revenue": NaN
    },
    "2022-12-31": {
        "Tax Effect Of Unusual Items": NaN,
        "Tax Rate For Calcs": NaN,
        "Normalized EBITDA": NaN,
        "Total Unusual Items": NaN,
        "Total Unusual Items Excluding Goodwill": NaN,
        "Net Income From Continuing Operation Net Minority Interest": NaN,
        "Reconciled Cost Of Revenue": NaN,
        "EBITDA": NaN,
        "EBIT": NaN,
        "Net Interest Income": NaN,
        "Interest Income": NaN,
        "Normalized Income": NaN,
        "Net Income From Continuing And Discontinued Operation": NaN,
        "Total Expenses": NaN,
        "Total Operating Income As Reported": NaN,
        "Diluted Average Shares": 78898049.0,
        "Basic Average Shares": 78052481.0,
        "Diluted EPS": 4.71,
        "Basic EPS": 4.78,
        "Diluted NI Availto Com Stockholders": NaN,
        "Net Income Common Stockholders": NaN,
        "Net Income": NaN,
        "Minority Interests": NaN,
        "Net Income Including Noncontrolling Interests": NaN,
        "Net Income Continuous Operations": NaN,
        "Tax Provision": NaN,
        "Pretax Income": NaN,
        "Other Income Expense": NaN,
        "Gain On Sale Of Security": NaN,
        "Net Non Operating Interest Income Expense": NaN,
        "Total Other Finance Cost": NaN,
        "Interest Income Non Operating": NaN,
        "Operating Income": NaN,
        "Operating Expense": NaN,
        "Other Operating Expenses": NaN,
        "Research And Development": NaN,
        "Selling General And Administration": NaN,
        "Gross Profit": NaN,
        "Cost Of Revenue": NaN,
        "Total Revenue": NaN,
        "Operating Revenue": NaN
    },
    "2022-09-30": {
        "Tax Effect Of Unusual Items": NaN,
        "Tax Rate For Calcs": NaN,
        "Normalized EBITDA": NaN,
        "Total Unusual Items": NaN,
        "Total Unusual Items Excluding Goodwill": NaN,
        "Net Income From Continuing Operation Net Minority Interest": NaN,
        "Reconciled Cost Of Revenue": NaN,
        "EBITDA": NaN,
        "EBIT": NaN,
        "Net Interest Income": NaN,
        "Interest Income": NaN,
        "Normalized Income": NaN,
        "Net Income From Continuing And Discontinued Operation": NaN,
        "Total Expenses": NaN,
        "Total Operating Income As Reported": NaN,
        "Diluted Average Shares": NaN,
        "Basic Average Shares": NaN,
        "Diluted EPS": NaN,
        "Basic EPS": NaN,
        "Diluted NI Availto Com Stockholders": NaN,
        "Net Income Common Stockholders": NaN,
        "Net Income": NaN,
        "Minority Interests": NaN,
        "Net Income Including Noncontrolling Interests": NaN,
        "Net Income Continuous Operations": NaN,
        "Tax Provision": NaN,
        "Pretax Income": NaN,
        "Other Income Expense": NaN,
        "Gain On Sale Of Security": NaN,
        "Net Non Operating Interest Income Expense": NaN,
        "Total Other Finance Cost": -7589000.0,
        "Interest Income Non Operating": NaN,
        "Operating Income": NaN,
        "Operating Expense": NaN,
        "Other Operating Expenses": NaN,
        "Research And Development": NaN,
        "Selling General And Administration": NaN,
        "Gross Profit": NaN,
        "Cost Of Revenue": NaN,
        "Total Revenue": NaN,
        "Operating Revenue": NaN
    },
    "2022-06-30": {
        "Tax Effect Of Unusual Items": 5279.179686,
        "Tax Rate For Calcs": 0.15527,
        "Normalized EBITDA": 927582000.0,
        "Total Unusual Items": 34000.0,
        "Total Unusual Items Excluding Goodwill": 34000.0,
        "Net Income From Continuing Operation Net Minority Interest": 627817000.0,
        "Reconciled Cost Of Revenue": 297220000.0,
        "EBITDA": 927616000.0,
        "EBIT": 927616000.0,
        "Net Interest Income": -3677000.0,
        "Interest Expense": 3677000.0,
        "Interest Income": NaN,
        "Normalized Income": 627788279.179686,
        "Net Income From Continuing And Discontinued Operation": 627817000.0,
        "Total Expenses": 316504000.0,
        "Total Operating Income As Reported": 927582000.0,
        "Diluted Average Shares": 76756442.0,
        "Basic Average Shares": 75119100.0,
        "Diluted EPS": 8.18,
        "Basic EPS": 8.36,
        "Diluted NI Availto Com Stockholders": 627817000.0,
        "Net Income Common Stockholders": 627817000.0,
        "Net Income": 627817000.0,
        "Minority Interests": -152662000.0,
        "Net Income Including Noncontrolling Interests": 780479000.0,
        "Net Income Continuous Operations": 780479000.0,
        "Tax Provision": 143460000.0,
        "Pretax Income": 923939000.0,
        "Other Income Expense": 34000.0,
        "Gain On Sale Of Security": 34000.0,
        "Net Non Operating Interest Income Expense": -3677000.0,
        "Total Other Finance Cost": NaN,
        "Interest Expense Non Operating": 3677000.0,
        "Interest Income Non Operating": NaN,
        "Operating Income": 927582000.0,
        "Operating Expense": 19284000.0,
        "Other Operating Expenses": 2143000.0,
        "Research And Development": 2711000.0,
        "Selling General And Administration": 14430000.0,
        "Gross Profit": 946866000.0,
        "Cost Of Revenue": 297220000.0,
        "Total Revenue": 1244086000.0,
        "Operating Revenue": 1244086000.0
    },
    "2023-06-30": {
        "Tax Effect Of Unusual Items": NaN,
        "Tax Rate For Calcs": NaN,
        "Normalized EBITDA": NaN,
        "Total Unusual Items": NaN,
        "Total Unusual Items Excluding Goodwill": NaN,
        "Net Income From Continuing Operation Net Minority Interest": NaN,
        "Reconciled Cost Of Revenue": NaN,
        "EBITDA": NaN,
        "EBIT": NaN,
        "Net Interest Income": NaN,
        "Interest Income": 12751000.0,
        "Normalized Income": NaN,
        "Net Income From Continuing And Discontinued Operation": NaN,
        "Total Expenses": NaN,
        "Total Operating Income As Reported": NaN,
        "Diluted Average Shares": NaN,
        "Basic Average Shares": NaN,
        "Diluted EPS": NaN,
        "Basic EPS": NaN,
        "Diluted NI Availto Com Stockholders": NaN,
        "Net Income Common Stockholders": NaN,
        "Net Income": NaN,
        "Minority Interests": NaN,
        "Net Income Including Noncontrolling Interests": NaN,
        "Net Income Continuous Operations": NaN,
        "Tax Provision": NaN,
        "Pretax Income": NaN,
        "Other Income Expense": NaN,
        "Gain On Sale Of Security": NaN,
        "Net Non Operating Interest Income Expense": NaN,
        "Total Other Finance Cost": -12751000.0,
        "Interest Income Non Operating": 12751000.0,
        "Operating Income": NaN,
        "Operating Expense": NaN,
        "Other Operating Expenses": NaN,
        "Research And Development": NaN,
        "Selling General And Administration": NaN,
        "Gross Profit": NaN,
        "Cost Of Revenue": NaN,
        "Total Revenue": NaN,
        "Operating Revenue": NaN
    },
    "2023-09-30": {
        "Tax Effect Of Unusual Items": 744500.0,
        "Tax Rate For Calcs": 0.25,
        "Normalized EBITDA": 19493000.0,
        "Total Unusual Items": 2978000.0,
        "Total Unusual Items Excluding Goodwill": 2978000.0,
        "Net Income From Continuing Operation Net Minority Interest": -6312000.0,
        "Reconciled Cost Of Revenue": 417025000.0,
        "EBITDA": 22471000.0,
        "EBIT": 22471000.0,
        "Net Interest Income": 13832000.0,
        "Interest Income": NaN,
        "Normalized Income": -8545500.0,
        "Net Income From Continuing And Discontinued Operation": -6312000.0,
        "Total Expenses": 462368000.0,
        "Total Operating Income As Reported": 22471000.0,
        "Diluted Average Shares": 74152055.0,
        "Basic Average Shares": 74038122.0,
        "Diluted EPS": -0.09,
        "Basic EPS": -0.09,
        "Diluted NI Availto Com Stockholders": -6312000.0,
        "Net Income Common Stockholders": -6312000.0,
        "Net Income": -6312000.0,
        "Minority Interests": -24155000.0,
        "Net Income Including Noncontrolling Interests": 17843000.0,
        "Net Income Continuous Operations": 17843000.0,
        "Tax Provision": 21438000.0,
        "Pretax Income": 39281000.0,
        "Other Income Expense": 2978000.0,
        "Gain On Sale Of Security": 2978000.0,
        "Net Non Operating Interest Income Expense": 13832000.0,
        "Total Other Finance Cost": -13832000.0,
        "Interest Income Non Operating": NaN,
        "Operating Income": 22471000.0,
        "Operating Expense": 45343000.0,
        "Other Operating Expenses": -47112000.0,
        "Research And Development": 2758000.0,
        "Selling General And Administration": 89697000.0,
        "Gross Profit": 67814000.0,
        "Cost Of Revenue": 417025000.0,
        "Total Revenue": 484839000.0,
        "Operating Revenue": 484839000.0
    },
    "2024-03-31": {
        "Tax Effect Of Unusual Items": -90843.660315,
        "Tax Rate For Calcs": 0.337709,
        "Normalized EBITDA": 30778000.0,
        "Total Unusual Items": -269000.0,
        "Total Unusual Items Excluding Goodwill": -269000.0,
        "Net Income From Continuing Operation Net Minority Interest": 15473000.0,
        "Reconciled Cost Of Revenue": 343226000.0,
        "EBITDA": 30509000.0,
        "EBIT": 30509000.0,
        "Net Interest Income": 12270000.0,
        "Interest Income": 12270000.0,
        "Normalized Income": 15651156.339685,
        "Net Income From Continuing And Discontinued Operation": 15473000.0,
        "Total Expenses": 384802000.0,
        "Total Operating Income As Reported": 30509000.0,
        "Diluted Average Shares": 65720945.0,
        "Basic Average Shares": 65704356.0,
        "Diluted EPS": 0.24,
        "Basic EPS": 0.24,
        "Diluted NI Availto Com Stockholders": 15473000.0,
        "Net Income Common Stockholders": 15473000.0,
        "Net Income": 15473000.0,
        "Minority Interests": -12681000.0,
        "Net Income Including Noncontrolling Interests": 28154000.0,
        "Net Income Continuous Operations": 28154000.0,
        "Tax Provision": 14356000.0,
        "Pretax Income": 42510000.0,
        "Other Income Expense": -269000.0,
        "Gain On Sale Of Security": -269000.0,
        "Net Non Operating Interest Income Expense": 12270000.0,
        "Total Other Finance Cost": NaN,
        "Interest Income Non Operating": 12270000.0,
        "Operating Income": 30509000.0,
        "Operating Expense": 41576000.0,
        "Other Operating Expenses": 1605000.0,
        "Research And Development": 1538000.0,
        "Selling General And Administration": 38433000.0,
        "Gross Profit": 72085000.0,
        "Cost Of Revenue": 343226000.0,
        "Total Revenue": 415311000.0,
        "Operating Revenue": 415311000.0
    },
    "2023-12-31": {
        "Tax Effect Of Unusual Items": -103434.397016,
        "Tax Rate For Calcs": 0.190137,
        "Normalized EBITDA": 83835000.0,
        "Total Unusual Items": -544000.0,
        "Total Unusual Items Excluding Goodwill": -544000.0,
        "Net Income From Continuing Operation Net Minority Interest": 53332000.0,
        "Reconciled Cost Of Revenue": 389102000.0,
        "EBITDA": 83291000.0,
        "EBIT": 83291000.0,
        "Net Interest Income": 13773000.0,
        "Interest Income": NaN,
        "Normalized Income": 53772565.602984,
        "Net Income From Continuing And Discontinued Operation": 53332000.0,
        "Total Expenses": 393007000.0,
        "Total Operating Income As Reported": 83291000.0,
        "Diluted Average Shares": 69905271.0,
        "Basic Average Shares": 69862986.0,
        "Diluted EPS": 0.64,
        "Basic EPS": 0.64,
        "Diluted NI Availto Com Stockholders": 53095000.0,
        "Net Income Common Stockholders": 53332000.0,
        "Net Income": 53332000.0,
        "Minority Interests": -24836000.0,
        "Net Income Including Noncontrolling Interests": 78168000.0,
        "Net Income Continuous Operations": 78168000.0,
        "Tax Provision": 18352000.0,
        "Pretax Income": 96520000.0,
        "Other Income Expense": -544000.0,
        "Gain On Sale Of Security": -544000.0,
        "Net Non Operating Interest Income Expense": 13773000.0,
        "Total Other Finance Cost": -13773000.0,
        "Interest Income Non Operating": NaN,
        "Operating Income": 83291000.0,
        "Operating Expense": 3905000.0,
        "Other Operating Expenses": -38348000.0,
        "Research And Development": 3250000.0,
        "Selling General And Administration": 39003000.0,
        "Gross Profit": 87196000.0,
        "Cost Of Revenue": 389102000.0,
        "Total Revenue": 476298000.0,
        "Operating Revenue": 476298000.0
    },
    "2024-06-30": {
        "Tax Effect Of Unusual Items": 738157.447584,
        "Tax Rate For Calcs": 0.128532,
        "Normalized EBITDA": -201362000.0,
        "Total Unusual Items": 5743000.0,
        "Total Unusual Items Excluding Goodwill": 5743000.0,
        "Net Income From Continuing Operation Net Minority Interest": -119780000.0,
        "Reconciled Cost Of Revenue": 379074000.0,
        "EBITDA": -195619000.0,
        "EBIT": -195619000.0,
        "Net Interest Income": 8730000.0,
        "Interest Income": NaN,
        "Normalized Income": -124784842.552416,
        "Net Income From Continuing And Discontinued Operation": -119780000.0,
        "Total Expenses": 415533000.0,
        "Total Operating Income As Reported": -195619000.0,
        "Diluted Average Shares": 66002970.0,
        "Basic Average Shares": 66002970.0,
        "Diluted EPS": -1.81,
        "Basic EPS": -1.81,
        "Diluted NI Availto Com Stockholders": -119780000.0,
        "Net Income Common Stockholders": -119780000.0,
        "Net Income": -119780000.0,
        "Minority Interests": 38083000.0,
        "Net Income Including Noncontrolling Interests": -157863000.0,
        "Net Income Continuous Operations": -157863000.0,
        "Tax Provision": -23283000.0,
        "Pretax Income": -181146000.0,
        "Other Income Expense": 5743000.0,
        "Gain On Sale Of Security": 5743000.0,
        "Net Non Operating Interest Income Expense": 8730000.0,
        "Total Other Finance Cost": -8730000.0,
        "Interest Income Non Operating": NaN,
        "Operating Income": -195619000.0,
        "Operating Expense": 36459000.0,
        "Other Operating Expenses": -2903000.0,
        "Research And Development": 1836000.0,
        "Selling General And Administration": 37526000.0,
        "Gross Profit": -159160000.0,
        "Cost Of Revenue": 379074000.0,
        "Total Revenue": 219914000.0,
        "Operating Revenue": 219914000.0
    },
    "2024-09-30": {
        "Tax Effect Of Unusual Items": 1012677.592003,
        "Tax Rate For Calcs": 0.135006,
        "Normalized EBITDA": -105543000.0,
        "Total Unusual Items": 7501000.0,
        "Total Unusual Items Excluding Goodwill": 7501000.0,
        "Net Income From Continuing Operation Net Minority Interest": -60724000.0,
        "Reconciled Cost Of Revenue": 259090000.0,
        "EBITDA": -98042000.0,
        "EBIT": -98042000.0,
        "Net Interest Income": 1604000.0,
        "Interest Income": NaN,
        "Normalized Income": -67212322.407997,
        "Net Income From Continuing And Discontinued Operation": -60724000.0,
        "Total Expenses": 296538000.0,
        "Total Operating Income As Reported": -98042000.0,
        "Diluted Average Shares": 66306870.0,
        "Basic Average Shares": 66306870.0,
        "Diluted EPS": -0.92,
        "Basic EPS": -0.92,
        "Diluted NI Availto Com Stockholders": -60724000.0,
        "Net Income Common Stockholders": -60724000.0,
        "Net Income": -60724000.0,
        "Minority Interests": 16206000.0,
        "Net Income Including Noncontrolling Interests": -76930000.0,
        "Net Income Continuous Operations": -76930000.0,
        "Tax Provision": -12007000.0,
        "Pretax Income": -88937000.0,
        "Other Income Expense": 7501000.0,
        "Gain On Sale Of Security": 7501000.0,
        "Net Non Operating Interest Income Expense": 1604000.0,
        "Total Other Finance Cost": -1604000.0,
        "Interest Income Non Operating": NaN,
        "Operating Income": -98042000.0,
        "Operating Expense": 37448000.0,
        "Other Operating Expenses": -1092000.0,
        "Research And Development": 813000.0,
        "Selling General And Administration": 37727000.0,
        "Gross Profit": -60594000.0,
        "Cost Of Revenue": 259090000.0,
        "Total Revenue": 198496000.0,
        "Operating Revenue": 198496000.0
    }
}