{
    "2023-05-31": {
        "Tax Effect Of Unusual Items": NaN,
        "Tax Rate For Calcs": NaN,
        "Normalized EBITDA": NaN,
        "Total Unusual Items": NaN,
        "Total Unusual Items Excluding Goodwill": NaN,
        "Net Income From Continuing Operation Net Minority Interest": NaN,
        "Reconciled Depreciation": NaN,
        "Reconciled Cost Of Revenue": NaN,
        "EBITDA": NaN,
        "EBIT": NaN,
        "Net Interest Income": NaN,
        "Normalized Income": NaN,
        "Net Income From Continuing And Discontinued Operation": NaN,
        "Total Expenses": NaN,
        "Total Operating Income As Reported": NaN,
        "Diluted Average Shares": 122100000.0,
        "Basic Average Shares": 121000000.0,
        "Diluted EPS": 2.58,
        "Basic EPS": 2.61,
        "Diluted NI Availto Com Stockholders": NaN,
        "Net Income Common Stockholders": NaN,
        "Net Income": NaN,
        "Net Income Including Noncontrolling Interests": NaN,
        "Net Income Discontinuous Operations": NaN,
        "Net Income Continuous Operations": NaN,
        "Tax Provision": NaN,
        "Pretax Income": NaN,
        "Other Income Expense": NaN,
        "Special Income Charges": NaN,
        "Gain On Sale Of Ppe": NaN,
        "Other Special Charges": NaN,
        "Write Off": NaN,
        "Impairment Of Capital Assets": NaN,
        "Net Non Operating Interest Income Expense": NaN,
        "Total Other Finance Cost": NaN,
        "Operating Income": NaN,
        "Operating Expense": NaN,
        "Depreciation Amortization Depletion Income Statement": NaN,
        "Depreciation And Amortization In Income Statement": NaN,
        "Selling General And Administration": NaN,
        "Selling And Marketing Expense": NaN,
        "General And Administrative Expense": NaN,
        "Other Gand A": NaN,
        "Gross Profit": NaN,
        "Cost Of Revenue": NaN,
        "Total Revenue": NaN,
        "Operating Revenue": NaN
    },
    "2023-02-28": {
        "Tax Effect Of Unusual Items": NaN,
        "Tax Rate For Calcs": NaN,
        "Normalized EBITDA": NaN,
        "Total Unusual Items": NaN,
        "Total Unusual Items Excluding Goodwill": NaN,
        "Net Income From Continuing Operation Net Minority Interest": NaN,
        "Reconciled Depreciation": NaN,
        "Reconciled Cost Of Revenue": NaN,
        "EBITDA": NaN,
        "EBIT": NaN,
        "Net Interest Income": NaN,
        "Normalized Income": NaN,
        "Net Income From Continuing And Discontinued Operation": NaN,
        "Total Expenses": NaN,
        "Total Operating Income As Reported": NaN,
        "Diluted Average Shares": NaN,
        "Basic Average Shares": NaN,
        "Diluted EPS": NaN,
        "Basic EPS": NaN,
        "Diluted NI Availto Com Stockholders": NaN,
        "Net Income Common Stockholders": NaN,
        "Net Income": NaN,
        "Net Income Including Noncontrolling Interests": NaN,
        "Net Income Discontinuous Operations": NaN,
        "Net Income Continuous Operations": NaN,
        "Tax Provision": NaN,
        "Pretax Income": NaN,
        "Other Income Expense": NaN,
        "Special Income Charges": NaN,
        "Gain On Sale Of Ppe": NaN,
        "Other Special Charges": NaN,
        "Write Off": NaN,
        "Impairment Of Capital Assets": NaN,
        "Net Non Operating Interest Income Expense": NaN,
        "Total Other Finance Cost": 19600000.0,
        "Operating Income": NaN,
        "Operating Expense": NaN,
        "Depreciation Amortization Depletion Income Statement": NaN,
        "Depreciation And Amortization In Income Statement": NaN,
        "Selling General And Administration": NaN,
        "Selling And Marketing Expense": NaN,
        "General And Administrative Expense": NaN,
        "Other Gand A": NaN,
        "Gross Profit": NaN,
        "Cost Of Revenue": NaN,
        "Total Revenue": NaN,
        "Operating Revenue": NaN
    },
    "2022-11-30": {
        "Tax Effect Of Unusual Items": NaN,
        "Tax Rate For Calcs": NaN,
        "Normalized EBITDA": NaN,
        "Total Unusual Items": NaN,
        "Total Unusual Items Excluding Goodwill": NaN,
        "Net Income From Continuing Operation Net Minority Interest": NaN,
        "Reconciled Depreciation": NaN,
        "Reconciled Cost Of Revenue": NaN,
        "EBITDA": NaN,
        "EBIT": NaN,
        "Net Interest Income": NaN,
        "Normalized Income": NaN,
        "Net Income From Continuing And Discontinued Operation": NaN,
        "Total Expenses": NaN,
        "Total Operating Income As Reported": NaN,
        "Diluted Average Shares": NaN,
        "Basic Average Shares": NaN,
        "Diluted EPS": NaN,
        "Basic EPS": NaN,
        "Diluted NI Availto Com Stockholders": NaN,
        "Net Income Common Stockholders": NaN,
        "Net Income": NaN,
        "Net Income Including Noncontrolling Interests": NaN,
        "Net Income Discontinuous Operations": NaN,
        "Net Income Continuous Operations": NaN,
        "Tax Provision": NaN,
        "Pretax Income": NaN,
        "Other Income Expense": NaN,
        "Special Income Charges": NaN,
        "Gain On Sale Of Ppe": NaN,
        "Other Special Charges": NaN,
        "Write Off": NaN,
        "Impairment Of Capital Assets": NaN,
        "Net Non Operating Interest Income Expense": NaN,
        "Total Other Finance Cost": 19800000.0,
        "Operating Income": NaN,
        "Operating Expense": NaN,
        "Depreciation Amortization Depletion Income Statement": NaN,
        "Depreciation And Amortization In Income Statement": NaN,
        "Selling General And Administration": NaN,
        "Selling And Marketing Expense": NaN,
        "General And Administrative Expense": NaN,
        "Other Gand A": NaN,
        "Gross Profit": NaN,
        "Cost Of Revenue": NaN,
        "Total Revenue": NaN,
        "Operating Revenue": NaN
    },
    "2022-08-31": {
        "Tax Effect Of Unusual Items": NaN,
        "Tax Rate For Calcs": NaN,
        "Normalized EBITDA": NaN,
        "Total Unusual Items": NaN,
        "Total Unusual Items Excluding Goodwill": NaN,
        "Net Income From Continuing Operation Net Minority Interest": NaN,
        "Reconciled Depreciation": NaN,
        "Reconciled Cost Of Revenue": NaN,
        "EBITDA": NaN,
        "EBIT": NaN,
        "Net Interest Income": NaN,
        "Normalized Income": NaN,
        "Net Income From Continuing And Discontinued Operation": NaN,
        "Total Expenses": NaN,
        "Total Operating Income As Reported": NaN,
        "Diluted Average Shares": NaN,
        "Basic Average Shares": NaN,
        "Diluted EPS": NaN,
        "Basic EPS": NaN,
        "Diluted NI Availto Com Stockholders": NaN,
        "Net Income Common Stockholders": NaN,
        "Net Income": NaN,
        "Net Income Including Noncontrolling Interests": NaN,
        "Net Income Discontinuous Operations": NaN,
        "Net Income Continuous Operations": NaN,
        "Tax Provision": NaN,
        "Pretax Income": NaN,
        "Other Income Expense": NaN,
        "Special Income Charges": NaN,
        "Gain On Sale Of Ppe": NaN,
        "Other Special Charges": NaN,
        "Write Off": 0.0,
        "Impairment Of Capital Assets": NaN,
        "Net Non Operating Interest Income Expense": NaN,
        "Total Other Finance Cost": NaN,
        "Operating Income": NaN,
        "Operating Expense": NaN,
        "Depreciation Amortization Depletion Income Statement": NaN,
        "Depreciation And Amortization In Income Statement": NaN,
        "Selling General And Administration": NaN,
        "Selling And Marketing Expense": NaN,
        "General And Administrative Expense": NaN,
        "Other Gand A": NaN,
        "Gross Profit": NaN,
        "Cost Of Revenue": NaN,
        "Total Revenue": NaN,
        "Operating Revenue": NaN
    },
    "2022-05-31": {
        "Tax Effect Of Unusual Items": -412151.581585,
        "Tax Rate For Calcs": 0.117758,
        "Normalized EBITDA": 438200000.0,
        "Total Unusual Items": -3500000.0,
        "Total Unusual Items Excluding Goodwill": -3500000.0,
        "Net Income From Continuing Operation Net Minority Interest": 281700000.0,
        "Reconciled Depreciation": 93000000.0,
        "Reconciled Cost Of Revenue": 2064500000.0,
        "EBIT": 341700000.0,
        "Net Interest Income": -18900000.0,
        "Normalized Income": 284787848.418415,
        "Net Income From Continuing And Discontinued Operation": 281700000.0,
        "Total Expenses": 2261200000.0,
        "Total Operating Income As Reported": 338200000.0,
        "Diluted Average Shares": 125700000.0,
        "Basic Average Shares": 124500000.0,
        "Diluted EPS": 2.24,
        "Basic EPS": 2.26,
        "Diluted NI Availto Com Stockholders": 281700000.0,
        "Net Income Common Stockholders": 281700000.0,
        "Net Income": 281700000.0,
        "Net Income Including Noncontrolling Interests": 281700000.0,
        "Net Income Discontinuous Operations": 0.0,
        "Net Income Continuous Operations": 281700000.0,
        "Tax Provision": 37600000.0,
        "Pretax Income": 319300000.0,
        "Other Income Expense": -3500000.0,
        "Special Income Charges": -3500000.0,
        "Gain On Sale Of Ppe": NaN,
        "Write Off": 3500000.0,
        "Net Non Operating Interest Income Expense": -18900000.0,
        "Total Other Finance Cost": 18900000.0,
        "Operating Income": 341700000.0,
        "Operating Expense": 196700000.0,
        "Depreciation Amortization Depletion Income Statement": 93000000.0,
        "Depreciation And Amortization In Income Statement": 93000000.0,
        "Selling General And Administration": 103700000.0,
        "Selling And Marketing Expense": 20200000.0,
        "General And Administrative Expense": 83500000.0,
        "Other Gand A": 83500000.0,
        "Gross Profit": 538400000.0,
        "Cost Of Revenue": 2064500000.0,
        "Total Revenue": 2602900000.0,
        "Operating Revenue": 2602900000.0
    },
    "2022-02-28": {
        "Diluted EPS": 1.93,
        "Total Revenue": NaN,
        "Gross Profit": 502,
        "Operating Income": 301,
        "EBIT": 395,
        "Net Income": 247
    },
    "2021-11-30": {
        "Diluted EPS": 1.48,
        "Total Revenue": NaN,
        "Gross Profit": 448,
        "Operating Income": 243,
        "EBIT": 335,
        "Net Income": 193
    },
    "2021-08-31": {
        "Diluted EPS": 1.75,
        "Total Revenue": NaN,
        "Gross Profit": 507,
        "Operating Income": 281,
        "EBIT": 370,
        "Net Income": 231
    },
    "2021-05-31": {
        "Diluted EPS": 2.78,
        "Total Revenue": NaN,
        "Gross Profit": 539,
        "Operating Income": 323,
        "EBIT": 413,
        "Net Income": 369
    },
    "2021-02-28": {
        "Diluted EPS": 0.98,
        "Total Revenue": NaN,
        "Gross Profit": 337,
        "Operating Income": 148,
        "EBIT": 236,
        "Net Income": 129
    },
    "2020-11-30": {
        "Diluted EPS": 0.73,
        "Total Revenue": NaN,
        "Gross Profit": 315,
        "Operating Income": 121,
        "EBIT": 207,
        "Net Income": 96
    },
    "2020-08-31": {
        "Diluted EPS": 0.28,
        "Total Revenue": NaN,
        "Gross Profit": 301,
        "Operating Income": 57,
        "EBIT": 144,
        "Net Income": 36
    },
    "2020-05-31": {
        "Diluted EPS": -3.89,
        "Total Revenue": NaN,
        "Gross Profit": 11,
        "Operating Income": -592,
        "EBIT": -498,
        "Net Income": -480
    },
    "2020-02-29": {
        "Diluted EPS": 1.89,
        "Total Revenue": NaN,
        "Gross Profit": 538,
        "Operating Income": 278,
        "EBIT": 366,
        "Net Income": 232
    },
    "2019-11-30": {
        "Diluted EPS": 0.2,
        "Total Revenue": NaN,
        "Gross Profit": 406,
        "Operating Income": 160,
        "EBIT": 248,
        "Net Income": 25
    },
    "2019-08-31": {
        "Diluted EPS": 1.37,
        "Total Revenue": NaN,
        "Gross Profit": 454,
        "Operating Income": 202,
        "EBIT": 288,
        "Net Income": 171
    },
    "2019-05-31": {
        "Diluted EPS": 1.66,
        "Total Revenue": NaN,
        "Gross Profit": 504,
        "Operating Income": 230,
        "EBIT": 318,
        "Net Income": 208
    },
    "2019-02-28": {
        "Diluted EPS": 1.79,
        "Total Revenue": NaN,
        "Gross Profit": 518,
        "Operating Income": 266,
        "EBIT": 351,
        "Net Income": 224
    },
    "2018-11-30": {
        "Diluted EPS": 0.92,
        "Total Revenue": NaN,
        "Gross Profit": 387,
        "Operating Income": 148,
        "EBIT": 231,
        "Net Income": 116
    },
    "2018-08-31": {
        "Diluted EPS": 1.32,
        "Total Revenue": NaN,
        "Gross Profit": 441,
        "Operating Income": 189,
        "EBIT": 270,
        "Net Income": 166
    },
    "2018-05-31": {
        "Diluted EPS": 1.4,
        "Total Revenue": NaN,
        "Gross Profit": 486,
        "Operating Income": 230,
        "EBIT": 309,
        "Net Income": 175
    },
    "2018-02-28": {
        "Diluted EPS": 1.73,
        "Total Revenue": NaN,
        "Gross Profit": 481,
        "Operating Income": 233,
        "EBIT": 313,
        "Net Income": 218
    },
    "2017-11-30": {
        "Diluted EPS": 0.67,
        "Total Revenue": NaN,
        "Gross Profit": 365,
        "Operating Income": 129,
        "EBIT": 208,
        "Net Income": 85
    },
    "2017-08-31": {
        "Diluted EPS": 0.93,
        "Total Revenue": NaN,
        "Gross Profit": 414,
        "Operating Income": 175,
        "EBIT": 251,
        "Net Income": 119
    },
    "2017-05-31": {
        "Diluted EPS": 0.97,
        "Total Revenue": NaN,
        "Gross Profit": 438,
        "Operating Income": 170,
        "EBIT": 240,
        "Net Income": 124
    },
    "2017-02-28": {
        "Diluted EPS": 1.32,
        "Total Revenue": NaN,
        "Gross Profit": 439,
        "Operating Income": 230,
        "EBIT": 298,
        "Net Income": 166
    },
    "2016-11-30": {
        "Diluted EPS": 0.64,
        "Total Revenue": NaN,
        "Gross Profit": 321,
        "Operating Income": 117,
        "EBIT": 185,
        "Net Income": 80
    },
    "2016-08-31": {
        "Diluted EPS": 0.87,
        "Total Revenue": NaN,
        "Gross Profit": 372,
        "Operating Income": 161,
        "EBIT": 228,
        "Net Income": 110
    },
    "2016-05-31": {
        "Diluted EPS": 1.08,
        "Total Revenue": NaN,
        "Gross Profit": 408,
        "Operating Income": 185,
        "EBIT": 252,
        "Net Income": 140
    },
    "2016-02-29": {
        "Diluted EPS": 0.82,
        "Total Revenue": NaN,
        "Gross Profit": 432,
        "Operating Income": 221,
        "EBIT": 289,
        "Net Income": 106
    },
    "2015-11-30": {
        "Diluted EPS": 0.33,
        "Total Revenue": NaN,
        "Gross Profit": 325,
        "Operating Income": 82,
        "EBIT": 158,
        "Net Income": 43
    },
    "2015-08-31": {
        "Diluted EPS": 0.67,
        "Total Revenue": NaN,
        "Gross Profit": 376,
        "Operating Income": 134,
        "EBIT": 217,
        "Net Income": 86
    },
    "2015-05-31": {
        "Diluted EPS": 0.87,
        "Total Revenue": NaN,
        "Gross Profit": 431,
        "Operating Income": 151,
        "EBIT": 233,
        "Net Income": 105
    },
    "2015-02-28": {
        "Diluted EPS": 1.05,
        "Total Revenue": NaN,
        "Gross Profit": 389,
        "Operating Income": 170,
        "EBIT": 252,
        "Net Income": 134
    },
    "2014-11-30": {
        "Diluted EPS": -0.26,
        "Total Revenue": NaN,
        "Gross Profit": 289,
        "Operating Income": -21,
        "EBIT": 61,
        "Net Income": -33
    },
    "2014-08-31": {
        "Diluted EPS": 3.81,
        "Total Revenue": NaN,
        "Gross Profit": 313,
        "Operating Income": 68,
        "EBIT": 149,
        "Net Income": 503
    },
    "2014-05-31": {
        "Diluted EPS": 0.65,
        "Total Revenue": NaN,
        "Gross Profit": 334,
        "Operating Income": 68,
        "EBIT": 150,
        "Net Income": 87
    },
    "2014-02-28": {
        "Diluted EPS": 0.82,
        "Total Revenue": NaN,
        "Gross Profit": 353,
        "Operating Income": 122,
        "EBIT": 202,
        "Net Income": 110
    },
    "2013-11-30": {
        "Diluted EPS": 0.15,
        "Total Revenue": NaN,
        "Gross Profit": 285,
        "Operating Income": 35,
        "EBIT": 114,
        "Net Income": 20
    },
    "2013-08-31": {
        "Diluted EPS": 0.53,
        "Total Revenue": NaN,
        "Gross Profit": 323,
        "Operating Income": 84,
        "EBIT": 161,
        "Net Income": 70
    },
    "2013-05-31": {
        "Diluted EPS": 1.01,
        "Total Revenue": NaN,
        "Gross Profit": 349,
        "Operating Income": 116,
        "EBIT": 106,
        "Net Income": 133
    },
    "2013-02-28": {
        "Diluted EPS": 1.02,
        "Total Revenue": NaN,
        "Gross Profit": 506,
        "Operating Income": 205,
        "EBIT": 310,
        "Net Income": 134
    },
    "2012-11-30": {
        "Diluted EPS": 0.26,
        "Total Revenue": NaN,
        "Gross Profit": 391,
        "Operating Income": 76,
        "EBIT": 178,
        "Net Income": 34
    },
    "2012-08-31": {
        "Diluted EPS": 0.85,
        "Total Revenue": NaN,
        "Gross Profit": 485,
        "Operating Income": 174,
        "EBIT": 269,
        "Net Income": 111
    },
    "2012-05-31": {
        "Diluted EPS": 1.15,
        "Total Revenue": NaN,
        "Gross Profit": 497,
        "Operating Income": 228,
        "EBIT": 213,
        "Net Income": 151
    },
    "2012-02-29": {
        "Diluted EPS": 1.25,
        "Total Revenue": NaN,
        "Gross Profit": 532,
        "Operating Income": 246,
        "EBIT": 337,
        "Net Income": 164
    },
    "2011-11-30": {
        "Diluted EPS": 0.4,
        "Total Revenue": NaN,
        "Gross Profit": 371,
        "Operating Income": 98,
        "EBIT": 185,
        "Net Income": 54
    },
    "2011-08-31": {
        "Diluted EPS": 0.78,
        "Total Revenue": NaN,
        "Gross Profit": 436,
        "Operating Income": 169,
        "EBIT": 253,
        "Net Income": 107
    },
    "2011-05-31": {
        "Diluted EPS": 0.98,
        "Total Revenue": NaN,
        "Gross Profit": 476,
        "Operating Income": 208,
        "EBIT": 290,
        "Net Income": 138
    },
    "2011-02-28": {
        "Diluted EPS": 1.08,
        "Total Revenue": NaN,
        "Gross Profit": 498,
        "Operating Income": 223,
        "EBIT": 304,
        "Net Income": 151
    },
    "2010-11-30": {
        "Diluted EPS": 0.53,
        "Total Revenue": NaN,
        "Gross Profit": 385,
        "Operating Income": 127,
        "EBIT": 205,
        "Net Income": 75
    },
    "2010-08-31": {
        "Diluted EPS": 0.8,
        "Total Revenue": NaN,
        "Gross Profit": 441,
        "Operating Income": 184,
        "EBIT": 261,
        "Net Income": 113
    },
    "2010-05-31": {
        "Diluted EPS": 0.8,
        "Total Revenue": NaN,
        "Gross Profit": 438,
        "Operating Income": 182,
        "EBIT": 259,
        "Net Income": 116
    },
    "2010-02-28": {
        "Diluted EPS": 0.94,
        "Total Revenue": NaN,
        "Gross Profit": 444,
        "Operating Income": 196,
        "EBIT": 275,
        "Net Income": 134
    },
    "2009-11-30": {
        "Diluted EPS": 0.43,
        "Total Revenue": NaN,
        "Gross Profit": 349,
        "Operating Income": 105,
        "EBIT": 180,
        "Net Income": 60
    },
    "2009-08-31": {
        "Diluted EPS": 0.67,
        "Total Revenue": NaN,
        "Gross Profit": 398,
        "Operating Income": 154,
        "EBIT": 228,
        "Net Income": 94
    },
    "2009-05-31": {
        "Diluted EPS": 0.86,
        "Total Revenue": NaN,
        "Gross Profit": 467,
        "Operating Income": 206,
        "EBIT": 279,
        "Net Income": 123
    },
    "2009-02-28": {
        "Diluted EPS": 0.78,
        "Total Revenue": NaN,
        "Gross Profit": 405,
        "Operating Income": 174,
        "EBIT": 246,
        "Net Income": 108
    },
    "2023-08-31": {
        "Tax Effect Of Unusual Items": NaN,
        "Tax Rate For Calcs": NaN,
        "Normalized EBITDA": NaN,
        "Total Unusual Items": NaN,
        "Total Unusual Items Excluding Goodwill": NaN,
        "Net Income From Continuing Operation Net Minority Interest": NaN,
        "Reconciled Depreciation": NaN,
        "Reconciled Cost Of Revenue": NaN,
        "EBITDA": NaN,
        "EBIT": NaN,
        "Net Interest Income": NaN,
        "Normalized Income": NaN,
        "Net Income From Continuing And Discontinued Operation": NaN,
        "Total Expenses": NaN,
        "Total Operating Income As Reported": NaN,
        "Diluted Average Shares": 122000000.0,
        "Basic Average Shares": 120900000.0,
        "Diluted EPS": 1.59,
        "Basic EPS": 1.61,
        "Diluted NI Availto Com Stockholders": NaN,
        "Net Income Common Stockholders": NaN,
        "Net Income": NaN,
        "Net Income Including Noncontrolling Interests": NaN,
        "Net Income Discontinuous Operations": NaN,
        "Net Income Continuous Operations": NaN,
        "Tax Provision": NaN,
        "Pretax Income": NaN,
        "Other Income Expense": -3100000.0,
        "Special Income Charges": NaN,
        "Gain On Sale Of Ppe": NaN,
        "Other Special Charges": -2100000.0,
        "Write Off": NaN,
        "Impairment Of Capital Assets": NaN,
        "Net Non Operating Interest Income Expense": NaN,
        "Total Other Finance Cost": 29700000.0,
        "Operating Income": NaN,
        "Operating Expense": NaN,
        "Depreciation Amortization Depletion Income Statement": NaN,
        "Depreciation And Amortization In Income Statement": NaN,
        "Selling General And Administration": NaN,
        "Selling And Marketing Expense": NaN,
        "General And Administrative Expense": NaN,
        "Other Gand A": NaN,
        "Gross Profit": NaN,
        "Cost Of Revenue": NaN,
        "Total Revenue": NaN,
        "Operating Revenue": NaN
    },
    "2023-11-30": {
        "Tax Effect Of Unusual Items": -907500.0,
        "Tax Rate For Calcs": 0.121,
        "Normalized EBITDA": 406000000.0,
        "Total Unusual Items": -7500000.0,
        "Total Unusual Items Excluding Goodwill": -7500000.0,
        "Net Income From Continuing Operation Net Minority Interest": 212300000.0,
        "Reconciled Depreciation": 112500000.0,
        "Reconciled Cost Of Revenue": 2177100000.0,
        "EBITDA": 398500000.0,
        "EBIT": 286000000.0,
        "Net Interest Income": -37100000.0,
        "Normalized Income": 218892500.0,
        "Net Income From Continuing And Discontinued Operation": 212100000.0,
        "Total Expenses": 2441300000.0,
        "Total Operating Income As Reported": 278500000.0,
        "Diluted Average Shares": 120800000.0,
        "Basic Average Shares": 119900000.0,
        "Diluted EPS": 1.76,
        "Basic EPS": 1.77,
        "Diluted NI Availto Com Stockholders": 212100000.0,
        "Net Income Common Stockholders": 212100000.0,
        "Net Income": 212100000.0,
        "Net Income Including Noncontrolling Interests": 212100000.0,
        "Net Income Discontinuous Operations": -200000.0,
        "Net Income Continuous Operations": 212300000.0,
        "Tax Provision": 29100000.0,
        "Pretax Income": 241400000.0,
        "Other Income Expense": -7500000.0,
        "Special Income Charges": -7500000.0,
        "Gain On Sale Of Ppe": -4900000.0,
        "Other Special Charges": 2600000.0,
        "Write Off": 2600000.0,
        "Impairment Of Capital Assets": 0.0,
        "Net Non Operating Interest Income Expense": -37100000.0,
        "Total Other Finance Cost": 37100000.0,
        "Operating Income": 286000000.0,
        "Operating Expense": 264200000.0,
        "Depreciation Amortization Depletion Income Statement": 112500000.0,
        "Depreciation And Amortization In Income Statement": 112500000.0,
        "Selling General And Administration": 151700000.0,
        "Selling And Marketing Expense": 36900000.0,
        "General And Administrative Expense": 114800000.0,
        "Other Gand A": 114800000.0,
        "Gross Profit": 550200000.0,
        "Cost Of Revenue": 2177100000.0,
        "Total Revenue": 2727300000.0,
        "Operating Revenue": 2727300000.0
    },
    "2024-02-29": {
        "Tax Effect Of Unusual Items": -42800.0,
        "Tax Rate For Calcs": 0.107,
        "Normalized EBITDA": 506100000.0,
        "Total Unusual Items": -400000.0,
        "Total Unusual Items Excluding Goodwill": -400000.0,
        "Net Income From Continuing Operation Net Minority Interest": 313400000.0,
        "Reconciled Depreciation": 117900000.0,
        "Reconciled Cost Of Revenue": 2329200000.0,
        "EBITDA": 505700000.0,
        "EBIT": 387800000.0,
        "Net Interest Income": -36500000.0,
        "Normalized Income": 313757200.0,
        "Net Income From Continuing And Discontinued Operation": 312900000.0,
        "Total Expenses": 2587000000.0,
        "Total Operating Income As Reported": 387400000.0,
        "Diluted Average Shares": 120400000.0,
        "Basic Average Shares": 119400000.0,
        "Diluted EPS": 2.6,
        "Basic EPS": 2.62,
        "Diluted NI Availto Com Stockholders": 312900000.0,
        "Net Income Common Stockholders": 312900000.0,
        "Net Income": 312900000.0,
        "Net Income Including Noncontrolling Interests": 312900000.0,
        "Net Income Discontinuous Operations": -500000.0,
        "Net Income Continuous Operations": 313400000.0,
        "Tax Provision": 37500000.0,
        "Pretax Income": 350900000.0,
        "Other Income Expense": -400000.0,
        "Special Income Charges": -400000.0,
        "Gain On Sale Of Ppe": 0.0,
        "Other Special Charges": NaN,
        "Write Off": 400000.0,
        "Impairment Of Capital Assets": 0.0,
        "Net Non Operating Interest Income Expense": -36500000.0,
        "Total Other Finance Cost": 36500000.0,
        "Operating Income": 387800000.0,
        "Operating Expense": 257800000.0,
        "Depreciation Amortization Depletion Income Statement": 117900000.0,
        "Depreciation And Amortization In Income Statement": 117900000.0,
        "Selling General And Administration": 139900000.0,
        "Selling And Marketing Expense": 31700000.0,
        "General And Administrative Expense": 108200000.0,
        "Other Gand A": 108200000.0,
        "Gross Profit": 645600000.0,
        "Cost Of Revenue": 2329200000.0,
        "Total Revenue": 2974800000.0,
        "Operating Revenue": 2974800000.0
    },
    "2024-05-31": {
        "Tax Effect Of Unusual Items": -194444.444444,
        "Tax Rate For Calcs": 0.138889,
        "Normalized EBITDA": 510000000.0,
        "Total Unusual Items": -1400000.0,
        "Total Unusual Items Excluding Goodwill": -1400000.0,
        "Net Income From Continuing Operation Net Minority Interest": 310000000.0,
        "Reconciled Depreciation": 119700000.0,
        "Reconciled Cost Of Revenue": 2300600000.0,
        "EBITDA": 508600000.0,
        "EBIT": 388900000.0,
        "Net Interest Income": -35400000.0,
        "Normalized Income": 311205555.555556,
        "Net Income From Continuing And Discontinued Operation": 308100000.0,
        "Total Expenses": 2560500000.0,
        "Total Operating Income As Reported": 395400000.0,
        "Diluted Average Shares": NaN,
        "Basic Average Shares": NaN,
        "Diluted EPS": NaN,
        "Basic EPS": NaN,
        "Diluted NI Availto Com Stockholders": 308100000.0,
        "Net Income Common Stockholders": 308100000.0,
        "Net Income": 308100000.0,
        "Net Income Including Noncontrolling Interests": 308100000.0,
        "Net Income Discontinuous Operations": -1900000.0,
        "Net Income Continuous Operations": 310000000.0,
        "Tax Provision": 50000000.0,
        "Pretax Income": 360000000.0,
        "Other Income Expense": -1400000.0,
        "Special Income Charges": -1400000.0,
        "Gain On Sale Of Ppe": -3300000.0,
        "Other Special Charges": NaN,
        "Write Off": -1900000.0,
        "Impairment Of Capital Assets": 0.0,
        "Net Non Operating Interest Income Expense": -35400000.0,
        "Total Other Finance Cost": NaN,
        "Operating Income": 396800000.0,
        "Operating Expense": 259900000.0,
        "Depreciation Amortization Depletion Income Statement": 119700000.0,
        "Depreciation And Amortization In Income Statement": 119700000.0,
        "Selling General And Administration": 140200000.0,
        "Selling And Marketing Expense": 37300000.0,
        "General And Administrative Expense": 102900000.0,
        "Other Gand A": 102900000.0,
        "Gross Profit": 656700000.0,
        "Cost Of Revenue": 2300600000.0,
        "Total Revenue": 2957300000.0,
        "Operating Revenue": 2957300000.0
    },
    "2024-08-31": {
        "Tax Effect Of Unusual Items": -106000.0,
        "Tax Rate For Calcs": 0.106,
        "Normalized EBITDA": 392700000.0,
        "Total Unusual Items": -1000000.0,
        "Total Unusual Items Excluding Goodwill": -1000000.0,
        "Net Income From Continuing Operation Net Minority Interest": 207600000.0,
        "Reconciled Depreciation": 121500000.0,
        "Reconciled Cost Of Revenue": 2194200000.0,
        "EBITDA": 391700000.0,
        "EBIT": 270200000.0,
        "Net Interest Income": -37100000.0,
        "Normalized Income": 208494000.0,
        "Net Income From Continuing And Discontinued Operation": 207200000.0,
        "Total Expenses": 2486800000.0,
        "Total Operating Income As Reported": 269200000.0,
        "Diluted Average Shares": 119200000.0,
        "Basic Average Shares": 118500000.0,
        "Diluted EPS": 1.74,
        "Basic EPS": 1.75,
        "Diluted NI Availto Com Stockholders": 207200000.0,
        "Net Income Common Stockholders": 207200000.0,
        "Net Income": 207200000.0,
        "Net Income Including Noncontrolling Interests": 207200000.0,
        "Net Income Discontinuous Operations": -400000.0,
        "Net Income Continuous Operations": 207600000.0,
        "Tax Provision": 24500000.0,
        "Pretax Income": 232100000.0,
        "Other Income Expense": -1000000.0,
        "Special Income Charges": -1000000.0,
        "Gain On Sale Of Ppe": -100000.0,
        "Other Special Charges": NaN,
        "Write Off": 900000.0,
        "Impairment Of Capital Assets": 0.0,
        "Net Non Operating Interest Income Expense": -37100000.0,
        "Total Other Finance Cost": 37100000.0,
        "Operating Income": 270200000.0,
        "Operating Expense": 292600000.0,
        "Depreciation Amortization Depletion Income Statement": 121500000.0,
        "Depreciation And Amortization In Income Statement": 121500000.0,
        "Selling General And Administration": 171100000.0,
        "Selling And Marketing Expense": 44700000.0,
        "General And Administrative Expense": 126400000.0,
        "Other Gand A": 126400000.0,
        "Gross Profit": 562800000.0,
        "Cost Of Revenue": 2194200000.0,
        "Total Revenue": 2757000000.0,
        "Operating Revenue": 2757000000.0
    },
    "2024-11-30": {
        "Tax Effect Of Unusual Items": 0.0,
        "Tax Rate For Calcs": 0.123,
        "Normalized EBITDA": 419800000.0,
        "Total Unusual Items": 0.0,
        "Total Unusual Items Excluding Goodwill": 0.0,
        "Net Income From Continuing Operation Net Minority Interest": 215700000.0,
        "Reconciled Depreciation": 127700000.0,
        "Reconciled Cost Of Revenue": 2277300000.0,
        "EBITDA": 419800000.0,
        "EBIT": 292100000.0,
        "Net Interest Income": -46200000.0,
        "Normalized Income": 215700000.0,
        "Net Income From Continuing And Discontinued Operation": 215100000.0,
        "Total Expenses": 2597900000.0,
        "Total Operating Income As Reported": 292100000.0,
        "Diluted Average Shares": 118300000.0,
        "Basic Average Shares": 117500000.0,
        "Diluted EPS": 1.82,
        "Basic EPS": 1.83,
        "Diluted NI Availto Com Stockholders": 215100000.0,
        "Net Income Common Stockholders": 215100000.0,
        "Net Income": 215100000.0,
        "Net Income Including Noncontrolling Interests": 215100000.0,
        "Net Income Discontinuous Operations": -600000.0,
        "Net Income Continuous Operations": 215700000.0,
        "Tax Provision": 30200000.0,
        "Pretax Income": 245900000.0,
        "Other Income Expense": NaN,
        "Special Income Charges": 0.0,
        "Gain On Sale Of Ppe": 0.0,
        "Other Special Charges": NaN,
        "Write Off": 0.0,
        "Impairment Of Capital Assets": 0.0,
        "Net Non Operating Interest Income Expense": -46200000.0,
        "Total Other Finance Cost": 46200000.0,
        "Operating Income": 292100000.0,
        "Operating Expense": 320600000.0,
        "Depreciation Amortization Depletion Income Statement": 127700000.0,
        "Depreciation And Amortization In Income Statement": 127700000.0,
        "Selling General And Administration": 192900000.0,
        "Selling And Marketing Expense": 48800000.0,
        "General And Administrative Expense": 144100000.0,
        "Other Gand A": 144100000.0,
        "Gross Profit": 612700000.0,
        "Cost Of Revenue": 2277300000.0,
        "Total Revenue": 2890000000.0,
        "Operating Revenue": 2890000000.0
    }
}