{
    "2023-03-31": {
        "Tax Effect Of Unusual Items": 0.0,
        "Tax Rate For Calcs": 0.0,
        "Normalized EBITDA": -10505000.0,
        "Total Unusual Items": -756000.0,
        "Total Unusual Items Excluding Goodwill": -756000.0,
        "Net Income From Continuing Operation Net Minority Interest": -11987000.0,
        "Reconciled Depreciation": 44000.0,
        "Reconciled Cost Of Revenue": 388000.0,
        "EBIT": -11261000.0,
        "Net Interest Income": -209000.0,
        "Interest Expense": 726000.0,
        "Interest Income": 517000.0,
        "Normalized Income": -11231000.0,
        "Net Income From Continuing And Discontinued Operation": -11987000.0,
        "Total Expenses": 13076000.0,
        "Total Operating Income As Reported": -11022000.0,
        "Diluted Average Shares": 23940000.0,
        "Basic Average Shares": 23767000.0,
        "Diluted EPS": -0.52,
        "Basic EPS": -0.5,
        "Diluted NI Availto Com Stockholders": -11987000.0,
        "Net Income Common Stockholders": -11987000.0,
        "Net Income": -11987000.0,
        "Net Income Including Noncontrolling Interests": -11987000.0,
        "Net Income Continuous Operations": -11987000.0,
        "Pretax Income": -11987000.0,
        "Other Income Expense": -756000.0,
        "Gain On Sale Of Security": -756000.0,
        "Net Non Operating Interest Income Expense": -209000.0,
        "Interest Expense Non Operating": 726000.0,
        "Interest Income Non Operating": 517000.0,
        "Operating Income": -11022000.0,
        "Operating Expense": 12688000.0,
        "Research And Development": 8593000.0,
        "Selling General And Administration": 4095000.0,
        "Gross Profit": 1666000.0,
        "Cost Of Revenue": 388000.0,
        "Total Revenue": 2054000.0,
        "Operating Revenue": 2054000.0
    },
    "2022-12-31": {
        "Tax Effect Of Unusual Items": 0.0,
        "Tax Rate For Calcs": 0.0,
        "Normalized EBITDA": -9815000.0,
        "Total Unusual Items": NaN,
        "Total Unusual Items Excluding Goodwill": NaN,
        "Net Income From Continuing Operation Net Minority Interest": -10469000.0,
        "Reconciled Depreciation": 10000.0,
        "Reconciled Cost Of Revenue": 515000.0,
        "EBIT": -9815000.0,
        "Net Interest Income": 1029000.0,
        "Interest Expense": 654000.0,
        "Interest Income": 1683000.0,
        "Normalized Income": -10469000.0,
        "Net Income From Continuing And Discontinued Operation": -10469000.0,
        "Total Expenses": 14813000.0,
        "Total Operating Income As Reported": -11498000.0,
        "Diluted Average Shares": 22784000.0,
        "Basic Average Shares": 22784000.0,
        "Diluted EPS": -0.46,
        "Basic EPS": -0.46,
        "Diluted NI Availto Com Stockholders": -10469000.0,
        "Net Income Common Stockholders": -10469000.0,
        "Net Income": -10469000.0,
        "Net Income Including Noncontrolling Interests": -10469000.0,
        "Net Income Continuous Operations": -10469000.0,
        "Pretax Income": -10469000.0,
        "Other Income Expense": NaN,
        "Gain On Sale Of Security": NaN,
        "Net Non Operating Interest Income Expense": 1029000.0,
        "Interest Expense Non Operating": 654000.0,
        "Interest Income Non Operating": 1683000.0,
        "Operating Income": -11498000.0,
        "Operating Expense": 14298000.0,
        "Research And Development": 9953000.0,
        "Selling General And Administration": 4345000.0,
        "Gross Profit": 2800000.0,
        "Cost Of Revenue": 515000.0,
        "Total Revenue": 3315000.0,
        "Operating Revenue": 3315000.0
    },
    "2022-09-30": {
        "Tax Effect Of Unusual Items": 0.0,
        "Tax Rate For Calcs": 0.0,
        "Normalized EBITDA": -1848000.0,
        "Total Unusual Items": NaN,
        "Total Unusual Items Excluding Goodwill": NaN,
        "Net Income From Continuing Operation Net Minority Interest": -2471000.0,
        "Reconciled Depreciation": 40000.0,
        "Reconciled Cost Of Revenue": 345000.0,
        "EBIT": -1848000.0,
        "Net Interest Income": -339000.0,
        "Interest Expense": 623000.0,
        "Interest Income": 284000.0,
        "Normalized Income": -2471000.0,
        "Net Income From Continuing And Discontinued Operation": -2471000.0,
        "Total Expenses": 14109000.0,
        "Total Operating Income As Reported": -2132000.0,
        "Diluted Average Shares": 22777400.0,
        "Basic Average Shares": 22777400.0,
        "Diluted EPS": -0.1,
        "Basic EPS": -0.1,
        "Diluted NI Availto Com Stockholders": -2471000.0,
        "Net Income Common Stockholders": -2471000.0,
        "Net Income": -2471000.0,
        "Net Income Including Noncontrolling Interests": -2471000.0,
        "Net Income Continuous Operations": -2471000.0,
        "Pretax Income": -2471000.0,
        "Other Income Expense": NaN,
        "Gain On Sale Of Security": NaN,
        "Net Non Operating Interest Income Expense": -339000.0,
        "Interest Expense Non Operating": 623000.0,
        "Interest Income Non Operating": 284000.0,
        "Operating Income": -2132000.0,
        "Operating Expense": 13764000.0,
        "Research And Development": 9881000.0,
        "Selling General And Administration": 3883000.0,
        "Gross Profit": 11632000.0,
        "Cost Of Revenue": 345000.0,
        "Total Revenue": 11977000.0,
        "Operating Revenue": 11977000.0
    },
    "2022-06-30": {
        "Tax Effect Of Unusual Items": 0.0,
        "Tax Rate For Calcs": 0.0,
        "Normalized EBITDA": -10924000.0,
        "Total Unusual Items": NaN,
        "Total Unusual Items Excluding Goodwill": NaN,
        "Net Income From Continuing Operation Net Minority Interest": -11551000.0,
        "Reconciled Depreciation": 35000.0,
        "Reconciled Cost Of Revenue": 393000.0,
        "EBIT": -10959000.0,
        "Net Interest Income": -465000.0,
        "Interest Expense": 592000.0,
        "Interest Income": 127000.0,
        "Normalized Income": -11551000.0,
        "Net Income From Continuing And Discontinued Operation": -11551000.0,
        "Total Expenses": 13162000.0,
        "Total Operating Income As Reported": -11086000.0,
        "Diluted Average Shares": 22774200.0,
        "Basic Average Shares": 22774200.0,
        "Diluted EPS": -0.5,
        "Basic EPS": -0.5,
        "Diluted NI Availto Com Stockholders": -11551000.0,
        "Net Income Common Stockholders": -11551000.0,
        "Net Income": -11551000.0,
        "Net Income Including Noncontrolling Interests": -11551000.0,
        "Net Income Continuous Operations": -11551000.0,
        "Pretax Income": -11551000.0,
        "Other Income Expense": NaN,
        "Gain On Sale Of Security": NaN,
        "Net Non Operating Interest Income Expense": -465000.0,
        "Interest Expense Non Operating": 592000.0,
        "Interest Income Non Operating": 127000.0,
        "Operating Income": -11086000.0,
        "Operating Expense": 12769000.0,
        "Research And Development": 8817000.0,
        "Selling General And Administration": 3952000.0,
        "Gross Profit": 1683000.0,
        "Cost Of Revenue": 393000.0,
        "Total Revenue": 2076000.0,
        "Operating Revenue": 2076000.0
    },
    "2022-03-31": {
        "Diluted EPS": -0.48,
        "Total Revenue": 2,
        "Gross Profit": 2,
        "Operating Income": -10,
        "EBIT": -10,
        "Net Income": -11
    },
    "2021-12-31": {
        "Diluted EPS": -0.31,
        "Total Revenue": 7,
        "Gross Profit": 6,
        "Operating Income": -7,
        "EBIT": -6,
        "Net Income": -7
    },
    "2021-09-30": {
        "Diluted EPS": -0.4,
        "Total Revenue": 2,
        "Gross Profit": 2,
        "Operating Income": -9,
        "EBIT": -9,
        "Net Income": -10
    },
    "2021-06-30": {
        "Diluted EPS": -0.4,
        "Total Revenue": 2,
        "Gross Profit": 2,
        "Operating Income": -9,
        "EBIT": -9,
        "Net Income": -9
    },
    "2021-03-31": {
        "Diluted EPS": -0.5,
        "Total Revenue": 2,
        "Gross Profit": 2,
        "Operating Income": -10,
        "EBIT": -10,
        "Net Income": -10
    },
    "2020-12-31": {
        "Diluted EPS": 0.2,
        "Total Revenue": 2,
        "Gross Profit": 2,
        "Operating Income": -8,
        "EBIT": -8,
        "Net Income": 4
    },
    "2020-09-30": {
        "Diluted EPS": -0.5,
        "Total Revenue": 2,
        "Gross Profit": 1,
        "Operating Income": -9,
        "EBIT": -9,
        "Net Income": -9
    },
    "2020-06-30": {
        "Diluted EPS": 0.7,
        "Total Revenue": 24,
        "Gross Profit": 24,
        "Operating Income": 14,
        "EBIT": 14,
        "Net Income": 14
    },
    "2020-03-31": {
        "Diluted EPS": -0.5,
        "Total Revenue": 2,
        "Gross Profit": 1,
        "Operating Income": -10,
        "EBIT": -10,
        "Net Income": -10
    },
    "2019-12-31": {
        "Diluted EPS": -0.2,
        "Total Revenue": 9,
        "Gross Profit": 9,
        "Operating Income": -4,
        "EBIT": -4,
        "Net Income": -4
    },
    "2019-09-30": {
        "Diluted EPS": -0.1,
        "Total Revenue": 11,
        "Gross Profit": 10,
        "Operating Income": -2,
        "EBIT": -2,
        "Net Income": -2
    },
    "2019-06-30": {
        "Diluted EPS": -0.4,
        "Total Revenue": 4,
        "Gross Profit": 3,
        "Operating Income": -7,
        "EBIT": -7,
        "Net Income": -7
    },
    "2019-03-31": {
        "Diluted EPS": -0.4,
        "Total Revenue": 4,
        "Gross Profit": 3,
        "Operating Income": -7,
        "EBIT": -7,
        "Net Income": -7
    },
    "2018-12-31": {
        "Diluted EPS": -0.5,
        "Total Revenue": 0,
        "Gross Profit": 2,
        "Operating Income": -7,
        "EBIT": -7,
        "Net Income": -7
    },
    "2018-09-30": {
        "Diluted EPS": -0.2,
        "Total Revenue": 8,
        "Gross Profit": 7,
        "Operating Income": -2,
        "EBIT": -2,
        "Net Income": -3
    },
    "2018-06-30": {
        "Diluted EPS": -0.4,
        "Total Revenue": 3,
        "Gross Profit": 2,
        "Operating Income": -7,
        "EBIT": -6,
        "Net Income": -7
    },
    "2018-03-31": {
        "Diluted EPS": -0.5,
        "Total Revenue": 3,
        "Gross Profit": 2,
        "Operating Income": -8,
        "EBIT": -8,
        "Net Income": -8
    },
    "2017-12-31": {
        "Diluted EPS": 0.6,
        "Total Revenue": 20,
        "Gross Profit": 18,
        "Operating Income": 9,
        "EBIT": 9,
        "Net Income": 8
    },
    "2017-09-30": {
        "Diluted EPS": 0.4,
        "Total Revenue": 21,
        "Gross Profit": 18,
        "Operating Income": 6,
        "EBIT": 6,
        "Net Income": 6
    },
    "2017-06-30": {
        "Diluted EPS": -0.7,
        "Total Revenue": 4,
        "Gross Profit": 3,
        "Operating Income": -9,
        "EBIT": -9,
        "Net Income": -10
    },
    "2017-03-31": {
        "Diluted EPS": -0.6,
        "Total Revenue": 5,
        "Gross Profit": 3,
        "Operating Income": -8,
        "EBIT": -7,
        "Net Income": -8
    },
    "2016-12-31": {
        "Diluted EPS": -0.7,
        "Total Revenue": 4,
        "Gross Profit": 3,
        "Operating Income": -8,
        "EBIT": -8,
        "Net Income": -9
    },
    "2016-09-30": {
        "Diluted EPS": -0.6,
        "Total Revenue": 4,
        "Gross Profit": 2,
        "Operating Income": -8,
        "EBIT": -8,
        "Net Income": -9
    },
    "2016-06-30": {
        "Diluted EPS": -0.7,
        "Total Revenue": 3,
        "Gross Profit": 2,
        "Operating Income": -8,
        "EBIT": -8,
        "Net Income": -9
    },
    "2016-03-31": {
        "Diluted EPS": -0.6,
        "Total Revenue": 4,
        "Gross Profit": 2,
        "Operating Income": -7,
        "EBIT": -7,
        "Net Income": -8
    },
    "2015-12-31": {
        "Diluted EPS": -0.5,
        "Total Revenue": 5,
        "Gross Profit": 4,
        "Operating Income": -5,
        "EBIT": -5,
        "Net Income": -6
    },
    "2015-09-30": {
        "Diluted EPS": -0.5,
        "Total Revenue": 5,
        "Gross Profit": 4,
        "Operating Income": -6,
        "EBIT": -6,
        "Net Income": -6
    },
    "2015-06-30": {
        "Diluted EPS": -0.5,
        "Total Revenue": 4,
        "Gross Profit": 3,
        "Operating Income": -5,
        "EBIT": -5,
        "Net Income": -5
    },
    "2015-03-31": {
        "Diluted EPS": -0.4,
        "Total Revenue": 5,
        "Gross Profit": 4,
        "Operating Income": -4,
        "EBIT": -4,
        "Net Income": -5
    },
    "2014-12-31": {
        "Diluted EPS": -0.6,
        "Total Revenue": 4,
        "Gross Profit": 3,
        "Operating Income": -5,
        "EBIT": -6,
        "Net Income": -6
    },
    "2014-09-30": {
        "Diluted EPS": -0.6,
        "Total Revenue": 4,
        "Gross Profit": 2,
        "Operating Income": -7,
        "EBIT": -6,
        "Net Income": -7
    },
    "2014-06-30": {
        "Diluted EPS": -0.5,
        "Total Revenue": 5,
        "Gross Profit": 3,
        "Operating Income": -5,
        "EBIT": -5,
        "Net Income": -5
    },
    "2014-03-31": {
        "Diluted EPS": -0.3,
        "Total Revenue": 6,
        "Gross Profit": 5,
        "Operating Income": -4,
        "EBIT": -3,
        "Net Income": -4
    },
    "2013-12-31": {
        "Diluted EPS": -0.5,
        "Total Revenue": 4,
        "Gross Profit": 3,
        "Operating Income": -5,
        "EBIT": -5,
        "Net Income": -5
    },
    "2013-09-30": {
        "Diluted EPS": -0.6,
        "Total Revenue": 3,
        "Gross Profit": 2,
        "Operating Income": -6,
        "EBIT": -6,
        "Net Income": -6
    },
    "2013-06-30": {
        "Diluted EPS": -0.5,
        "Total Revenue": 4,
        "Gross Profit": 3,
        "Operating Income": -5,
        "EBIT": -5,
        "Net Income": -5
    },
    "2013-03-31": {
        "Diluted EPS": -0.5,
        "Total Revenue": 4,
        "Gross Profit": 2,
        "Operating Income": -5,
        "EBIT": -5,
        "Net Income": -5
    },
    "2012-12-31": {
        "Diluted EPS": -0.7,
        "Total Revenue": 3,
        "Gross Profit": 2,
        "Operating Income": -6,
        "EBIT": -5,
        "Net Income": -5
    },
    "2012-09-30": {
        "Diluted EPS": -0.5,
        "Total Revenue": 4,
        "Gross Profit": 3,
        "Operating Income": -5,
        "EBIT": -5,
        "Net Income": -5
    },
    "2012-06-30": {
        "Diluted EPS": -0.5,
        "Total Revenue": 5,
        "Gross Profit": 4,
        "Operating Income": -4,
        "EBIT": -4,
        "Net Income": -4
    },
    "2012-03-31": {
        "Diluted EPS": 3.5,
        "Total Revenue": 41,
        "Gross Profit": 40,
        "Operating Income": 31,
        "EBIT": 31,
        "Net Income": 31
    },
    "2011-12-31": {
        "Diluted EPS": -0.2,
        "Total Revenue": 9,
        "Gross Profit": 8,
        "Operating Income": -2,
        "EBIT": -2,
        "Net Income": -2
    },
    "2011-09-30": {
        "Diluted EPS": -0.6,
        "Total Revenue": 8,
        "Gross Profit": 7,
        "Operating Income": -5,
        "EBIT": -5,
        "Net Income": -5
    },
    "2011-06-30": {
        "Diluted EPS": -0.6,
        "Total Revenue": 8,
        "Gross Profit": 7,
        "Operating Income": -5,
        "EBIT": -5,
        "Net Income": -5
    },
    "2011-03-31": {
        "Diluted EPS": -0.7,
        "Total Revenue": 9,
        "Gross Profit": 7,
        "Operating Income": -6,
        "EBIT": -6,
        "Net Income": -6
    },
    "2010-12-31": {
        "Diluted EPS": -0.6,
        "Total Revenue": 8,
        "Gross Profit": 7,
        "Operating Income": -6,
        "EBIT": -6,
        "Net Income": -5
    },
    "2010-09-30": {
        "Diluted EPS": -0.5,
        "Total Revenue": 8,
        "Gross Profit": 7,
        "Operating Income": -5,
        "EBIT": -4,
        "Net Income": -5
    },
    "2010-06-30": {
        "Diluted EPS": -0.7,
        "Total Revenue": 7,
        "Gross Profit": 6,
        "Operating Income": -6,
        "EBIT": -6,
        "Net Income": -6
    },
    "2010-03-31": {
        "Diluted EPS": -0.8,
        "Total Revenue": 8,
        "Gross Profit": 6,
        "Operating Income": -7,
        "EBIT": -6,
        "Net Income": -7
    },
    "2009-12-31": {
        "Diluted EPS": -0.9,
        "Total Revenue": 5,
        "Gross Profit": 4,
        "Operating Income": -9,
        "EBIT": -8,
        "Net Income": -9
    },
    "2009-09-30": {
        "Diluted EPS": -0.7,
        "Total Revenue": 8,
        "Gross Profit": 6,
        "Operating Income": -6,
        "EBIT": -5,
        "Net Income": -6
    },
    "2009-06-30": {
        "Diluted EPS": -0.9,
        "Total Revenue": 5,
        "Gross Profit": 4,
        "Operating Income": -8,
        "EBIT": -7,
        "Net Income": -8
    },
    "2009-03-31": {
        "Diluted EPS": -1.1,
        "Total Revenue": 6,
        "Gross Profit": 5,
        "Operating Income": -9,
        "EBIT": -8,
        "Net Income": -9
    },
    "2023-06-30": {
        "Tax Effect Of Unusual Items": 0.0,
        "Tax Rate For Calcs": 0.0,
        "Normalized EBITDA": -9540000.0,
        "Total Unusual Items": -892000.0,
        "Total Unusual Items Excluding Goodwill": -892000.0,
        "Net Income From Continuing Operation Net Minority Interest": -11181000.0,
        "Reconciled Depreciation": NaN,
        "Reconciled Cost Of Revenue": 359000.0,
        "EBIT": -10432000.0,
        "Net Interest Income": -238000.0,
        "Interest Expense": 749000.0,
        "Interest Income": 511000.0,
        "Normalized Income": -10289000.0,
        "Net Income From Continuing And Discontinued Operation": -11181000.0,
        "Total Expenses": 12132000.0,
        "Total Operating Income As Reported": -10051000.0,
        "Diluted Average Shares": 24508000.0,
        "Basic Average Shares": 24508000.0,
        "Diluted EPS": -0.46,
        "Basic EPS": -0.46,
        "Diluted NI Availto Com Stockholders": -11181000.0,
        "Net Income Common Stockholders": -11181000.0,
        "Net Income": -11181000.0,
        "Net Income Including Noncontrolling Interests": -11181000.0,
        "Net Income Continuous Operations": -11181000.0,
        "Pretax Income": -11181000.0,
        "Other Income Expense": -892000.0,
        "Gain On Sale Of Security": -892000.0,
        "Net Non Operating Interest Income Expense": -238000.0,
        "Interest Expense Non Operating": 749000.0,
        "Interest Income Non Operating": 511000.0,
        "Operating Income": -10051000.0,
        "Operating Expense": 11773000.0,
        "Research And Development": 7946000.0,
        "Selling General And Administration": 3827000.0,
        "Gross Profit": 1722000.0,
        "Cost Of Revenue": 359000.0,
        "Total Revenue": 2081000.0,
        "Operating Revenue": 2081000.0
    }
}