{
    "2023-03-31": {
        "Tax Effect Of Unusual Items": NaN,
        "Tax Rate For Calcs": NaN,
        "Normalized EBITDA": NaN,
        "Total Unusual Items": -156000.0,
        "Total Unusual Items Excluding Goodwill": -156000.0,
        "Net Income From Continuing Operation Net Minority Interest": NaN,
        "Reconciled Depreciation": NaN,
        "Reconciled Cost Of Revenue": NaN,
        "EBITDA": NaN,
        "EBIT": NaN,
        "Net Interest Income": NaN,
        "Interest Expense": -4066000.0,
        "Normalized Income": NaN,
        "Net Income From Continuing And Discontinued Operation": NaN,
        "Total Expenses": NaN,
        "Total Operating Income As Reported": NaN,
        "Diluted Average Shares": NaN,
        "Basic Average Shares": NaN,
        "Diluted EPS": NaN,
        "Basic EPS": NaN,
        "Diluted NI Availto Com Stockholders": NaN,
        "Net Income Common Stockholders": NaN,
        "Net Income": NaN,
        "Net Income Including Noncontrolling Interests": NaN,
        "Net Income Continuous Operations": NaN,
        "Tax Provision": NaN,
        "Pretax Income": NaN,
        "Other Income Expense": NaN,
        "Other Non Operating Income Expenses": NaN,
        "Special Income Charges": -156000.0,
        "Restructuring And Mergern Acquisition": 156000.0,
        "Net Non Operating Interest Income Expense": NaN,
        "Total Other Finance Cost": NaN,
        "Interest Expense Non Operating": -4066000.0,
        "Operating Income": NaN,
        "Operating Expense": NaN,
        "Depreciation Amortization Depletion Income Statement": NaN,
        "Depreciation And Amortization In Income Statement": NaN,
        "Amortization": NaN,
        "Amortization Of Intangibles Income Statement": NaN,
        "Research And Development": NaN,
        "Selling General And Administration": NaN,
        "Selling And Marketing Expense": NaN,
        "General And Administrative Expense": NaN,
        "Other Gand A": NaN,
        "Gross Profit": NaN,
        "Cost Of Revenue": NaN,
        "Total Revenue": NaN,
        "Operating Revenue": NaN
    },
    "2022-12-31": {
        "Tax Effect Of Unusual Items": NaN,
        "Tax Rate For Calcs": NaN,
        "Normalized EBITDA": NaN,
        "Total Unusual Items": 5000.0,
        "Total Unusual Items Excluding Goodwill": 5000.0,
        "Net Income From Continuing Operation Net Minority Interest": NaN,
        "Reconciled Depreciation": NaN,
        "Reconciled Cost Of Revenue": NaN,
        "EBITDA": NaN,
        "EBIT": NaN,
        "Net Interest Income": NaN,
        "Interest Expense": 4787000.0,
        "Normalized Income": NaN,
        "Net Income From Continuing And Discontinued Operation": NaN,
        "Total Expenses": NaN,
        "Total Operating Income As Reported": NaN,
        "Diluted Average Shares": NaN,
        "Basic Average Shares": NaN,
        "Diluted EPS": NaN,
        "Basic EPS": NaN,
        "Diluted NI Availto Com Stockholders": NaN,
        "Net Income Common Stockholders": NaN,
        "Net Income": NaN,
        "Net Income Including Noncontrolling Interests": NaN,
        "Net Income Continuous Operations": NaN,
        "Tax Provision": NaN,
        "Pretax Income": NaN,
        "Other Income Expense": NaN,
        "Other Non Operating Income Expenses": NaN,
        "Special Income Charges": 5000.0,
        "Restructuring And Mergern Acquisition": -5000.0,
        "Net Non Operating Interest Income Expense": NaN,
        "Total Other Finance Cost": NaN,
        "Interest Expense Non Operating": 4787000.0,
        "Operating Income": NaN,
        "Operating Expense": NaN,
        "Depreciation Amortization Depletion Income Statement": NaN,
        "Depreciation And Amortization In Income Statement": NaN,
        "Amortization": NaN,
        "Amortization Of Intangibles Income Statement": NaN,
        "Research And Development": NaN,
        "Selling General And Administration": NaN,
        "Selling And Marketing Expense": NaN,
        "General And Administrative Expense": NaN,
        "Other Gand A": NaN,
        "Gross Profit": NaN,
        "Cost Of Revenue": NaN,
        "Total Revenue": NaN,
        "Operating Revenue": NaN
    },
    "2022-09-30": {
        "Tax Effect Of Unusual Items": NaN,
        "Tax Rate For Calcs": NaN,
        "Normalized EBITDA": NaN,
        "Total Unusual Items": NaN,
        "Total Unusual Items Excluding Goodwill": NaN,
        "Net Income From Continuing Operation Net Minority Interest": NaN,
        "Reconciled Depreciation": NaN,
        "Reconciled Cost Of Revenue": NaN,
        "EBITDA": NaN,
        "EBIT": NaN,
        "Net Interest Income": NaN,
        "Interest Expense": 513000.0,
        "Normalized Income": NaN,
        "Net Income From Continuing And Discontinued Operation": NaN,
        "Total Expenses": NaN,
        "Total Operating Income As Reported": NaN,
        "Diluted Average Shares": NaN,
        "Basic Average Shares": NaN,
        "Diluted EPS": NaN,
        "Basic EPS": NaN,
        "Diluted NI Availto Com Stockholders": NaN,
        "Net Income Common Stockholders": NaN,
        "Net Income": NaN,
        "Net Income Including Noncontrolling Interests": NaN,
        "Net Income Continuous Operations": NaN,
        "Tax Provision": NaN,
        "Pretax Income": NaN,
        "Other Income Expense": NaN,
        "Other Non Operating Income Expenses": NaN,
        "Special Income Charges": NaN,
        "Restructuring And Mergern Acquisition": NaN,
        "Net Non Operating Interest Income Expense": NaN,
        "Total Other Finance Cost": NaN,
        "Interest Expense Non Operating": 513000.0,
        "Operating Income": NaN,
        "Operating Expense": NaN,
        "Depreciation Amortization Depletion Income Statement": NaN,
        "Depreciation And Amortization In Income Statement": NaN,
        "Amortization": NaN,
        "Amortization Of Intangibles Income Statement": NaN,
        "Research And Development": NaN,
        "Selling General And Administration": NaN,
        "Selling And Marketing Expense": NaN,
        "General And Administrative Expense": NaN,
        "Other Gand A": NaN,
        "Gross Profit": NaN,
        "Cost Of Revenue": NaN,
        "Total Revenue": NaN,
        "Operating Revenue": NaN
    },
    "2022-06-30": {
        "Tax Effect Of Unusual Items": 4000.0,
        "Tax Rate For Calcs": 0.4,
        "Normalized EBITDA": 30203000.0,
        "Total Unusual Items": 10000.0,
        "Total Unusual Items Excluding Goodwill": 10000.0,
        "Net Income From Continuing Operation Net Minority Interest": 2114000.0,
        "Reconciled Depreciation": 13369000.0,
        "Reconciled Cost Of Revenue": 45002000.0,
        "EBITDA": 30213000.0,
        "EBIT": 16844000.0,
        "Net Interest Income": -2175000.0,
        "Interest Expense": 2175000.0,
        "Interest Income": NaN,
        "Normalized Income": 2108000.0,
        "Net Income From Continuing And Discontinued Operation": 2114000.0,
        "Total Expenses": 248189000.0,
        "Total Operating Income As Reported": 19094000.0,
        "Diluted Average Shares": 290024000.0,
        "Basic Average Shares": 286203000.0,
        "Diluted EPS": 0.01,
        "Basic EPS": 0.01,
        "Diluted NI Availto Com Stockholders": 2114000.0,
        "Net Income Common Stockholders": 2114000.0,
        "Net Income": 2114000.0,
        "Net Income Including Noncontrolling Interests": 2114000.0,
        "Net Income Continuous Operations": 2114000.0,
        "Tax Provision": 12555000.0,
        "Pretax Income": 14669000.0,
        "Other Income Expense": -2240000.0,
        "Other Non Operating Income Expenses": -2250000.0,
        "Special Income Charges": 10000.0,
        "Restructuring And Mergern Acquisition": -10000.0,
        "Net Non Operating Interest Income Expense": -2175000.0,
        "Total Other Finance Cost": NaN,
        "Interest Expense Non Operating": 2175000.0,
        "Interest Income Non Operating": NaN,
        "Operating Income": 19084000.0,
        "Operating Expense": 196391000.0,
        "Depreciation Amortization Depletion Income Statement": 6573000.0,
        "Depreciation And Amortization In Income Statement": 6573000.0,
        "Amortization": 6573000.0,
        "Amortization Of Intangibles Income Statement": 6573000.0,
        "Research And Development": 48482000.0,
        "Selling General And Administration": 141336000.0,
        "Selling And Marketing Expense": 105015000.0,
        "General And Administrative Expense": 36321000.0,
        "Other Gand A": 36321000.0,
        "Gross Profit": 215475000.0,
        "Cost Of Revenue": 51798000.0,
        "Total Revenue": 267273000.0,
        "Operating Revenue": 267273000.0
    },
    "2023-06-30": {
        "Tax Effect Of Unusual Items": NaN,
        "Tax Rate For Calcs": NaN,
        "Normalized EBITDA": NaN,
        "Total Unusual Items": -1000.0,
        "Total Unusual Items Excluding Goodwill": -1000.0,
        "Net Income From Continuing Operation Net Minority Interest": NaN,
        "Reconciled Depreciation": NaN,
        "Reconciled Cost Of Revenue": NaN,
        "EBITDA": NaN,
        "EBIT": NaN,
        "Net Interest Income": NaN,
        "Interest Income": NaN,
        "Normalized Income": NaN,
        "Net Income From Continuing And Discontinued Operation": NaN,
        "Total Expenses": NaN,
        "Total Operating Income As Reported": NaN,
        "Diluted Average Shares": NaN,
        "Basic Average Shares": NaN,
        "Diluted EPS": NaN,
        "Basic EPS": NaN,
        "Diluted NI Availto Com Stockholders": NaN,
        "Net Income Common Stockholders": NaN,
        "Net Income": NaN,
        "Net Income Including Noncontrolling Interests": NaN,
        "Net Income Continuous Operations": NaN,
        "Tax Provision": NaN,
        "Pretax Income": NaN,
        "Other Income Expense": NaN,
        "Other Non Operating Income Expenses": NaN,
        "Special Income Charges": -1000.0,
        "Restructuring And Mergern Acquisition": 1000.0,
        "Net Non Operating Interest Income Expense": NaN,
        "Total Other Finance Cost": NaN,
        "Interest Income Non Operating": NaN,
        "Operating Income": NaN,
        "Operating Expense": NaN,
        "Depreciation Amortization Depletion Income Statement": NaN,
        "Depreciation And Amortization In Income Statement": NaN,
        "Amortization": NaN,
        "Amortization Of Intangibles Income Statement": NaN,
        "Research And Development": NaN,
        "Selling General And Administration": NaN,
        "Selling And Marketing Expense": NaN,
        "General And Administrative Expense": NaN,
        "Other Gand A": NaN,
        "Gross Profit": NaN,
        "Cost Of Revenue": NaN,
        "Total Revenue": NaN,
        "Operating Revenue": NaN
    },
    "2023-09-30": {
        "Tax Effect Of Unusual Items": NaN,
        "Tax Rate For Calcs": NaN,
        "Normalized EBITDA": NaN,
        "Total Unusual Items": 1000.0,
        "Total Unusual Items Excluding Goodwill": 1000.0,
        "Net Income From Continuing Operation Net Minority Interest": NaN,
        "Reconciled Depreciation": NaN,
        "Reconciled Cost Of Revenue": NaN,
        "EBITDA": NaN,
        "EBIT": NaN,
        "Net Interest Income": NaN,
        "Interest Income": NaN,
        "Normalized Income": NaN,
        "Net Income From Continuing And Discontinued Operation": NaN,
        "Total Expenses": NaN,
        "Total Operating Income As Reported": NaN,
        "Diluted Average Shares": NaN,
        "Basic Average Shares": NaN,
        "Diluted EPS": NaN,
        "Basic EPS": NaN,
        "Diluted NI Availto Com Stockholders": NaN,
        "Net Income Common Stockholders": NaN,
        "Net Income": NaN,
        "Net Income Including Noncontrolling Interests": NaN,
        "Net Income Continuous Operations": NaN,
        "Tax Provision": NaN,
        "Pretax Income": NaN,
        "Other Income Expense": NaN,
        "Other Non Operating Income Expenses": NaN,
        "Special Income Charges": 1000.0,
        "Restructuring And Mergern Acquisition": -1000.0,
        "Net Non Operating Interest Income Expense": NaN,
        "Total Other Finance Cost": -8509000.0,
        "Interest Income Non Operating": NaN,
        "Operating Income": NaN,
        "Operating Expense": NaN,
        "Depreciation Amortization Depletion Income Statement": NaN,
        "Depreciation And Amortization In Income Statement": NaN,
        "Amortization": NaN,
        "Amortization Of Intangibles Income Statement": NaN,
        "Research And Development": NaN,
        "Selling General And Administration": NaN,
        "Selling And Marketing Expense": NaN,
        "General And Administrative Expense": NaN,
        "Other Gand A": NaN,
        "Gross Profit": NaN,
        "Cost Of Revenue": NaN,
        "Total Revenue": NaN,
        "Operating Revenue": NaN
    },
    "2023-12-31": {
        "Tax Effect Of Unusual Items": 0.0,
        "Tax Rate For Calcs": 0.21,
        "Normalized EBITDA": 49471000.0,
        "Total Unusual Items": 1000.0,
        "Total Unusual Items Excluding Goodwill": 1000.0,
        "Net Income From Continuing Operation Net Minority Interest": 42691000.0,
        "Reconciled Depreciation": 13751000.0,
        "Reconciled Cost Of Revenue": 59569000.0,
        "EBITDA": 49471000.0,
        "EBIT": 35720000.0,
        "Net Interest Income": 10605000.0,
        "Interest Income": 10605000.0,
        "Normalized Income": 42691000.0,
        "Net Income From Continuing And Discontinued Operation": 42691000.0,
        "Total Expenses": 329376000.0,
        "Total Operating Income As Reported": 35720000.0,
        "Diluted Average Shares": 299246000.0,
        "Basic Average Shares": 294869000.0,
        "Diluted EPS": 0.14,
        "Basic EPS": 0.14,
        "Diluted NI Availto Com Stockholders": 42691000.0,
        "Net Income Common Stockholders": 42691000.0,
        "Net Income": 42691000.0,
        "Net Income Including Noncontrolling Interests": 42691000.0,
        "Net Income Continuous Operations": 42691000.0,
        "Tax Provision": -267000.0,
        "Pretax Income": 42424000.0,
        "Other Income Expense": -3901000.0,
        "Other Non Operating Income Expenses": -3901000.0,
        "Special Income Charges": 1000.0,
        "Restructuring And Mergern Acquisition": -1000.0,
        "Net Non Operating Interest Income Expense": 10605000.0,
        "Total Other Finance Cost": -10605000.0,
        "Interest Income Non Operating": 10605000.0,
        "Operating Income": 35720000.0,
        "Operating Expense": 261507000.0,
        "Depreciation Amortization Depletion Income Statement": 5451000.0,
        "Depreciation And Amortization In Income Statement": 5451000.0,
        "Amortization": 5451000.0,
        "Amortization Of Intangibles Income Statement": 5451000.0,
        "Research And Development": 80102000.0,
        "Selling General And Administration": 175954000.0,
        "Selling And Marketing Expense": 132723000.0,
        "General And Administrative Expense": 43231000.0,
        "Other Gand A": 43231000.0,
        "Gross Profit": 297227000.0,
        "Cost Of Revenue": 67869000.0,
        "Total Revenue": 365096000.0,
        "Operating Revenue": 365096000.0
    },
    "2024-03-31": {
        "Tax Effect Of Unusual Items": 0.0,
        "Tax Rate For Calcs": 0.21,
        "Normalized EBITDA": 37216000.0,
        "Total Unusual Items": NaN,
        "Total Unusual Items Excluding Goodwill": NaN,
        "Net Income From Continuing Operation Net Minority Interest": 37944000.0,
        "Reconciled Depreciation": 14092000.0,
        "Reconciled Cost Of Revenue": 63236000.0,
        "EBITDA": 37216000.0,
        "EBIT": 23124000.0,
        "Net Interest Income": 11024000.0,
        "Interest Income": NaN,
        "Normalized Income": 37944000.0,
        "Net Income From Continuing And Discontinued Operation": 37944000.0,
        "Total Expenses": 357724000.0,
        "Total Operating Income As Reported": 23123000.0,
        "Diluted Average Shares": 300867000.0,
        "Basic Average Shares": 296264000.0,
        "Diluted EPS": 0.13,
        "Basic EPS": 0.13,
        "Diluted NI Availto Com Stockholders": 37944000.0,
        "Net Income Common Stockholders": 37944000.0,
        "Net Income": 37944000.0,
        "Net Income Including Noncontrolling Interests": 37944000.0,
        "Net Income Continuous Operations": 37944000.0,
        "Tax Provision": -7842000.0,
        "Pretax Income": 30102000.0,
        "Other Income Expense": -4046000.0,
        "Other Non Operating Income Expenses": -4045000.0,
        "Special Income Charges": NaN,
        "Restructuring And Mergern Acquisition": NaN,
        "Net Non Operating Interest Income Expense": 11024000.0,
        "Total Other Finance Cost": -11024000.0,
        "Interest Income Non Operating": NaN,
        "Operating Income": 23124000.0,
        "Operating Expense": 285851000.0,
        "Depreciation Amortization Depletion Income Statement": 5455000.0,
        "Depreciation And Amortization In Income Statement": 5455000.0,
        "Amortization": 5455000.0,
        "Amortization Of Intangibles Income Statement": 5455000.0,
        "Research And Development": 84271000.0,
        "Selling General And Administration": 196125000.0,
        "Selling And Marketing Expense": 148788000.0,
        "General And Administrative Expense": 47337000.0,
        "Other Gand A": 47337000.0,
        "Gross Profit": 308975000.0,
        "Cost Of Revenue": 71873000.0,
        "Total Revenue": 380848000.0,
        "Operating Revenue": 380848000.0
    },
    "2024-06-30": {
        "Tax Effect Of Unusual Items": 0.0,
        "Tax Rate For Calcs": 0.268,
        "Normalized EBITDA": 56006000.0,
        "Total Unusual Items": NaN,
        "Total Unusual Items Excluding Goodwill": NaN,
        "Net Income From Continuing Operation Net Minority Interest": 38620000.0,
        "Reconciled Depreciation": 13977000.0,
        "Reconciled Cost Of Revenue": 65552000.0,
        "EBITDA": 56006000.0,
        "EBIT": 42029000.0,
        "Net Interest Income": 12775000.0,
        "Interest Income": NaN,
        "Normalized Income": 38620000.0,
        "Net Income From Continuing And Discontinued Operation": 38620000.0,
        "Total Expenses": 357191000.0,
        "Total Operating Income As Reported": 42029000.0,
        "Diluted Average Shares": 300966000.0,
        "Basic Average Shares": 297358000.0,
        "Diluted EPS": 0.13,
        "Basic EPS": 0.13,
        "Diluted NI Availto Com Stockholders": 38620000.0,
        "Net Income Common Stockholders": 38620000.0,
        "Net Income": 38620000.0,
        "Net Income Including Noncontrolling Interests": 38620000.0,
        "Net Income Continuous Operations": 38620000.0,
        "Tax Provision": 14149000.0,
        "Pretax Income": 52769000.0,
        "Other Income Expense": -2035000.0,
        "Other Non Operating Income Expenses": -2035000.0,
        "Special Income Charges": NaN,
        "Restructuring And Mergern Acquisition": NaN,
        "Net Non Operating Interest Income Expense": 12775000.0,
        "Total Other Finance Cost": -12775000.0,
        "Interest Income Non Operating": NaN,
        "Operating Income": 42029000.0,
        "Operating Expense": 282438000.0,
        "Depreciation Amortization Depletion Income Statement": 4776000.0,
        "Depreciation And Amortization In Income Statement": 4776000.0,
        "Amortization": 4776000.0,
        "Amortization Of Intangibles Income Statement": 4776000.0,
        "Research And Development": 87578000.0,
        "Selling General And Administration": 190084000.0,
        "Selling And Marketing Expense": 145106000.0,
        "General And Administrative Expense": 44978000.0,
        "Other Gand A": 44978000.0,
        "Gross Profit": 324467000.0,
        "Cost Of Revenue": 74753000.0,
        "Total Revenue": 399220000.0,
        "Operating Revenue": 399220000.0
    },
    "2024-09-30": {
        "Tax Effect Of Unusual Items": 0.0,
        "Tax Rate For Calcs": 0.239,
        "Normalized EBITDA": 61040000.0,
        "Total Unusual Items": NaN,
        "Total Unusual Items Excluding Goodwill": NaN,
        "Net Income From Continuing Operation Net Minority Interest": 44008000.0,
        "Reconciled Depreciation": 14014000.0,
        "Reconciled Cost Of Revenue": 68546000.0,
        "EBITDA": 61040000.0,
        "EBIT": 47026000.0,
        "Net Interest Income": 12850000.0,
        "Interest Income": NaN,
        "Normalized Income": 44008000.0,
        "Net Income From Continuing And Discontinued Operation": 44008000.0,
        "Total Expenses": 371103000.0,
        "Total Operating Income As Reported": 47026000.0,
        "Diluted Average Shares": 301373000.0,
        "Basic Average Shares": 298089000.0,
        "Diluted EPS": 0.15,
        "Basic EPS": 0.15,
        "Diluted NI Availto Com Stockholders": 44008000.0,
        "Net Income Common Stockholders": 44008000.0,
        "Net Income": 44008000.0,
        "Net Income Including Noncontrolling Interests": 44008000.0,
        "Net Income Continuous Operations": 44008000.0,
        "Tax Provision": 13830000.0,
        "Pretax Income": 57838000.0,
        "Other Income Expense": -2038000.0,
        "Other Non Operating Income Expenses": -2038000.0,
        "Special Income Charges": NaN,
        "Restructuring And Mergern Acquisition": NaN,
        "Net Non Operating Interest Income Expense": 12850000.0,
        "Total Other Finance Cost": -12850000.0,
        "Interest Income Non Operating": NaN,
        "Operating Income": 47026000.0,
        "Operating Expense": 293319000.0,
        "Depreciation Amortization Depletion Income Statement": 4776000.0,
        "Depreciation And Amortization In Income Statement": 4776000.0,
        "Amortization": 4776000.0,
        "Amortization Of Intangibles Income Statement": 4776000.0,
        "Research And Development": 95366000.0,
        "Selling General And Administration": 193177000.0,
        "Selling And Marketing Expense": 144224000.0,
        "General And Administrative Expense": 48953000.0,
        "Other Gand A": 48953000.0,
        "Gross Profit": 340345000.0,
        "Cost Of Revenue": 77784000.0,
        "Total Revenue": 418129000.0,
        "Operating Revenue": 418129000.0
    },
    "2024-12-31": {
        "Tax Effect Of Unusual Items": 0.0,
        "Tax Rate For Calcs": 0.21,
        "Normalized EBITDA": 60927000.0,
        "Total Unusual Items": NaN,
        "Total Unusual Items Excluding Goodwill": NaN,
        "Net Income From Continuing Operation Net Minority Interest": 361752000.0,
        "Reconciled Depreciation": 13463000.0,
        "Reconciled Cost Of Revenue": 73073000.0,
        "EBITDA": 60927000.0,
        "EBIT": 47464000.0,
        "Net Interest Income": 11726000.0,
        "Interest Income": 11726000.0,
        "Normalized Income": 361752000.0,
        "Net Income From Continuing And Discontinued Operation": 361752000.0,
        "Total Expenses": 388705000.0,
        "Total Operating Income As Reported": 47464000.0,
        "Diluted Average Shares": 303467000.0,
        "Basic Average Shares": 298646000.0,
        "Diluted EPS": 1.19,
        "Basic EPS": 1.21,
        "Diluted NI Availto Com Stockholders": 361752000.0,
        "Net Income Common Stockholders": 361752000.0,
        "Net Income": 361752000.0,
        "Net Income Including Noncontrolling Interests": 361752000.0,
        "Net Income Continuous Operations": 361752000.0,
        "Tax Provision": -304634000.0,
        "Pretax Income": 57118000.0,
        "Other Income Expense": -2072000.0,
        "Other Non Operating Income Expenses": -2072000.0,
        "Special Income Charges": NaN,
        "Restructuring And Mergern Acquisition": NaN,
        "Net Non Operating Interest Income Expense": 11726000.0,
        "Total Other Finance Cost": NaN,
        "Interest Income Non Operating": 11726000.0,
        "Operating Income": 47464000.0,
        "Operating Expense": 306144000.0,
        "Depreciation Amortization Depletion Income Statement": 3975000.0,
        "Depreciation And Amortization In Income Statement": 3975000.0,
        "Amortization": 3975000.0,
        "Amortization Of Intangibles Income Statement": 3975000.0,
        "Research And Development": 98343000.0,
        "Selling General And Administration": 203826000.0,
        "Selling And Marketing Expense": 154472000.0,
        "General And Administrative Expense": 49354000.0,
        "Other Gand A": 49354000.0,
        "Gross Profit": 353608000.0,
        "Cost Of Revenue": 82561000.0,
        "Total Revenue": 436169000.0,
        "Operating Revenue": 436169000.0
    }
}