{
    "2023-03-31": {
        "Tax Effect Of Unusual Items": 0.0,
        "Tax Rate For Calcs": 0.0,
        "Normalized EBITDA": -21484000.0,
        "Total Unusual Items": -776000.0,
        "Total Unusual Items Excluding Goodwill": -776000.0,
        "Net Income From Continuing Operation Net Minority Interest": -25060000.0,
        "Reconciled Depreciation": 2278000.0,
        "EBITDA": -22260000.0,
        "EBIT": -24538000.0,
        "Net Interest Income": 1521000.0,
        "Interest Expense": 522000.0,
        "Interest Income": 2043000.0,
        "Normalized Income": -24284000.0,
        "Net Income From Continuing And Discontinued Operation": -25060000.0,
        "Total Expenses": 33244000.0,
        "Total Operating Income As Reported": -24464000.0,
        "Diluted Average Shares": 3709894.0,
        "Basic Average Shares": 3709894.0,
        "Diluted EPS": -6.75,
        "Basic EPS": -6.75,
        "Diluted NI Availto Com Stockholders": -25060000.0,
        "Net Income Common Stockholders": -25060000.0,
        "Net Income": -25060000.0,
        "Net Income Including Noncontrolling Interests": -25060000.0,
        "Net Income Discontinuous Operations": NaN,
        "Net Income Continuous Operations": -25060000.0,
        "Pretax Income": -25060000.0,
        "Other Income Expense": -2117000.0,
        "Other Non Operating Income Expenses": NaN,
        "Special Income Charges": -7000.0,
        "Gain On Sale Of Ppe": -7000.0,
        "Earnings From Equity Interest": -1341000.0,
        "Gain On Sale Of Security": -769000.0,
        "Net Non Operating Interest Income Expense": 1521000.0,
        "Interest Expense Non Operating": 522000.0,
        "Interest Income Non Operating": 2043000.0,
        "Operating Income": -24464000.0,
        "Operating Expense": 33244000.0,
        "Research And Development": 22158000.0,
        "Selling General And Administration": 11086000.0,
        "General And Administrative Expense": 11086000.0,
        "Other Gand A": 11086000.0,
        "Total Revenue": 8780000.0,
        "Operating Revenue": 8780000.0
    },
    "2022-12-31": {
        "Tax Effect Of Unusual Items": 0.0,
        "Tax Rate For Calcs": 0.0,
        "Normalized EBITDA": -25727000.0,
        "Total Unusual Items": NaN,
        "Total Unusual Items Excluding Goodwill": NaN,
        "Net Income From Continuing Operation Net Minority Interest": -28488000.0,
        "Reconciled Depreciation": 2275000.0,
        "EBITDA": -25727000.0,
        "EBIT": -28002000.0,
        "Net Interest Income": 1451000.0,
        "Interest Expense": 486000.0,
        "Interest Income": 1937000.0,
        "Normalized Income": -28488000.0,
        "Net Income From Continuing And Discontinued Operation": -28488000.0,
        "Total Expenses": 31087000.0,
        "Total Operating Income As Reported": -20489000.0,
        "Diluted Average Shares": 3698583.0,
        "Basic Average Shares": 3698583.0,
        "Diluted EPS": -7.8,
        "Basic EPS": -7.8,
        "Diluted NI Availto Com Stockholders": -28488000.0,
        "Net Income Common Stockholders": -28488000.0,
        "Net Income": -28488000.0,
        "Net Income Including Noncontrolling Interests": -28488000.0,
        "Net Income Discontinuous Operations": NaN,
        "Net Income Continuous Operations": -28488000.0,
        "Pretax Income": -28488000.0,
        "Other Income Expense": -9450000.0,
        "Other Non Operating Income Expenses": NaN,
        "Special Income Charges": NaN,
        "Gain On Sale Of Ppe": NaN,
        "Earnings From Equity Interest": 2604000.0,
        "Gain On Sale Of Security": NaN,
        "Net Non Operating Interest Income Expense": 1451000.0,
        "Interest Expense Non Operating": 486000.0,
        "Interest Income Non Operating": 1937000.0,
        "Operating Income": -20489000.0,
        "Operating Expense": 31087000.0,
        "Research And Development": 21072000.0,
        "Selling General And Administration": 10015000.0,
        "General And Administrative Expense": 10015000.0,
        "Other Gand A": 10015000.0,
        "Total Revenue": 10598000.0,
        "Operating Revenue": 10598000.0
    },
    "2022-09-30": {
        "Tax Effect Of Unusual Items": 0.0,
        "Tax Rate For Calcs": 0.0,
        "Normalized EBITDA": -21294000.0,
        "Total Unusual Items": NaN,
        "Total Unusual Items Excluding Goodwill": NaN,
        "Net Income From Continuing Operation Net Minority Interest": -23946000.0,
        "Reconciled Depreciation": 2247000.0,
        "EBITDA": -21294000.0,
        "EBIT": -23541000.0,
        "Net Interest Income": 767000.0,
        "Interest Expense": 405000.0,
        "Interest Income": 1172000.0,
        "Normalized Income": -23946000.0,
        "Net Income From Continuing And Discontinued Operation": -23946000.0,
        "Total Expenses": 30293000.0,
        "Total Operating Income As Reported": -22930000.0,
        "Diluted Average Shares": 110849196.0,
        "Basic Average Shares": 110849196.0,
        "Diluted EPS": -0.22,
        "Basic EPS": -0.22,
        "Diluted NI Availto Com Stockholders": -23946000.0,
        "Net Income Common Stockholders": -23946000.0,
        "Net Income": -23946000.0,
        "Net Income Including Noncontrolling Interests": -23946000.0,
        "Net Income Discontinuous Operations": NaN,
        "Net Income Continuous Operations": -23946000.0,
        "Pretax Income": -23946000.0,
        "Other Income Expense": -1783000.0,
        "Other Non Operating Income Expenses": NaN,
        "Special Income Charges": NaN,
        "Gain On Sale Of Ppe": NaN,
        "Gain On Sale Of Business": NaN,
        "Write Off": NaN,
        "Earnings From Equity Interest": -1783000.0,
        "Gain On Sale Of Security": NaN,
        "Net Non Operating Interest Income Expense": 767000.0,
        "Interest Expense Non Operating": 405000.0,
        "Interest Income Non Operating": 1172000.0,
        "Operating Income": -22930000.0,
        "Operating Expense": 30293000.0,
        "Research And Development": 19959000.0,
        "Selling General And Administration": 10334000.0,
        "General And Administrative Expense": 10334000.0,
        "Other Gand A": 10334000.0,
        "Total Revenue": 7363000.0,
        "Operating Revenue": 7363000.0
    },
    "2022-06-30": {
        "Tax Effect Of Unusual Items": 0.0,
        "Tax Rate For Calcs": 0.0,
        "Normalized EBITDA": -28631000.0,
        "Total Unusual Items": NaN,
        "Total Unusual Items Excluding Goodwill": NaN,
        "Net Income From Continuing Operation Net Minority Interest": -31035000.0,
        "Reconciled Depreciation": 2226000.0,
        "EBITDA": -28631000.0,
        "EBIT": -30857000.0,
        "Net Interest Income": 14000.0,
        "Interest Expense": 178000.0,
        "Interest Income": 192000.0,
        "Normalized Income": -31035000.0,
        "Net Income From Continuing And Discontinued Operation": -31035000.0,
        "Total Expenses": 33421000.0,
        "Total Operating Income As Reported": -29601000.0,
        "Diluted Average Shares": 67954688.0,
        "Basic Average Shares": 67954688.0,
        "Diluted EPS": -0.46,
        "Basic EPS": -0.46,
        "Diluted NI Availto Com Stockholders": -31035000.0,
        "Net Income Common Stockholders": -31035000.0,
        "Net Income": -31035000.0,
        "Net Income Including Noncontrolling Interests": -31035000.0,
        "Net Income Continuous Operations": -31035000.0,
        "Pretax Income": -31035000.0,
        "Other Income Expense": -1448000.0,
        "Special Income Charges": NaN,
        "Gain On Sale Of Ppe": NaN,
        "Gain On Sale Of Business": NaN,
        "Write Off": NaN,
        "Earnings From Equity Interest": -1448000.0,
        "Gain On Sale Of Security": NaN,
        "Net Non Operating Interest Income Expense": 14000.0,
        "Interest Expense Non Operating": 178000.0,
        "Interest Income Non Operating": 192000.0,
        "Operating Income": -29601000.0,
        "Operating Expense": 33421000.0,
        "Research And Development": 22936000.0,
        "Selling General And Administration": 10485000.0,
        "General And Administrative Expense": 10485000.0,
        "Other Gand A": 10485000.0,
        "Total Revenue": 3820000.0,
        "Operating Revenue": 3820000.0
    },
    "2022-03-31": {
        "Diluted EPS": -0.46,
        "Total Revenue": 3,
        "Gross Profit": 3,
        "Operating Income": -27,
        "EBIT": -25,
        "Net Income": -28
    },
    "2021-12-31": {
        "Diluted EPS": -0.36,
        "Total Revenue": 6,
        "Gross Profit": 6,
        "Operating Income": -31,
        "EBIT": -28,
        "Net Income": -22
    },
    "2021-09-30": {
        "Diluted EPS": -0.19,
        "Total Revenue": 24,
        "Gross Profit": 24,
        "Operating Income": -12,
        "EBIT": -9,
        "Net Income": -11
    },
    "2021-06-30": {
        "Diluted EPS": 0.36,
        "Total Revenue": 69,
        "Gross Profit": 69,
        "Operating Income": 22,
        "EBIT": 24,
        "Net Income": 22
    },
    "2021-03-31": {
        "Diluted EPS": -0.33,
        "Total Revenue": 16,
        "Gross Profit": 16,
        "Operating Income": -19,
        "EBIT": -16,
        "Net Income": -19
    },
    "2020-12-31": {
        "Diluted EPS": -0.44,
        "Total Revenue": 9,
        "Gross Profit": 9,
        "Operating Income": -23,
        "EBIT": -21,
        "Net Income": -23
    },
    "2020-09-30": {
        "Diluted EPS": -0.5,
        "Total Revenue": 7,
        "Gross Profit": 7,
        "Operating Income": -26,
        "EBIT": -24,
        "Net Income": -26
    },
    "2020-06-30": {
        "Diluted EPS": -0.63,
        "Total Revenue": 1,
        "Gross Profit": 1,
        "Operating Income": -33,
        "EBIT": -30,
        "Net Income": -33
    },
    "2020-03-31": {
        "Diluted EPS": -0.52,
        "Total Revenue": 7,
        "Gross Profit": 7,
        "Operating Income": -27,
        "EBIT": -25,
        "Net Income": -27
    },
    "2019-12-31": {
        "Diluted EPS": 0.58,
        "Total Revenue": 7,
        "Gross Profit": 7,
        "Operating Income": -22,
        "EBIT": -20,
        "Net Income": -21
    },
    "2019-09-30": {
        "Diluted EPS": -0.41,
        "Total Revenue": 5,
        "Gross Profit": 5,
        "Operating Income": -22,
        "EBIT": -21,
        "Net Income": -21
    },
    "2019-06-30": {
        "Diluted EPS": -0.39,
        "Total Revenue": 5,
        "Gross Profit": 5,
        "Operating Income": -24,
        "EBIT": -23,
        "Net Income": -19
    },
    "2019-03-31": {
        "Diluted EPS": -1.99,
        "Total Revenue": 5,
        "Gross Profit": 5,
        "Operating Income": -19,
        "EBIT": -19,
        "Net Income": -32
    },
    "2018-12-31": {
        "Diluted EPS": -0.98,
        "Total Revenue": 5,
        "Gross Profit": 5,
        "Operating Income": -16,
        "EBIT": -15,
        "Net Income": -15
    },
    "2018-09-30": {
        "Diluted EPS": -0.62,
        "Total Revenue": 3,
        "Gross Profit": 3,
        "Operating Income": -10,
        "EBIT": -10,
        "Net Income": -10
    },
    "2018-06-30": {
        "Diluted EPS": -0.75,
        "Total Revenue": 2,
        "Gross Profit": 2,
        "Operating Income": -12,
        "EBIT": -12,
        "Net Income": -12
    },
    "2018-03-31": {
        "Diluted EPS": -0.57,
        "Total Revenue": 2,
        "Gross Profit": 2,
        "Operating Income": -9,
        "EBIT": -9,
        "Net Income": -9
    },
    "2017-12-31": {
        "Diluted EPS": 0.0,
        "Total Revenue": NaN,
        "Gross Profit": NaN,
        "Operating Income": NaN,
        "EBIT": NaN,
        "Net Income": NaN
    },
    "2023-06-30": {
        "Tax Effect Of Unusual Items": 0.0,
        "Tax Rate For Calcs": 0.0,
        "Normalized EBITDA": -9025000.0,
        "Total Unusual Items": 72000.0,
        "Total Unusual Items Excluding Goodwill": 72000.0,
        "Net Income From Continuing Operation Net Minority Interest": -11891000.0,
        "Reconciled Depreciation": 2385000.0,
        "EBITDA": -8953000.0,
        "EBIT": -11338000.0,
        "Net Interest Income": 1393000.0,
        "Interest Expense": 553000.0,
        "Interest Income": 1946000.0,
        "Normalized Income": -11963000.0,
        "Net Income From Continuing And Discontinued Operation": -11891000.0,
        "Total Expenses": 31776000.0,
        "Total Operating Income As Reported": -11987000.0,
        "Diluted Average Shares": 3803319.0,
        "Basic Average Shares": 3803319.0,
        "Diluted EPS": -3.0,
        "Basic EPS": -3.0,
        "Diluted NI Availto Com Stockholders": -11891000.0,
        "Net Income Common Stockholders": -11891000.0,
        "Net Income": -11891000.0,
        "Net Income Including Noncontrolling Interests": -11891000.0,
        "Net Income Discontinuous Operations": NaN,
        "Net Income Continuous Operations": -11891000.0,
        "Pretax Income": -11891000.0,
        "Other Income Expense": -1297000.0,
        "Other Non Operating Income Expenses": NaN,
        "Special Income Charges": 72000.0,
        "Gain On Sale Of Ppe": 72000.0,
        "Earnings From Equity Interest": -1369000.0,
        "Gain On Sale Of Security": NaN,
        "Net Non Operating Interest Income Expense": 1393000.0,
        "Interest Expense Non Operating": 553000.0,
        "Interest Income Non Operating": 1946000.0,
        "Operating Income": -11987000.0,
        "Operating Expense": 31776000.0,
        "Research And Development": 21946000.0,
        "Selling General And Administration": 9830000.0,
        "General And Administrative Expense": 9830000.0,
        "Other Gand A": 9830000.0,
        "Total Revenue": 19789000.0,
        "Operating Revenue": 19789000.0
    },
    "2023-09-30": {
        "Tax Effect Of Unusual Items": 0.0,
        "Tax Rate For Calcs": 0.0,
        "Normalized EBITDA": -9496000.0,
        "Total Unusual Items": -2000.0,
        "Total Unusual Items Excluding Goodwill": -2000.0,
        "Net Income From Continuing Operation Net Minority Interest": -12110000.0,
        "Reconciled Depreciation": 2036000.0,
        "EBITDA": -9498000.0,
        "EBIT": -11534000.0,
        "Net Interest Income": 1294000.0,
        "Interest Expense": 576000.0,
        "Interest Income": 1870000.0,
        "Normalized Income": -12108000.0,
        "Net Income From Continuing And Discontinued Operation": -8079000.0,
        "Total Expenses": 25483000.0,
        "Total Operating Income As Reported": -12363000.0,
        "Diluted Average Shares": 3839158.0,
        "Basic Average Shares": 3839158.0,
        "Diluted EPS": -2.1,
        "Basic EPS": -2.1,
        "Diluted NI Availto Com Stockholders": -8079000.0,
        "Net Income Common Stockholders": -8079000.0,
        "Net Income": -8079000.0,
        "Net Income Including Noncontrolling Interests": -8079000.0,
        "Net Income Discontinuous Operations": 4031000.0,
        "Net Income Continuous Operations": -12110000.0,
        "Pretax Income": -12110000.0,
        "Other Income Expense": -1041000.0,
        "Other Non Operating Income Expenses": 311000.0,
        "Special Income Charges": -2000.0,
        "Gain On Sale Of Ppe": -2000.0,
        "Earnings From Equity Interest": -1350000.0,
        "Gain On Sale Of Security": NaN,
        "Net Non Operating Interest Income Expense": 1294000.0,
        "Interest Expense Non Operating": 576000.0,
        "Interest Income Non Operating": 1870000.0,
        "Operating Income": -12363000.0,
        "Operating Expense": 25483000.0,
        "Research And Development": 15850000.0,
        "Selling General And Administration": 9633000.0,
        "General And Administrative Expense": 9633000.0,
        "Other Gand A": 9633000.0,
        "Total Revenue": 13120000.0,
        "Operating Revenue": 13120000.0
    },
    "2023-12-31": {
        "Tax Effect Of Unusual Items": 0.0,
        "Tax Rate For Calcs": 0.0,
        "Normalized EBITDA": -11920000.0,
        "Total Unusual Items": 621000.0,
        "Total Unusual Items Excluding Goodwill": 621000.0,
        "Net Income From Continuing Operation Net Minority Interest": -13434000.0,
        "Reconciled Depreciation": 1556000.0,
        "EBITDA": -11299000.0,
        "EBIT": -12855000.0,
        "Net Interest Income": 1248000.0,
        "Interest Expense": 579000.0,
        "Interest Income": 1827000.0,
        "Normalized Income": -14055000.0,
        "Net Income From Continuing And Discontinued Operation": -16289000.0,
        "Total Expenses": 21928000.0,
        "Total Operating Income As Reported": -14890000.0,
        "Diluted Average Shares": NaN,
        "Basic Average Shares": NaN,
        "Diluted EPS": NaN,
        "Basic EPS": NaN,
        "Diluted NI Availto Com Stockholders": -16289000.0,
        "Net Income Common Stockholders": -16289000.0,
        "Net Income": -16289000.0,
        "Net Income Including Noncontrolling Interests": -16289000.0,
        "Net Income Discontinuous Operations": -2855000.0,
        "Net Income Continuous Operations": -13434000.0,
        "Pretax Income": -13434000.0,
        "Other Income Expense": 208000.0,
        "Other Non Operating Income Expenses": NaN,
        "Special Income Charges": -524000.0,
        "Gain On Sale Of Ppe": -524000.0,
        "Earnings From Equity Interest": -871000.0,
        "Gain On Sale Of Security": NaN,
        "Net Non Operating Interest Income Expense": 1248000.0,
        "Interest Expense Non Operating": 579000.0,
        "Interest Income Non Operating": 1827000.0,
        "Operating Income": -14890000.0,
        "Operating Expense": 21928000.0,
        "Research And Development": 13389000.0,
        "Selling General And Administration": 8539000.0,
        "General And Administrative Expense": 8539000.0,
        "Other Gand A": 8539000.0,
        "Total Revenue": 7038000.0,
        "Operating Revenue": 7038000.0
    },
    "2024-03-31": {
        "Tax Effect Of Unusual Items": 3989200.0,
        "Tax Rate For Calcs": 0.4,
        "Normalized EBITDA": 616000.0,
        "Total Unusual Items": 9973000.0,
        "Total Unusual Items Excluding Goodwill": 9973000.0,
        "Net Income From Continuing Operation Net Minority Interest": 8588000.0,
        "Reconciled Depreciation": 1427000.0,
        "EBITDA": 10589000.0,
        "EBIT": 9162000.0,
        "Net Interest Income": 1089000.0,
        "Interest Expense": 574000.0,
        "Interest Income": 1663000.0,
        "Normalized Income": 2604200.0,
        "Net Income From Continuing And Discontinued Operation": 8588000.0,
        "Total Expenses": 21771000.0,
        "Total Operating Income As Reported": -4187000.0,
        "Diluted Average Shares": 5063406.0,
        "Basic Average Shares": 5060978.0,
        "Diluted EPS": 1.7,
        "Basic EPS": 1.7,
        "Diluted NI Availto Com Stockholders": 8588000.0,
        "Net Income Common Stockholders": 8588000.0,
        "Net Income": 8588000.0,
        "Net Income Including Noncontrolling Interests": 8588000.0,
        "Net Income Discontinuous Operations": 0.0,
        "Net Income Continuous Operations": 8588000.0,
        "Pretax Income": 8588000.0,
        "Other Income Expense": 11686000.0,
        "Other Non Operating Income Expenses": NaN,
        "Special Income Charges": -65000.0,
        "Gain On Sale Of Ppe": -65000.0,
        "Earnings From Equity Interest": 1713000.0,
        "Gain On Sale Of Security": 10038000.0,
        "Net Non Operating Interest Income Expense": 1089000.0,
        "Interest Expense Non Operating": 574000.0,
        "Interest Income Non Operating": 1663000.0,
        "Operating Income": -4187000.0,
        "Operating Expense": 21771000.0,
        "Research And Development": 13343000.0,
        "Selling General And Administration": 8428000.0,
        "General And Administrative Expense": 8428000.0,
        "Other Gand A": 8428000.0,
        "Total Revenue": 17584000.0,
        "Operating Revenue": 17584000.0
    }
}