{
    "2023-03-31": {
        "Tax Effect Of Unusual Items": NaN,
        "Tax Rate For Calcs": NaN,
        "Normalized EBITDA": NaN,
        "Net Income From Continuing Operation Net Minority Interest": NaN,
        "Reconciled Depreciation": NaN,
        "Reconciled Cost Of Revenue": NaN,
        "EBITDA": NaN,
        "EBIT": NaN,
        "Net Interest Income": NaN,
        "Interest Income": NaN,
        "Normalized Income": NaN,
        "Net Income From Continuing And Discontinued Operation": NaN,
        "Total Expenses": NaN,
        "Total Operating Income As Reported": NaN,
        "Diluted Average Shares": 1621642.0,
        "Basic Average Shares": 1621642.0,
        "Diluted EPS": -0.8,
        "Basic EPS": -0.8,
        "Diluted NI Availto Com Stockholders": NaN,
        "Net Income Common Stockholders": NaN,
        "Net Income": NaN,
        "Minority Interests": NaN,
        "Net Income Including Noncontrolling Interests": NaN,
        "Net Income Discontinuous Operations": NaN,
        "Net Income Continuous Operations": NaN,
        "Tax Provision": NaN,
        "Pretax Income": NaN,
        "Other Income Expense": NaN,
        "Other Non Operating Income Expenses": NaN,
        "Net Non Operating Interest Income Expense": NaN,
        "Interest Income Non Operating": NaN,
        "Operating Income": NaN,
        "Operating Expense": NaN,
        "Research And Development": NaN,
        "Selling General And Administration": NaN,
        "Selling And Marketing Expense": NaN,
        "General And Administrative Expense": NaN,
        "Other Gand A": NaN,
        "Gross Profit": NaN,
        "Cost Of Revenue": NaN,
        "Total Revenue": NaN,
        "Operating Revenue": NaN
    },
    "2022-12-31": {
        "Tax Effect Of Unusual Items": NaN,
        "Tax Rate For Calcs": NaN,
        "Normalized EBITDA": NaN,
        "Net Income From Continuing Operation Net Minority Interest": NaN,
        "Reconciled Depreciation": NaN,
        "Reconciled Cost Of Revenue": NaN,
        "EBITDA": NaN,
        "EBIT": NaN,
        "Net Interest Income": NaN,
        "Interest Income": NaN,
        "Normalized Income": NaN,
        "Net Income From Continuing And Discontinued Operation": NaN,
        "Total Expenses": NaN,
        "Total Operating Income As Reported": NaN,
        "Diluted Average Shares": 108109.0,
        "Basic Average Shares": 108109.0,
        "Diluted EPS": -12.0,
        "Basic EPS": -12.0,
        "Diluted NI Availto Com Stockholders": NaN,
        "Net Income Common Stockholders": NaN,
        "Net Income": NaN,
        "Minority Interests": NaN,
        "Net Income Including Noncontrolling Interests": NaN,
        "Net Income Discontinuous Operations": NaN,
        "Net Income Continuous Operations": NaN,
        "Tax Provision": NaN,
        "Pretax Income": NaN,
        "Other Income Expense": NaN,
        "Other Non Operating Income Expenses": NaN,
        "Net Non Operating Interest Income Expense": NaN,
        "Interest Income Non Operating": NaN,
        "Operating Income": NaN,
        "Operating Expense": NaN,
        "Research And Development": NaN,
        "Selling General And Administration": NaN,
        "Selling And Marketing Expense": NaN,
        "General And Administrative Expense": NaN,
        "Other Gand A": NaN,
        "Gross Profit": NaN,
        "Cost Of Revenue": NaN,
        "Total Revenue": NaN,
        "Operating Revenue": NaN
    },
    "2022-09-30": {
        "Tax Effect Of Unusual Items": 0.0,
        "Tax Rate For Calcs": 0.4,
        "Normalized EBITDA": -1266880.0,
        "Net Income From Continuing Operation Net Minority Interest": -1337323.0,
        "Reconciled Depreciation": 189764.0,
        "Reconciled Cost Of Revenue": 1014108.0,
        "EBITDA": -1266880.0,
        "EBIT": -1456644.0,
        "Net Interest Income": 99.0,
        "Interest Income": 99.0,
        "Normalized Income": -1337323.0,
        "Net Income From Continuing And Discontinued Operation": -1337323.0,
        "Total Expenses": 2620949.0,
        "Total Operating Income As Reported": -1456644.0,
        "Diluted Average Shares": 24324633.0,
        "Basic Average Shares": 24324633.0,
        "Diluted EPS": -0.05,
        "Basic EPS": -0.05,
        "Diluted NI Availto Com Stockholders": -1337323.0,
        "Net Income Common Stockholders": -1337323.0,
        "Net Income": -1337323.0,
        "Minority Interests": 96624.0,
        "Net Income Including Noncontrolling Interests": -1433947.0,
        "Net Income Discontinuous Operations": NaN,
        "Net Income Continuous Operations": -1433947.0,
        "Tax Provision": 8.0,
        "Pretax Income": -1433939.0,
        "Other Income Expense": 22606.0,
        "Other Non Operating Income Expenses": 22606.0,
        "Net Non Operating Interest Income Expense": 99.0,
        "Interest Income Non Operating": 99.0,
        "Operating Income": -1456644.0,
        "Operating Expense": 1606841.0,
        "Research And Development": 263332.0,
        "Selling General And Administration": 1343509.0,
        "Selling And Marketing Expense": 293064.0,
        "General And Administrative Expense": 1050445.0,
        "Other Gand A": 1050445.0,
        "Gross Profit": 150197.0,
        "Cost Of Revenue": 1014108.0,
        "Total Revenue": 1164305.0,
        "Operating Revenue": 1164305.0
    },
    "2022-06-30": {
        "Tax Effect Of Unusual Items": 0.0,
        "Tax Rate For Calcs": 0.0,
        "Normalized EBITDA": -2399056.0,
        "Net Income From Continuing Operation Net Minority Interest": -2125769.0,
        "Reconciled Depreciation": 165051.0,
        "Reconciled Cost Of Revenue": 729389.0,
        "EBITDA": -2399056.0,
        "EBIT": -2564107.0,
        "Net Interest Income": 12767.0,
        "Interest Income": 12767.0,
        "Normalized Income": -2125769.0,
        "Net Income From Continuing And Discontinued Operation": -2125769.0,
        "Total Expenses": 3350871.0,
        "Total Operating Income As Reported": -2564107.0,
        "Diluted Average Shares": 24314431.0,
        "Basic Average Shares": 24314431.0,
        "Diluted EPS": -0.09,
        "Basic EPS": -0.09,
        "Diluted NI Availto Com Stockholders": -2125769.0,
        "Net Income Common Stockholders": -2125769.0,
        "Net Income": -2125769.0,
        "Minority Interests": 363413.0,
        "Net Income Including Noncontrolling Interests": -2489182.0,
        "Net Income Continuous Operations": -2489182.0,
        "Tax Provision": 0.0,
        "Pretax Income": -2489182.0,
        "Other Income Expense": 62158.0,
        "Other Non Operating Income Expenses": 62158.0,
        "Net Non Operating Interest Income Expense": 12767.0,
        "Interest Income Non Operating": 12767.0,
        "Operating Income": -2564107.0,
        "Operating Expense": 2621482.0,
        "Research And Development": 291336.0,
        "Selling General And Administration": 2330146.0,
        "Selling And Marketing Expense": 745950.0,
        "General And Administrative Expense": 1584196.0,
        "Other Gand A": 1584196.0,
        "Gross Profit": 57375.0,
        "Cost Of Revenue": 729389.0,
        "Total Revenue": 786764.0,
        "Operating Revenue": 786764.0
    },
    "2022-03-31": {
        "Diluted EPS": -0.05,
        "Total Revenue": 7,
        "Gross Profit": 1,
        "Operating Income": -1,
        "EBIT": -1,
        "Net Income": -1
    },
    "2021-12-31": {
        "Diluted EPS": -0.07,
        "Total Revenue": 9,
        "Gross Profit": 0,
        "Operating Income": -2,
        "EBIT": -2,
        "Net Income": -2
    },
    "2021-09-30": {
        "Diluted EPS": -0.06,
        "Total Revenue": 1,
        "Gross Profit": 0,
        "Operating Income": -2,
        "EBIT": -1,
        "Net Income": -1
    },
    "2021-06-30": {
        "Diluted EPS": -0.07,
        "Total Revenue": 0,
        "Gross Profit": 0,
        "Operating Income": -2,
        "EBIT": -2,
        "Net Income": -2
    },
    "2021-03-31": {
        "Diluted EPS": -0.06,
        "Total Revenue": 0,
        "Gross Profit": 0,
        "Operating Income": -1,
        "EBIT": -1,
        "Net Income": -1
    },
    "2020-12-31": {
        "Diluted EPS": -0.05,
        "Total Revenue": 0,
        "Gross Profit": 0,
        "Operating Income": -1,
        "EBIT": -1,
        "Net Income": -1
    },
    "2020-09-30": {
        "Diluted EPS": -0.04,
        "Total Revenue": 0,
        "Gross Profit": 0,
        "Operating Income": -1,
        "EBIT": -1,
        "Net Income": -1
    },
    "2020-06-30": {
        "Diluted EPS": 0.02,
        "Total Revenue": NaN,
        "Gross Profit": 0,
        "Operating Income": -1,
        "EBIT": -1,
        "Net Income": 0
    },
    "2020-03-31": {
        "Diluted EPS": -0.03,
        "Total Revenue": NaN,
        "Gross Profit": NaN,
        "Operating Income": -1,
        "EBIT": -1,
        "Net Income": -1
    },
    "2019-12-31": {
        "Diluted EPS": -0.05,
        "Total Revenue": NaN,
        "Gross Profit": 0,
        "Operating Income": -1,
        "EBIT": -1,
        "Net Income": -1
    },
    "2019-09-30": {
        "Diluted EPS": -0.03,
        "Total Revenue": NaN,
        "Gross Profit": NaN,
        "Operating Income": -1,
        "EBIT": -1,
        "Net Income": -1
    },
    "2019-06-30": {
        "Diluted EPS": 0.0,
        "Total Revenue": NaN,
        "Gross Profit": NaN,
        "Operating Income": 0,
        "EBIT": 0,
        "Net Income": 0
    },
    "2019-03-31": {
        "Diluted EPS": -0.03,
        "Total Revenue": NaN,
        "Gross Profit": NaN,
        "Operating Income": -1,
        "EBIT": -1,
        "Net Income": -1
    },
    "2018-12-31": {
        "Diluted EPS": -0.02,
        "Total Revenue": NaN,
        "Gross Profit": NaN,
        "Operating Income": 0,
        "EBIT": 0,
        "Net Income": 0
    },
    "2018-09-30": {
        "Diluted EPS": -0.02,
        "Total Revenue": NaN,
        "Gross Profit": 0,
        "Operating Income": 0,
        "EBIT": 0,
        "Net Income": 0
    },
    "2018-06-30": {
        "Diluted EPS": -0.02,
        "Total Revenue": NaN,
        "Gross Profit": 0,
        "Operating Income": 0,
        "EBIT": 0,
        "Net Income": 0
    },
    "2018-03-31": {
        "Diluted EPS": -0.02,
        "Total Revenue": 0,
        "Gross Profit": 0,
        "Operating Income": 0,
        "EBIT": 0,
        "Net Income": 0
    },
    "2017-12-31": {
        "Diluted EPS": -0.02,
        "Total Revenue": NaN,
        "Gross Profit": NaN,
        "Operating Income": 0,
        "EBIT": 0,
        "Net Income": 0
    },
    "2017-09-30": {
        "Diluted EPS": -0.01,
        "Total Revenue": 0,
        "Gross Profit": 0,
        "Operating Income": 0,
        "EBIT": 0,
        "Net Income": 0
    },
    "2017-06-30": {
        "Diluted EPS": 0.0,
        "Total Revenue": NaN,
        "Gross Profit": NaN,
        "Operating Income": NaN,
        "EBIT": NaN,
        "Net Income": NaN
    },
    "2023-06-30": {
        "Tax Effect Of Unusual Items": 0.0,
        "Tax Rate For Calcs": 1e-06,
        "Normalized EBITDA": -5378015.0,
        "Net Income From Continuing Operation Net Minority Interest": -5556220.0,
        "Reconciled Depreciation": 169158.0,
        "Reconciled Cost Of Revenue": 3627743.0,
        "EBITDA": -5378015.0,
        "EBIT": -5547173.0,
        "Net Interest Income": 38.0,
        "Interest Income": 38.0,
        "Normalized Income": -5556220.0,
        "Net Income From Continuing And Discontinued Operation": -5556220.0,
        "Total Expenses": 9214792.0,
        "Total Operating Income As Reported": -5547173.0,
        "Diluted Average Shares": NaN,
        "Basic Average Shares": NaN,
        "Diluted EPS": NaN,
        "Basic EPS": NaN,
        "Diluted NI Availto Com Stockholders": -5556220.0,
        "Net Income Common Stockholders": -5556220.0,
        "Net Income": -5556220.0,
        "Minority Interests": -302.0,
        "Net Income Including Noncontrolling Interests": -5555918.0,
        "Net Income Discontinuous Operations": NaN,
        "Net Income Continuous Operations": -5555918.0,
        "Tax Provision": -8.0,
        "Pretax Income": -5555926.0,
        "Other Income Expense": -8791.0,
        "Other Non Operating Income Expenses": -8791.0,
        "Net Non Operating Interest Income Expense": 38.0,
        "Interest Income Non Operating": 38.0,
        "Operating Income": -5547173.0,
        "Operating Expense": 5587049.0,
        "Research And Development": 202430.0,
        "Selling General And Administration": 5384619.0,
        "Selling And Marketing Expense": 138362.0,
        "General And Administrative Expense": 5246257.0,
        "Other Gand A": 5246257.0,
        "Gross Profit": 39876.0,
        "Cost Of Revenue": 3627743.0,
        "Total Revenue": 3667619.0,
        "Operating Revenue": 3667619.0
    },
    "2023-09-30": {
        "Tax Effect Of Unusual Items": 0.0,
        "Tax Rate For Calcs": 0.0,
        "Normalized EBITDA": -719903.0,
        "Net Income From Continuing Operation Net Minority Interest": -855602.0,
        "Reconciled Depreciation": 137873.0,
        "Reconciled Cost Of Revenue": 6806008.0,
        "EBITDA": -719903.0,
        "EBIT": -857776.0,
        "Net Interest Income": 106.0,
        "Interest Income": 106.0,
        "Normalized Income": -855602.0,
        "Net Income From Continuing And Discontinued Operation": -22056.0,
        "Total Expenses": 7738519.0,
        "Total Operating Income As Reported": -857776.0,
        "Diluted Average Shares": 1963066.0,
        "Basic Average Shares": 1963066.0,
        "Diluted EPS": -0.01,
        "Basic EPS": -0.01,
        "Diluted NI Availto Com Stockholders": -22056.0,
        "Net Income Common Stockholders": -22056.0,
        "Net Income": -22056.0,
        "Minority Interests": 9932.0,
        "Net Income Including Noncontrolling Interests": -31988.0,
        "Net Income Discontinuous Operations": 833546.0,
        "Net Income Continuous Operations": -865534.0,
        "Tax Provision": 0.0,
        "Pretax Income": -865534.0,
        "Other Income Expense": -7864.0,
        "Other Non Operating Income Expenses": -7864.0,
        "Net Non Operating Interest Income Expense": 106.0,
        "Interest Income Non Operating": 106.0,
        "Operating Income": -857776.0,
        "Operating Expense": 932511.0,
        "Research And Development": 155004.0,
        "Selling General And Administration": 777507.0,
        "Selling And Marketing Expense": 84447.0,
        "General And Administrative Expense": 693060.0,
        "Other Gand A": 693060.0,
        "Gross Profit": 74735.0,
        "Cost Of Revenue": 6806008.0,
        "Total Revenue": 6880743.0,
        "Operating Revenue": 6880743.0
    },
    "2023-12-31": {
        "Tax Effect Of Unusual Items": 0.0,
        "Tax Rate For Calcs": 0.0,
        "Normalized EBITDA": -1650293.0,
        "Net Income From Continuing Operation Net Minority Interest": -1833039.0,
        "Reconciled Depreciation": 138243.0,
        "Reconciled Cost Of Revenue": 11246234.0,
        "EBITDA": -1650293.0,
        "EBIT": -1788536.0,
        "Net Interest Income": 1623.0,
        "Interest Income": 1623.0,
        "Normalized Income": -1833039.0,
        "Net Income From Continuing And Discontinued Operation": -1833039.0,
        "Total Expenses": 13137005.0,
        "Total Operating Income As Reported": -1788536.0,
        "Diluted Average Shares": 169219.0,
        "Basic Average Shares": 169219.0,
        "Diluted EPS": -10.8,
        "Basic EPS": -10.8,
        "Diluted NI Availto Com Stockholders": -1833039.0,
        "Net Income Common Stockholders": -1833039.0,
        "Net Income": -1833039.0,
        "Minority Interests": 61.0,
        "Net Income Including Noncontrolling Interests": -1833100.0,
        "Net Income Discontinuous Operations": 0.0,
        "Net Income Continuous Operations": -1833100.0,
        "Tax Provision": 0.0,
        "Pretax Income": -1833100.0,
        "Other Income Expense": -46187.0,
        "Other Non Operating Income Expenses": -46187.0,
        "Net Non Operating Interest Income Expense": 1623.0,
        "Interest Income Non Operating": 1623.0,
        "Operating Income": -1788536.0,
        "Operating Expense": 1890771.0,
        "Research And Development": 117371.0,
        "Selling General And Administration": 1773400.0,
        "Selling And Marketing Expense": 1149944.0,
        "General And Administrative Expense": 623456.0,
        "Other Gand A": 623456.0,
        "Gross Profit": 102235.0,
        "Cost Of Revenue": 11246234.0,
        "Total Revenue": 11348469.0,
        "Operating Revenue": 11348469.0
    },
    "2024-03-31": {
        "Tax Effect Of Unusual Items": 0.0,
        "Tax Rate For Calcs": 0.0,
        "Normalized EBITDA": -3971474.0,
        "Net Income From Continuing Operation Net Minority Interest": -4141720.0,
        "Reconciled Depreciation": 136217.0,
        "Reconciled Cost Of Revenue": 1373130.0,
        "EBITDA": -3971474.0,
        "EBIT": -4107691.0,
        "Net Interest Income": 217.0,
        "Interest Income": 217.0,
        "Normalized Income": -4141720.0,
        "Net Income From Continuing And Discontinued Operation": -4141720.0,
        "Total Expenses": 5490692.0,
        "Total Operating Income As Reported": -4107691.0,
        "Diluted Average Shares": 2666438.0,
        "Basic Average Shares": 2666438.0,
        "Diluted EPS": -1.55,
        "Basic EPS": -1.55,
        "Diluted NI Availto Com Stockholders": -4141720.0,
        "Net Income Common Stockholders": -4141720.0,
        "Net Income": -4141720.0,
        "Minority Interests": 105.0,
        "Net Income Including Noncontrolling Interests": -4141825.0,
        "Net Income Discontinuous Operations": 0.0,
        "Net Income Continuous Operations": -4141825.0,
        "Tax Provision": 0.0,
        "Pretax Income": -4141825.0,
        "Other Income Expense": -34351.0,
        "Other Non Operating Income Expenses": -34351.0,
        "Net Non Operating Interest Income Expense": 217.0,
        "Interest Income Non Operating": 217.0,
        "Operating Income": -4107691.0,
        "Operating Expense": 4117562.0,
        "Research And Development": 71178.0,
        "Selling General And Administration": 4046384.0,
        "Selling And Marketing Expense": 970443.0,
        "General And Administrative Expense": 3075941.0,
        "Other Gand A": 3075941.0,
        "Gross Profit": 9871.0,
        "Cost Of Revenue": 1373130.0,
        "Total Revenue": 1383001.0,
        "Operating Revenue": 1383001.0
    },
    "2024-06-30": {
        "Tax Effect Of Unusual Items": 0.0,
        "Tax Rate For Calcs": 0.0,
        "Normalized EBITDA": -5289237.0,
        "Net Income From Continuing Operation Net Minority Interest": -5380249.0,
        "Reconciled Depreciation": 82147.0,
        "Reconciled Cost Of Revenue": 4076390.0,
        "EBITDA": -5289237.0,
        "EBIT": -5371384.0,
        "Net Interest Income": 29.0,
        "Interest Income": 29.0,
        "Normalized Income": -5380249.0,
        "Net Income From Continuing And Discontinued Operation": -5380249.0,
        "Total Expenses": 9735038.0,
        "Total Operating Income As Reported": -5371384.0,
        "Diluted Average Shares": NaN,
        "Basic Average Shares": NaN,
        "Diluted EPS": NaN,
        "Basic EPS": NaN,
        "Diluted NI Availto Com Stockholders": -5380249.0,
        "Net Income Common Stockholders": -5380249.0,
        "Net Income": -5380249.0,
        "Minority Interests": 597.0,
        "Net Income Including Noncontrolling Interests": -5380846.0,
        "Net Income Discontinuous Operations": 0.0,
        "Net Income Continuous Operations": -5380846.0,
        "Tax Provision": 0.0,
        "Pretax Income": -5380846.0,
        "Other Income Expense": -9491.0,
        "Other Non Operating Income Expenses": -9491.0,
        "Net Non Operating Interest Income Expense": 29.0,
        "Interest Income Non Operating": 29.0,
        "Operating Income": -5371384.0,
        "Operating Expense": 5658648.0,
        "Research And Development": 15789.0,
        "Selling General And Administration": 5642859.0,
        "Selling And Marketing Expense": 1074793.0,
        "General And Administrative Expense": 4568066.0,
        "Other Gand A": 4568066.0,
        "Gross Profit": 287264.0,
        "Cost Of Revenue": 4076390.0,
        "Total Revenue": 4363654.0,
        "Operating Revenue": 4363654.0
    },
    "2024-09-30": {
        "Tax Effect Of Unusual Items": 0.0,
        "Tax Rate For Calcs": 0.0,
        "Normalized EBITDA": -1944915.0,
        "Net Income From Continuing Operation Net Minority Interest": -1961989.0,
        "Reconciled Depreciation": 85635.0,
        "Reconciled Cost Of Revenue": 20884113.0,
        "EBITDA": -1944915.0,
        "EBIT": -2030550.0,
        "Net Interest Income": 4055.0,
        "Interest Income": 4055.0,
        "Normalized Income": -1961989.0,
        "Net Income From Continuing And Discontinued Operation": -1961989.0,
        "Total Expenses": 23111644.0,
        "Total Operating Income As Reported": -2030550.0,
        "Diluted Average Shares": 4041052.0,
        "Basic Average Shares": 4041052.0,
        "Diluted EPS": -0.49,
        "Basic EPS": -0.49,
        "Diluted NI Availto Com Stockholders": -1961989.0,
        "Net Income Common Stockholders": -1961989.0,
        "Net Income": -1961989.0,
        "Minority Interests": 8680.0,
        "Net Income Including Noncontrolling Interests": -1970669.0,
        "Net Income Discontinuous Operations": 0.0,
        "Net Income Continuous Operations": -1970669.0,
        "Tax Provision": 0.0,
        "Pretax Income": -1970669.0,
        "Other Income Expense": 55826.0,
        "Other Non Operating Income Expenses": 55826.0,
        "Net Non Operating Interest Income Expense": 4055.0,
        "Interest Income Non Operating": 4055.0,
        "Operating Income": -2030550.0,
        "Operating Expense": 2227531.0,
        "Research And Development": 103079.0,
        "Selling General And Administration": 2124452.0,
        "Selling And Marketing Expense": 996049.0,
        "General And Administrative Expense": 1128403.0,
        "Other Gand A": 1128403.0,
        "Gross Profit": 196981.0,
        "Cost Of Revenue": 20884113.0,
        "Total Revenue": 21081094.0,
        "Operating Revenue": 21081094.0
    }
}