{
    "2023-06-30": {
        "Tax Effect Of Unusual Items": NaN,
        "Tax Rate For Calcs": NaN,
        "Normalized EBITDA": NaN,
        "Total Unusual Items": -209000.0,
        "Total Unusual Items Excluding Goodwill": -209000.0,
        "Net Income From Continuing Operation Net Minority Interest": NaN,
        "Reconciled Depreciation": NaN,
        "Reconciled Cost Of Revenue": NaN,
        "EBITDA": NaN,
        "EBIT": NaN,
        "Net Interest Income": NaN,
        "Interest Expense": NaN,
        "Interest Income": 2686000.0,
        "Normalized Income": NaN,
        "Net Income From Continuing And Discontinued Operation": NaN,
        "Total Expenses": NaN,
        "Total Operating Income As Reported": NaN,
        "Diluted Average Shares": 172488000.0,
        "Basic Average Shares": 166540000.0,
        "Diluted EPS": 0.07,
        "Basic EPS": 0.08,
        "Diluted NI Availto Com Stockholders": NaN,
        "Net Income Common Stockholders": NaN,
        "Net Income": NaN,
        "Net Income Including Noncontrolling Interests": NaN,
        "Net Income Continuous Operations": NaN,
        "Tax Provision": NaN,
        "Pretax Income": NaN,
        "Other Income Expense": NaN,
        "Other Non Operating Income Expenses": NaN,
        "Gain On Sale Of Security": -209000.0,
        "Net Non Operating Interest Income Expense": NaN,
        "Interest Expense Non Operating": NaN,
        "Interest Income Non Operating": 2686000.0,
        "Operating Income": NaN,
        "Operating Expense": NaN,
        "Depreciation Amortization Depletion Income Statement": NaN,
        "Depreciation And Amortization In Income Statement": NaN,
        "Research And Development": NaN,
        "Selling General And Administration": NaN,
        "Selling And Marketing Expense": NaN,
        "General And Administrative Expense": NaN,
        "Other Gand A": NaN,
        "Gross Profit": NaN,
        "Cost Of Revenue": NaN,
        "Total Revenue": NaN,
        "Operating Revenue": NaN
    },
    "2023-03-31": {
        "Tax Effect Of Unusual Items": NaN,
        "Tax Rate For Calcs": NaN,
        "Normalized EBITDA": NaN,
        "Total Unusual Items": -20000.0,
        "Total Unusual Items Excluding Goodwill": -20000.0,
        "Net Income From Continuing Operation Net Minority Interest": NaN,
        "Reconciled Depreciation": NaN,
        "Reconciled Cost Of Revenue": NaN,
        "EBITDA": NaN,
        "EBIT": NaN,
        "Net Interest Income": NaN,
        "Interest Expense": NaN,
        "Interest Income": 2756000.0,
        "Normalized Income": NaN,
        "Net Income From Continuing And Discontinued Operation": NaN,
        "Total Expenses": NaN,
        "Total Operating Income As Reported": NaN,
        "Diluted Average Shares": 171657000.0,
        "Basic Average Shares": 165631000.0,
        "Diluted EPS": 0.07,
        "Basic EPS": 0.07,
        "Diluted NI Availto Com Stockholders": NaN,
        "Net Income Common Stockholders": NaN,
        "Net Income": NaN,
        "Net Income Including Noncontrolling Interests": NaN,
        "Net Income Continuous Operations": NaN,
        "Tax Provision": NaN,
        "Pretax Income": NaN,
        "Other Income Expense": NaN,
        "Other Non Operating Income Expenses": NaN,
        "Gain On Sale Of Security": -20000.0,
        "Net Non Operating Interest Income Expense": NaN,
        "Interest Expense Non Operating": NaN,
        "Interest Income Non Operating": 2756000.0,
        "Operating Income": NaN,
        "Operating Expense": NaN,
        "Depreciation Amortization Depletion Income Statement": NaN,
        "Depreciation And Amortization In Income Statement": NaN,
        "Research And Development": NaN,
        "Selling General And Administration": NaN,
        "Selling And Marketing Expense": NaN,
        "General And Administrative Expense": NaN,
        "Other Gand A": NaN,
        "Gross Profit": NaN,
        "Cost Of Revenue": NaN,
        "Total Revenue": NaN,
        "Operating Revenue": NaN
    },
    "2022-12-31": {
        "Tax Effect Of Unusual Items": 0.0,
        "Tax Rate For Calcs": 0.398675,
        "Normalized EBITDA": 39153000.0,
        "Net Income From Continuing Operation Net Minority Interest": 18068000.0,
        "Reconciled Depreciation": 8882000.0,
        "Reconciled Cost Of Revenue": 22830000.0,
        "EBITDA": 39153000.0,
        "EBIT": 30271000.0,
        "Net Interest Income": -224000.0,
        "Interest Expense": 224000.0,
        "Normalized Income": 18068000.0,
        "Net Income From Continuing And Discontinued Operation": 18068000.0,
        "Total Expenses": 105036000.0,
        "Total Operating Income As Reported": 28600000.0,
        "Diluted Average Shares": NaN,
        "Basic Average Shares": NaN,
        "Diluted EPS": NaN,
        "Basic EPS": NaN,
        "Diluted NI Availto Com Stockholders": 18068000.0,
        "Net Income Common Stockholders": 18068000.0,
        "Net Income": 18068000.0,
        "Net Income Including Noncontrolling Interests": 18068000.0,
        "Net Income Continuous Operations": 18068000.0,
        "Tax Provision": 11979000.0,
        "Pretax Income": 30047000.0,
        "Other Income Expense": 1671000.0,
        "Other Non Operating Income Expenses": 1671000.0,
        "Net Non Operating Interest Income Expense": -224000.0,
        "Interest Expense Non Operating": 224000.0,
        "Operating Income": 28600000.0,
        "Operating Expense": 82206000.0,
        "Depreciation Amortization Depletion Income Statement": 8882000.0,
        "Depreciation And Amortization In Income Statement": 8882000.0,
        "Research And Development": 26376000.0,
        "Selling General And Administration": 46948000.0,
        "Selling And Marketing Expense": 28881000.0,
        "General And Administrative Expense": 18067000.0,
        "Other Gand A": 18067000.0,
        "Gross Profit": 110806000.0,
        "Cost Of Revenue": 22830000.0,
        "Total Revenue": 133636000.0,
        "Operating Revenue": 133636000.0
    },
    "2022-09-30": {
        "Tax Effect Of Unusual Items": NaN,
        "Tax Rate For Calcs": NaN,
        "Normalized EBITDA": NaN,
        "Total Unusual Items": NaN,
        "Total Unusual Items Excluding Goodwill": NaN,
        "Net Income From Continuing Operation Net Minority Interest": NaN,
        "Reconciled Depreciation": NaN,
        "Reconciled Cost Of Revenue": NaN,
        "EBITDA": NaN,
        "EBIT": NaN,
        "Net Interest Income": NaN,
        "Interest Expense": NaN,
        "Interest Income": NaN,
        "Normalized Income": NaN,
        "Net Income From Continuing And Discontinued Operation": NaN,
        "Total Expenses": NaN,
        "Total Operating Income As Reported": NaN,
        "Diluted Average Shares": 170876000.0,
        "Basic Average Shares": 164297000.0,
        "Diluted EPS": 0.06,
        "Basic EPS": 0.06,
        "Diluted NI Availto Com Stockholders": NaN,
        "Net Income Common Stockholders": NaN,
        "Net Income": NaN,
        "Net Income Including Noncontrolling Interests": NaN,
        "Net Income Continuous Operations": NaN,
        "Tax Provision": NaN,
        "Pretax Income": NaN,
        "Other Income Expense": NaN,
        "Other Non Operating Income Expenses": NaN,
        "Gain On Sale Of Security": NaN,
        "Net Non Operating Interest Income Expense": NaN,
        "Interest Expense Non Operating": NaN,
        "Interest Income Non Operating": NaN,
        "Operating Income": NaN,
        "Operating Expense": NaN,
        "Depreciation Amortization Depletion Income Statement": NaN,
        "Depreciation And Amortization In Income Statement": NaN,
        "Research And Development": NaN,
        "Selling General And Administration": NaN,
        "Selling And Marketing Expense": NaN,
        "General And Administrative Expense": NaN,
        "Other Gand A": NaN,
        "Gross Profit": NaN,
        "Cost Of Revenue": NaN,
        "Total Revenue": NaN,
        "Operating Revenue": NaN
    },
    "2022-06-30": {
        "Tax Effect Of Unusual Items": 0.0,
        "Tax Rate For Calcs": 0.196,
        "Normalized EBITDA": 21340000.0,
        "Net Income From Continuing Operation Net Minority Interest": 10290000.0,
        "Reconciled Depreciation": 8317000.0,
        "Reconciled Cost Of Revenue": 18836000.0,
        "EBITDA": 21340000.0,
        "EBIT": 13023000.0,
        "Net Interest Income": -223000.0,
        "Interest Expense": 223000.0,
        "Normalized Income": 10290000.0,
        "Net Income From Continuing And Discontinued Operation": 10290000.0,
        "Total Expenses": 96637000.0,
        "Total Operating Income As Reported": 13168000.0,
        "Diluted Average Shares": 170223000.0,
        "Basic Average Shares": 163610000.0,
        "Diluted EPS": 0.06,
        "Basic EPS": 0.06,
        "Diluted NI Availto Com Stockholders": 10290000.0,
        "Net Income Common Stockholders": 10290000.0,
        "Net Income": 10290000.0,
        "Net Income Including Noncontrolling Interests": 10290000.0,
        "Net Income Continuous Operations": 10290000.0,
        "Tax Provision": 2510000.0,
        "Pretax Income": 12800000.0,
        "Other Income Expense": -145000.0,
        "Other Non Operating Income Expenses": -145000.0,
        "Net Non Operating Interest Income Expense": -223000.0,
        "Interest Expense Non Operating": 223000.0,
        "Operating Income": 13168000.0,
        "Operating Expense": 77801000.0,
        "Depreciation Amortization Depletion Income Statement": 8317000.0,
        "Depreciation And Amortization In Income Statement": 8317000.0,
        "Research And Development": 23222000.0,
        "Selling General And Administration": 46262000.0,
        "Selling And Marketing Expense": 24733000.0,
        "General And Administrative Expense": 21529000.0,
        "Other Gand A": 21529000.0,
        "Gross Profit": 90969000.0,
        "Cost Of Revenue": 18836000.0,
        "Total Revenue": 109805000.0,
        "Operating Revenue": 109805000.0
    },
    "2023-09-30": {
        "Tax Effect Of Unusual Items": -303690.0,
        "Tax Rate For Calcs": 0.318,
        "Normalized EBITDA": 31530000.0,
        "Total Unusual Items": -955000.0,
        "Total Unusual Items Excluding Goodwill": -955000.0,
        "Net Income From Continuing Operation Net Minority Interest": 13347000.0,
        "Reconciled Depreciation": 10706000.0,
        "Reconciled Cost Of Revenue": 26466000.0,
        "EBITDA": 30575000.0,
        "EBIT": 19869000.0,
        "Net Interest Income": 2296000.0,
        "Interest Expense": 288000.0,
        "Interest Income": 2584000.0,
        "Normalized Income": 13998310.0,
        "Net Income From Continuing And Discontinued Operation": 13347000.0,
        "Total Expenses": 125738000.0,
        "Total Operating Income As Reported": 18236000.0,
        "Diluted Average Shares": 173980000.0,
        "Basic Average Shares": 168606000.0,
        "Diluted EPS": 0.08,
        "Basic EPS": 0.08,
        "Diluted NI Availto Com Stockholders": 13347000.0,
        "Net Income Common Stockholders": 13347000.0,
        "Net Income": 13347000.0,
        "Net Income Including Noncontrolling Interests": 13347000.0,
        "Net Income Continuous Operations": 13347000.0,
        "Tax Provision": 6234000.0,
        "Pretax Income": 19581000.0,
        "Other Income Expense": -951000.0,
        "Other Non Operating Income Expenses": 4000.0,
        "Gain On Sale Of Security": -955000.0,
        "Net Non Operating Interest Income Expense": 2296000.0,
        "Interest Expense Non Operating": 288000.0,
        "Interest Income Non Operating": 2584000.0,
        "Operating Income": 18236000.0,
        "Operating Expense": 99272000.0,
        "Depreciation Amortization Depletion Income Statement": 10706000.0,
        "Depreciation And Amortization In Income Statement": 10706000.0,
        "Research And Development": 32315000.0,
        "Selling General And Administration": 56251000.0,
        "Selling And Marketing Expense": 32971000.0,
        "General And Administrative Expense": 23280000.0,
        "Other Gand A": 23280000.0,
        "Gross Profit": 117508000.0,
        "Cost Of Revenue": 26466000.0,
        "Total Revenue": 143974000.0,
        "Operating Revenue": 143974000.0
    },
    "2023-12-31": {
        "Tax Effect Of Unusual Items": 0.0,
        "Tax Rate For Calcs": 0.206895,
        "Normalized EBITDA": 53536000.0,
        "Total Unusual Items": NaN,
        "Total Unusual Items Excluding Goodwill": NaN,
        "Net Income From Continuing Operation Net Minority Interest": 33105000.0,
        "Reconciled Depreciation": 11520000.0,
        "Reconciled Cost Of Revenue": 30022000.0,
        "EBITDA": 53536000.0,
        "EBIT": 42016000.0,
        "Net Interest Income": -275000.0,
        "Interest Expense": 275000.0,
        "Interest Income": NaN,
        "Normalized Income": 33105000.0,
        "Net Income From Continuing And Discontinued Operation": 33105000.0,
        "Total Expenses": 134588000.0,
        "Total Operating Income As Reported": 37643000.0,
        "Diluted Average Shares": NaN,
        "Basic Average Shares": NaN,
        "Diluted EPS": NaN,
        "Basic EPS": NaN,
        "Diluted NI Availto Com Stockholders": 33105000.0,
        "Net Income Common Stockholders": 33105000.0,
        "Net Income": 33105000.0,
        "Net Income Including Noncontrolling Interests": 33105000.0,
        "Net Income Continuous Operations": 33105000.0,
        "Tax Provision": 8636000.0,
        "Pretax Income": 41741000.0,
        "Other Income Expense": 4373000.0,
        "Other Non Operating Income Expenses": 4373000.0,
        "Gain On Sale Of Security": NaN,
        "Net Non Operating Interest Income Expense": -275000.0,
        "Interest Expense Non Operating": 275000.0,
        "Interest Income Non Operating": NaN,
        "Operating Income": 37643000.0,
        "Operating Expense": 104566000.0,
        "Depreciation Amortization Depletion Income Statement": 11520000.0,
        "Depreciation And Amortization In Income Statement": 11520000.0,
        "Research And Development": 32565000.0,
        "Selling General And Administration": 60481000.0,
        "Selling And Marketing Expense": 35733000.0,
        "General And Administrative Expense": 24748000.0,
        "Other Gand A": 24748000.0,
        "Gross Profit": 142209000.0,
        "Cost Of Revenue": 30022000.0,
        "Total Revenue": 172231000.0,
        "Operating Revenue": 172231000.0
    },
    "2024-03-31": {
        "Tax Effect Of Unusual Items": -194622.0,
        "Tax Rate For Calcs": 0.199,
        "Normalized EBITDA": 21073000.0,
        "Total Unusual Items": -978000.0,
        "Total Unusual Items Excluding Goodwill": -978000.0,
        "Net Income From Continuing Operation Net Minority Interest": 7156000.0,
        "Reconciled Depreciation": 10928000.0,
        "Reconciled Cost Of Revenue": 26618000.0,
        "EBITDA": 20095000.0,
        "EBIT": 9167000.0,
        "Net Interest Income": 3047000.0,
        "Interest Expense": 232000.0,
        "Interest Income": 3279000.0,
        "Normalized Income": 7939378.0,
        "Net Income From Continuing And Discontinued Operation": 7156000.0,
        "Total Expenses": 133887000.0,
        "Total Operating Income As Reported": 6895000.0,
        "Diluted Average Shares": 176124000.0,
        "Basic Average Shares": 171306000.0,
        "Diluted EPS": 0.04,
        "Basic EPS": 0.04,
        "Diluted NI Availto Com Stockholders": 7156000.0,
        "Net Income Common Stockholders": 7156000.0,
        "Net Income": 7156000.0,
        "Net Income Including Noncontrolling Interests": 7156000.0,
        "Net Income Continuous Operations": 7156000.0,
        "Tax Provision": 1779000.0,
        "Pretax Income": 8935000.0,
        "Other Income Expense": -1007000.0,
        "Other Non Operating Income Expenses": -29000.0,
        "Gain On Sale Of Security": -978000.0,
        "Net Non Operating Interest Income Expense": 3047000.0,
        "Interest Expense Non Operating": 232000.0,
        "Interest Income Non Operating": 3279000.0,
        "Operating Income": 6895000.0,
        "Operating Expense": 107269000.0,
        "Depreciation Amortization Depletion Income Statement": 10928000.0,
        "Depreciation And Amortization In Income Statement": 10928000.0,
        "Research And Development": 36394000.0,
        "Selling General And Administration": 59947000.0,
        "Selling And Marketing Expense": 37872000.0,
        "General And Administrative Expense": 22075000.0,
        "Other Gand A": 22075000.0,
        "Gross Profit": 114164000.0,
        "Cost Of Revenue": 26618000.0,
        "Total Revenue": 140782000.0,
        "Operating Revenue": 140782000.0
    },
    "2024-06-30": {
        "Tax Effect Of Unusual Items": -260190.0,
        "Tax Rate For Calcs": 0.21,
        "Normalized EBITDA": 25356000.0,
        "Total Unusual Items": -1239000.0,
        "Total Unusual Items Excluding Goodwill": -1239000.0,
        "Net Income From Continuing Operation Net Minority Interest": 7474000.0,
        "Reconciled Depreciation": 11004000.0,
        "Reconciled Cost Of Revenue": 26102000.0,
        "EBITDA": 24117000.0,
        "EBIT": 13113000.0,
        "Net Interest Income": 3078000.0,
        "Interest Expense": 233000.0,
        "Interest Income": 3311000.0,
        "Normalized Income": 8452810.0,
        "Net Income From Continuing And Discontinued Operation": 7474000.0,
        "Total Expenses": 144841000.0,
        "Total Operating Income As Reported": 11049000.0,
        "Diluted Average Shares": 175961000.0,
        "Basic Average Shares": 171628000.0,
        "Diluted EPS": 0.04,
        "Basic EPS": 0.04,
        "Diluted NI Availto Com Stockholders": 7474000.0,
        "Net Income Common Stockholders": 7474000.0,
        "Net Income": 7474000.0,
        "Net Income Including Noncontrolling Interests": 7474000.0,
        "Net Income Continuous Operations": 7474000.0,
        "Tax Provision": 5406000.0,
        "Pretax Income": 12880000.0,
        "Other Income Expense": -1247000.0,
        "Other Non Operating Income Expenses": -8000.0,
        "Gain On Sale Of Security": -1239000.0,
        "Net Non Operating Interest Income Expense": 3078000.0,
        "Interest Expense Non Operating": 233000.0,
        "Interest Income Non Operating": 3311000.0,
        "Operating Income": 11049000.0,
        "Operating Expense": 118739000.0,
        "Depreciation Amortization Depletion Income Statement": 11004000.0,
        "Depreciation And Amortization In Income Statement": 11004000.0,
        "Research And Development": 39806000.0,
        "Selling General And Administration": 67929000.0,
        "Selling And Marketing Expense": 44863000.0,
        "General And Administrative Expense": 23066000.0,
        "Other Gand A": 23066000.0,
        "Gross Profit": 129788000.0,
        "Cost Of Revenue": 26102000.0,
        "Total Revenue": 155890000.0,
        "Operating Revenue": 155890000.0
    },
    "2024-09-30": {
        "Tax Effect Of Unusual Items": 343805.0,
        "Tax Rate For Calcs": 0.385,
        "Normalized EBITDA": 40539000.0,
        "Total Unusual Items": 893000.0,
        "Total Unusual Items Excluding Goodwill": 893000.0,
        "Net Income From Continuing Operation Net Minority Interest": 18201000.0,
        "Reconciled Depreciation": 11483000.0,
        "Reconciled Cost Of Revenue": 29479000.0,
        "EBITDA": 41432000.0,
        "EBIT": 29949000.0,
        "Net Interest Income": 2879000.0,
        "Interest Expense": 353000.0,
        "Interest Income": 3232000.0,
        "Normalized Income": 17651805.0,
        "Net Income From Continuing And Discontinued Operation": 18201000.0,
        "Total Expenses": 143832000.0,
        "Total Operating Income As Reported": 25724000.0,
        "Diluted Average Shares": 173911000.0,
        "Basic Average Shares": 170254000.0,
        "Diluted EPS": 0.1,
        "Basic EPS": 0.11,
        "Diluted NI Availto Com Stockholders": 18201000.0,
        "Net Income Common Stockholders": 18201000.0,
        "Net Income": 18201000.0,
        "Net Income Including Noncontrolling Interests": 18201000.0,
        "Net Income Continuous Operations": 18201000.0,
        "Tax Provision": 11395000.0,
        "Pretax Income": 29596000.0,
        "Other Income Expense": 993000.0,
        "Other Non Operating Income Expenses": 100000.0,
        "Gain On Sale Of Security": 893000.0,
        "Net Non Operating Interest Income Expense": 2879000.0,
        "Interest Expense Non Operating": 353000.0,
        "Interest Income Non Operating": 3232000.0,
        "Operating Income": 25724000.0,
        "Operating Expense": 114353000.0,
        "Depreciation Amortization Depletion Income Statement": 11483000.0,
        "Depreciation And Amortization In Income Statement": 11483000.0,
        "Research And Development": 39306000.0,
        "Selling General And Administration": 63564000.0,
        "Selling And Marketing Expense": 40525000.0,
        "General And Administrative Expense": 23039000.0,
        "Other Gand A": 23039000.0,
        "Gross Profit": 140077000.0,
        "Cost Of Revenue": 29479000.0,
        "Total Revenue": 169556000.0,
        "Operating Revenue": 169556000.0
    }
}