{
    "2023-03-31": {
        "Tax Effect Of Unusual Items": 0.0,
        "Tax Rate For Calcs": 0.205,
        "Normalized EBITDA": 493468000.0,
        "Total Unusual Items": NaN,
        "Total Unusual Items Excluding Goodwill": NaN,
        "Net Income From Continuing Operation Net Minority Interest": 115547000.0,
        "Reconciled Depreciation": 178071000.0,
        "Reconciled Cost Of Revenue": 2058189000.0,
        "EBITDA": 493468000.0,
        "EBIT": 315397000.0,
        "Net Interest Income": -100774000.0,
        "Interest Expense": 100774000.0,
        "Normalized Income": 115547000.0,
        "Net Income From Continuing And Discontinued Operation": 115547000.0,
        "Total Expenses": 2567874000.0,
        "Total Operating Income As Reported": 311645000.0,
        "Diluted NI Availto Com Stockholders": 115547000.0,
        "Net Income Common Stockholders": 115547000.0,
        "Net Income": 115547000.0,
        "Minority Interests": -55121000.0,
        "Net Income Including Noncontrolling Interests": 170668000.0,
        "Net Income Continuous Operations": 170668000.0,
        "Tax Provision": 43955000.0,
        "Pretax Income": 214623000.0,
        "Other Income Expense": 10572000.0,
        "Other Non Operating Income Expenses": 3752000.0,
        "Special Income Charges": NaN,
        "Other Special Charges": NaN,
        "Earnings From Equity Interest": 6820000.0,
        "Net Non Operating Interest Income Expense": -100774000.0,
        "Interest Expense Non Operating": 100774000.0,
        "Operating Income": 304825000.0,
        "Operating Expense": 509685000.0,
        "Depreciation Amortization Depletion Income Statement": 178071000.0,
        "Depreciation And Amortization In Income Statement": 178071000.0,
        "Selling General And Administration": 331614000.0,
        "General And Administrative Expense": 331614000.0,
        "Other Gand A": 331614000.0,
        "Gross Profit": 814510000.0,
        "Cost Of Revenue": 2058189000.0,
        "Total Revenue": 2872699000.0,
        "Operating Revenue": 2760034000.0
    },
    "2022-12-31": {
        "Tax Effect Of Unusual Items": 0.0,
        "Tax Rate For Calcs": 0.232757,
        "Normalized EBITDA": 442523000.0,
        "Total Unusual Items": NaN,
        "Total Unusual Items Excluding Goodwill": NaN,
        "Net Income From Continuing Operation Net Minority Interest": 54651000.0,
        "Reconciled Depreciation": 194068000.0,
        "Reconciled Cost Of Revenue": 2088681000.0,
        "EBITDA": 442523000.0,
        "EBIT": 248455000.0,
        "Net Interest Income": -100962000.0,
        "Interest Expense": 100962000.0,
        "Normalized Income": 54651000.0,
        "Net Income From Continuing And Discontinued Operation": 68103000.0,
        "Total Expenses": 2662460000.0,
        "Total Operating Income As Reported": 256252000.0,
        "Diluted NI Availto Com Stockholders": 68103000.0,
        "Net Income Common Stockholders": 68103000.0,
        "Net Income": 68103000.0,
        "Minority Interests": -58512000.0,
        "Net Income Including Noncontrolling Interests": 126615000.0,
        "Net Income Continuous Operations": 113163000.0,
        "Tax Provision": 34330000.0,
        "Pretax Income": 147493000.0,
        "Other Income Expense": -5973000.0,
        "Other Non Operating Income Expenses": -7797000.0,
        "Special Income Charges": NaN,
        "Other Special Charges": NaN,
        "Earnings From Equity Interest": 1824000.0,
        "Net Non Operating Interest Income Expense": -100962000.0,
        "Interest Expense Non Operating": 100962000.0,
        "Operating Income": 254428000.0,
        "Operating Expense": 573779000.0,
        "Depreciation Amortization Depletion Income Statement": 194068000.0,
        "Depreciation And Amortization In Income Statement": 194068000.0,
        "Selling General And Administration": 379711000.0,
        "General And Administrative Expense": 379711000.0,
        "Other Gand A": 379711000.0,
        "Gross Profit": 828207000.0,
        "Cost Of Revenue": 2088681000.0,
        "Total Revenue": 2916888000.0,
        "Operating Revenue": 2803590000.0
    },
    "2022-09-30": {
        "Tax Effect Of Unusual Items": 0.0,
        "Tax Rate For Calcs": 0.205,
        "Normalized EBITDA": 501303000.0,
        "Total Unusual Items": NaN,
        "Total Unusual Items Excluding Goodwill": NaN,
        "Net Income From Continuing Operation Net Minority Interest": 105366000.0,
        "Reconciled Depreciation": 194414000.0,
        "Reconciled Cost Of Revenue": 2085555000.0,
        "EBITDA": 501303000.0,
        "EBIT": 306889000.0,
        "Net Interest Income": -99680000.0,
        "Interest Expense": 99680000.0,
        "Normalized Income": 105366000.0,
        "Net Income From Continuing And Discontinued Operation": 105366000.0,
        "Total Expenses": 2645416000.0,
        "Total Operating Income As Reported": 311787000.0,
        "Diluted Average Shares": 93263000.0,
        "Basic Average Shares": 91160000.0,
        "Diluted EPS": 1.13,
        "Basic EPS": 1.16,
        "Diluted NI Availto Com Stockholders": 105366000.0,
        "Net Income Common Stockholders": 105366000.0,
        "Net Income": 105366000.0,
        "Minority Interests": -59328000.0,
        "Net Income Including Noncontrolling Interests": 164694000.0,
        "Net Income Discontinuous Operations": NaN,
        "Net Income Continuous Operations": 164694000.0,
        "Tax Provision": 42515000.0,
        "Pretax Income": 207209000.0,
        "Other Income Expense": 3611000.0,
        "Other Non Operating Income Expenses": -4898000.0,
        "Special Income Charges": NaN,
        "Other Special Charges": NaN,
        "Earnings From Equity Interest": 8509000.0,
        "Net Non Operating Interest Income Expense": -99680000.0,
        "Interest Expense Non Operating": 99680000.0,
        "Operating Income": 303278000.0,
        "Operating Expense": 559861000.0,
        "Depreciation Amortization Depletion Income Statement": 194414000.0,
        "Depreciation And Amortization In Income Statement": 194414000.0,
        "Selling General And Administration": 365447000.0,
        "General And Administrative Expense": 365447000.0,
        "Other Gand A": 365447000.0,
        "Gross Profit": 863139000.0,
        "Cost Of Revenue": 2085555000.0,
        "Total Revenue": 2948694000.0,
        "Operating Revenue": 2846494000.0
    },
    "2022-06-30": {
        "Tax Effect Of Unusual Items": 0.0,
        "Tax Rate For Calcs": 0.184,
        "Normalized EBITDA": 602607000.0,
        "Total Unusual Items": NaN,
        "Total Unusual Items Excluding Goodwill": NaN,
        "Net Income From Continuing Operation Net Minority Interest": 224809000.0,
        "Reconciled Depreciation": 171176000.0,
        "Reconciled Cost Of Revenue": 2016788000.0,
        "EBITDA": 602607000.0,
        "EBIT": 431431000.0,
        "Net Interest Income": -82586000.0,
        "Interest Expense": 82586000.0,
        "Normalized Income": 224809000.0,
        "Net Income From Continuing And Discontinued Operation": 224809000.0,
        "Total Expenses": 2503183000.0,
        "Total Operating Income As Reported": 432715000.0,
        "Diluted Average Shares": 97772000.0,
        "Basic Average Shares": 94457000.0,
        "Diluted EPS": 2.3,
        "Basic EPS": 2.38,
        "Diluted NI Availto Com Stockholders": 224809000.0,
        "Net Income Common Stockholders": 224809000.0,
        "Net Income": 224809000.0,
        "Minority Interests": -59807000.0,
        "Net Income Including Noncontrolling Interests": 284616000.0,
        "Net Income Discontinuous Operations": NaN,
        "Net Income Continuous Operations": 284616000.0,
        "Tax Provision": 64229000.0,
        "Pretax Income": 348845000.0,
        "Other Income Expense": 7857000.0,
        "Other Non Operating Income Expenses": -1284000.0,
        "Special Income Charges": NaN,
        "Other Special Charges": NaN,
        "Earnings From Equity Interest": 9141000.0,
        "Net Non Operating Interest Income Expense": -82586000.0,
        "Interest Expense Non Operating": 82586000.0,
        "Operating Income": 423574000.0,
        "Operating Expense": 486395000.0,
        "Depreciation Amortization Depletion Income Statement": 171176000.0,
        "Depreciation And Amortization In Income Statement": 171176000.0,
        "Selling General And Administration": 315219000.0,
        "General And Administrative Expense": 315219000.0,
        "Other Gand A": 315219000.0,
        "Gross Profit": 909969000.0,
        "Cost Of Revenue": 2016788000.0,
        "Total Revenue": 2926757000.0,
        "Operating Revenue": 2810099000.0
    },
    "2023-06-30": {
        "Tax Effect Of Unusual Items": -1313730.0,
        "Tax Rate For Calcs": 0.165,
        "Normalized EBITDA": 590336000.0,
        "Total Unusual Items": -7962000.0,
        "Total Unusual Items Excluding Goodwill": -7962000.0,
        "Net Income From Continuing Operation Net Minority Interest": 178691000.0,
        "Reconciled Depreciation": 183672000.0,
        "Reconciled Cost Of Revenue": 2055844000.0,
        "EBITDA": 582374000.0,
        "EBIT": 398702000.0,
        "Net Interest Income": -103507000.0,
        "Interest Expense": 103507000.0,
        "Normalized Income": 185339270.0,
        "Net Income From Continuing And Discontinued Operation": 178691000.0,
        "Total Expenses": 2603532000.0,
        "Total Operating Income As Reported": 405291000.0,
        "Diluted NI Availto Com Stockholders": 178691000.0,
        "Net Income Common Stockholders": 178691000.0,
        "Net Income": 178691000.0,
        "Minority Interests": -67686000.0,
        "Net Income Including Noncontrolling Interests": 246377000.0,
        "Net Income Continuous Operations": 246377000.0,
        "Tax Provision": 48818000.0,
        "Pretax Income": 295195000.0,
        "Other Income Expense": 1865000.0,
        "Other Non Operating Income Expenses": 1373000.0,
        "Special Income Charges": -7962000.0,
        "Other Special Charges": 7962000.0,
        "Earnings From Equity Interest": 8454000.0,
        "Net Non Operating Interest Income Expense": -103507000.0,
        "Interest Expense Non Operating": 103507000.0,
        "Operating Income": 396837000.0,
        "Operating Expense": 547688000.0,
        "Depreciation Amortization Depletion Income Statement": 183672000.0,
        "Depreciation And Amortization In Income Statement": 183672000.0,
        "Selling General And Administration": 364016000.0,
        "General And Administrative Expense": 364016000.0,
        "Other Gand A": 364016000.0,
        "Gross Profit": 944525000.0,
        "Cost Of Revenue": 2055844000.0,
        "Total Revenue": 3000369000.0,
        "Operating Revenue": 2890685000.0
    },
    "2022-03-31": {
        "Diluted EPS": 1.61,
        "Total Revenue": NaN,
        "Gross Profit": 799,
        "Operating Income": 338,
        "EBIT": 511,
        "Net Income": 162
    },
    "2021-12-31": {
        "Diluted EPS": 1.81,
        "Total Revenue": NaN,
        "Gross Profit": 884,
        "Operating Income": 389,
        "EBIT": 564,
        "Net Income": 187
    },
    "2021-09-30": {
        "Diluted EPS": 2.36,
        "Total Revenue": NaN,
        "Gross Profit": 930,
        "Operating Income": 475,
        "EBIT": 645,
        "Net Income": 260
    },
    "2021-06-30": {
        "Diluted EPS": 2.64,
        "Total Revenue": NaN,
        "Gross Profit": 951,
        "Operating Income": 490,
        "EBIT": 660,
        "Net Income": 294
    },
    "2021-03-31": {
        "Diluted EPS": 2.09,
        "Total Revenue": NaN,
        "Gross Profit": 882,
        "Operating Income": 443,
        "EBIT": 608,
        "Net Income": 237
    },
    "2020-12-31": {
        "Diluted EPS": 1.52,
        "Total Revenue": NaN,
        "Gross Profit": 848,
        "Operating Income": 382,
        "EBIT": 543,
        "Net Income": 174
    },
    "2020-09-30": {
        "Diluted EPS": 1.28,
        "Total Revenue": NaN,
        "Gross Profit": 952,
        "Operating Income": 438,
        "EBIT": 595,
        "Net Income": 159
    },
    "2020-06-30": {
        "Diluted EPS": 1.62,
        "Total Revenue": NaN,
        "Gross Profit": 895,
        "Operating Income": 410,
        "EBIT": 567,
        "Net Income": 202
    },
    "2020-03-31": {
        "Diluted EPS": 1.89,
        "Total Revenue": NaN,
        "Gross Profit": 866,
        "Operating Income": 465,
        "EBIT": 620,
        "Net Income": 240
    },
    "2019-12-31": {
        "Diluted EPS": 1.78,
        "Total Revenue": NaN,
        "Gross Profit": 898,
        "Operating Income": 463,
        "EBIT": 621,
        "Net Income": 245
    },
    "2019-09-30": {
        "Diluted EPS": 0.95,
        "Total Revenue": NaN,
        "Gross Profit": 913,
        "Operating Income": 378,
        "EBIT": 534,
        "Net Income": 143
    },
    "2019-06-30": {
        "Diluted EPS": 1.64,
        "Total Revenue": NaN,
        "Gross Profit": 885,
        "Operating Income": 462,
        "EBIT": 614,
        "Net Income": 274
    },
    "2019-03-31": {
        "Diluted EPS": 0.9,
        "Total Revenue": NaN,
        "Gross Profit": 778,
        "Operating Income": 341,
        "EBIT": 489,
        "Net Income": 149
    },
    "2018-12-31": {
        "Diluted EPS": -0.77,
        "Total Revenue": NaN,
        "Gross Profit": 794,
        "Operating Income": 388,
        "EBIT": 543,
        "Net Income": -150
    },
    "2018-09-30": {
        "Diluted EPS": -0.82,
        "Total Revenue": NaN,
        "Gross Profit": 784,
        "Operating Income": 289,
        "EBIT": 435,
        "Net Income": -137
    },
    "2018-06-30": {
        "Diluted EPS": 1.53,
        "Total Revenue": NaN,
        "Gross Profit": 818,
        "Operating Income": 438,
        "EBIT": 585,
        "Net Income": 267
    },
    "2018-03-31": {
        "Diluted EPS": 0.98,
        "Total Revenue": NaN,
        "Gross Profit": 814,
        "Operating Income": 411,
        "EBIT": 553,
        "Net Income": 179
    },
    "2017-12-31": {
        "Diluted EPS": 1.65,
        "Total Revenue": NaN,
        "Gross Profit": 839,
        "Operating Income": 150,
        "EBIT": 334,
        "Net Income": 303
    },
    "2017-09-30": {
        "Diluted EPS": -1.12,
        "Total Revenue": NaN,
        "Gross Profit": 813,
        "Operating Income": 395,
        "EBIT": 599,
        "Net Income": -214
    },
    "2017-06-30": {
        "Diluted EPS": 0.65,
        "Total Revenue": NaN,
        "Gross Profit": 805,
        "Operating Income": 391,
        "EBIT": 591,
        "Net Income": 127
    },
    "2017-03-31": {
        "Diluted EPS": 2.29,
        "Total Revenue": NaN,
        "Gross Profit": 779,
        "Operating Income": 876,
        "EBIT": NaN,
        "Net Income": 448
    },
    "2016-12-31": {
        "Diluted EPS": 0.8,
        "Total Revenue": -322,
        "Gross Profit": 198,
        "Operating Income": 517,
        "EBIT": 705,
        "Net Income": 158
    },
    "2016-09-30": {
        "Diluted EPS": 2.76,
        "Total Revenue": NaN,
        "Gross Profit": NaN,
        "Operating Income": 819,
        "EBIT": NaN,
        "Net Income": 571
    },
    "2016-06-30": {
        "Diluted EPS": 0.26,
        "Total Revenue": NaN,
        "Gross Profit": NaN,
        "Operating Income": 329,
        "EBIT": 509,
        "Net Income": 53
    },
    "2016-03-31": {
        "Diluted EPS": 0.47,
        "Total Revenue": NaN,
        "Gross Profit": 999,
        "Operating Income": 365,
        "EBIT": 534,
        "Net Income": 97
    },
    "2015-12-31": {
        "Diluted EPS": -0.01,
        "Total Revenue": -266,
        "Gross Profit": 188,
        "Operating Income": 211,
        "EBIT": 374,
        "Net Income": -6
    },
    "2015-09-30": {
        "Diluted EPS": 1.0,
        "Total Revenue": NaN,
        "Gross Profit": NaN,
        "Operating Income": 509,
        "EBIT": 671,
        "Net Income": 216
    },
    "2015-06-30": {
        "Diluted EPS": 0.78,
        "Total Revenue": NaN,
        "Gross Profit": 989,
        "Operating Income": 481,
        "EBIT": 639,
        "Net Income": 170
    },
    "2015-03-31": {
        "Diluted EPS": -0.52,
        "Total Revenue": NaN,
        "Gross Profit": 925,
        "Operating Income": -64,
        "EBIT": 90,
        "Net Income": -111
    },
    "2014-12-31": {
        "Diluted EPS": 0.95,
        "Total Revenue": NaN,
        "Gross Profit": 962,
        "Operating Income": 452,
        "EBIT": 606,
        "Net Income": 208
    },
    "2014-09-30": {
        "Diluted EPS": 0.85,
        "Total Revenue": NaN,
        "Gross Profit": 925,
        "Operating Income": 438,
        "EBIT": 586,
        "Net Income": 184
    },
    "2014-06-30": {
        "Diluted EPS": 0.68,
        "Total Revenue": NaN,
        "Gross Profit": 926,
        "Operating Income": 484,
        "EBIT": 630,
        "Net Income": 148
    },
    "2014-03-31": {
        "Diluted EPS": 0.85,
        "Total Revenue": NaN,
        "Gross Profit": 863,
        "Operating Income": 441,
        "EBIT": 584,
        "Net Income": 183
    },
    "2013-12-31": {
        "Diluted EPS": 0.99,
        "Total Revenue": NaN,
        "Gross Profit": 935,
        "Operating Income": 484,
        "EBIT": 623,
        "Net Income": 212
    },
    "2013-09-30": {
        "Diluted EPS": 0.64,
        "Total Revenue": NaN,
        "Gross Profit": 904,
        "Operating Income": 377,
        "EBIT": 510,
        "Net Income": 137
    },
    "2013-06-30": {
        "Diluted EPS": 1.18,
        "Total Revenue": NaN,
        "Gross Profit": 857,
        "Operating Income": 522,
        "EBIT": 653,
        "Net Income": 254
    },
    "2013-03-31": {
        "Diluted EPS": 0.14,
        "Total Revenue": NaN,
        "Gross Profit": 869,
        "Operating Income": 167,
        "EBIT": 293,
        "Net Income": 30
    },
    "2012-12-31": {
        "Diluted EPS": 0.77,
        "Total Revenue": NaN,
        "Gross Profit": 770,
        "Operating Income": 388,
        "EBIT": 498,
        "Net Income": 156
    },
    "2012-09-30": {
        "Diluted EPS": 0.75,
        "Total Revenue": NaN,
        "Gross Profit": 619,
        "Operating Income": 341,
        "EBIT": 421,
        "Net Income": 145
    },
    "2012-06-30": {
        "Diluted EPS": 0.5,
        "Total Revenue": NaN,
        "Gross Profit": 614,
        "Operating Income": 247,
        "EBIT": 325,
        "Net Income": 95
    },
    "2012-03-31": {
        "Diluted EPS": 0.73,
        "Total Revenue": NaN,
        "Gross Profit": 600,
        "Operating Income": 321,
        "EBIT": 397,
        "Net Income": 140
    },
    "2011-12-31": {
        "Diluted EPS": 0.78,
        "Total Revenue": NaN,
        "Gross Profit": 584,
        "Operating Income": 354,
        "EBIT": 427,
        "Net Income": 148
    },
    "2011-09-30": {
        "Diluted EPS": 0.71,
        "Total Revenue": NaN,
        "Gross Profit": 568,
        "Operating Income": 319,
        "EBIT": 387,
        "Net Income": 135
    },
    "2011-06-30": {
        "Diluted EPS": 0.52,
        "Total Revenue": NaN,
        "Gross Profit": 498,
        "Operating Income": 247,
        "EBIT": 311,
        "Net Income": 100
    },
    "2011-03-31": {
        "Diluted EPS": 0.48,
        "Total Revenue": NaN,
        "Gross Profit": 448,
        "Operating Income": 235,
        "EBIT": 297,
        "Net Income": 95
    },
    "2010-12-31": {
        "Diluted EPS": 0.36,
        "Total Revenue": NaN,
        "Gross Profit": 334,
        "Operating Income": 252,
        "EBIT": 312,
        "Net Income": 69
    },
    "2010-09-30": {
        "Diluted EPS": 0.58,
        "Total Revenue": NaN,
        "Gross Profit": 505,
        "Operating Income": 257,
        "EBIT": 315,
        "Net Income": 119
    },
    "2010-06-30": {
        "Diluted EPS": 0.52,
        "Total Revenue": NaN,
        "Gross Profit": 476,
        "Operating Income": 242,
        "EBIT": 301,
        "Net Income": 108
    },
    "2010-03-31": {
        "Diluted EPS": 0.52,
        "Total Revenue": NaN,
        "Gross Profit": 477,
        "Operating Income": 243,
        "EBIT": 300,
        "Net Income": 109
    },
    "2009-12-31": {
        "Diluted EPS": 0.53,
        "Total Revenue": NaN,
        "Gross Profit": 472,
        "Operating Income": 238,
        "EBIT": 295,
        "Net Income": 110
    },
    "2009-09-30": {
        "Diluted EPS": 0.53,
        "Total Revenue": NaN,
        "Gross Profit": 478,
        "Operating Income": 245,
        "EBIT": 302,
        "Net Income": 111
    },
    "2009-06-30": {
        "Diluted EPS": 0.51,
        "Total Revenue": NaN,
        "Gross Profit": 467,
        "Operating Income": 236,
        "EBIT": 294,
        "Net Income": 106
    },
    "2009-03-31": {
        "Diluted EPS": 0.46,
        "Total Revenue": NaN,
        "Gross Profit": 442,
        "Operating Income": 221,
        "EBIT": 278,
        "Net Income": 96
    },
    "2023-09-30": {
        "Tax Effect Of Unusual Items": 0.0,
        "Tax Rate For Calcs": 0.182,
        "Normalized EBITDA": 664712000.0,
        "Total Unusual Items": 0.0,
        "Total Unusual Items Excluding Goodwill": 0.0,
        "Net Income From Continuing Operation Net Minority Interest": 246632000.0,
        "Reconciled Depreciation": 188423000.0,
        "Reconciled Cost Of Revenue": 2067315000.0,
        "EBITDA": 664712000.0,
        "EBIT": 476289000.0,
        "Net Interest Income": -98080000.0,
        "Interest Expense": 98080000.0,
        "Normalized Income": 246632000.0,
        "Net Income From Continuing And Discontinued Operation": 246632000.0,
        "Total Expenses": 2632621000.0,
        "Total Operating Income As Reported": 495939000.0,
        "Diluted NI Availto Com Stockholders": 246632000.0,
        "Net Income Common Stockholders": 246632000.0,
        "Net Income": 246632000.0,
        "Minority Interests": -62729000.0,
        "Net Income Including Noncontrolling Interests": 309361000.0,
        "Net Income Continuous Operations": 309361000.0,
        "Tax Provision": 68848000.0,
        "Pretax Income": 378209000.0,
        "Other Income Expense": -12422000.0,
        "Other Non Operating Income Expenses": -19650000.0,
        "Special Income Charges": 0.0,
        "Other Special Charges": NaN,
        "Earnings From Equity Interest": 7228000.0,
        "Net Non Operating Interest Income Expense": -98080000.0,
        "Interest Expense Non Operating": 98080000.0,
        "Operating Income": 488711000.0,
        "Operating Expense": 565306000.0,
        "Depreciation Amortization Depletion Income Statement": 188423000.0,
        "Depreciation And Amortization In Income Statement": 188423000.0,
        "Selling General And Administration": 376883000.0,
        "General And Administrative Expense": 376883000.0,
        "Other Gand A": 376883000.0,
        "Gross Profit": 1054017000.0,
        "Cost Of Revenue": 2067315000.0,
        "Total Revenue": 3121332000.0,
        "Operating Revenue": 2951950000.0
    }
}