{
    "2023-03-31": {
        "Tax Effect Of Unusual Items": -4925200.0,
        "Tax Rate For Calcs": 0.4,
        "Normalized EBITDA": -9717000.0,
        "Total Unusual Items": -12313000.0,
        "Total Unusual Items Excluding Goodwill": -12313000.0,
        "Net Income From Continuing Operation Net Minority Interest": -24332000.0,
        "Reconciled Depreciation": 1655000.0,
        "Reconciled Cost Of Revenue": 14712000.0,
        "EBIT": -22030000.0,
        "Net Interest Income": 4911000.0,
        "Interest Expense": 1686000.0,
        "Interest Income": 6597000.0,
        "Normalized Income": -16944200.0,
        "Net Income From Continuing And Discontinued Operation": -24332000.0,
        "Total Expenses": 64860000.0,
        "Total Operating Income As Reported": -30248000.0,
        "Diluted Average Shares": 127921000.0,
        "Basic Average Shares": 127921000.0,
        "Diluted EPS": -0.19,
        "Basic EPS": -0.19,
        "Diluted NI Availto Com Stockholders": -24332000.0,
        "Average Dilution Earnings": 0.0,
        "Net Income Common Stockholders": -24332000.0,
        "Otherunder Preferred Stock Dividend": 0.0,
        "Net Income": -24332000.0,
        "Net Income Including Noncontrolling Interests": -24332000.0,
        "Net Income Continuous Operations": -24332000.0,
        "Tax Provision": 616000.0,
        "Pretax Income": -23716000.0,
        "Other Income Expense": -10692000.0,
        "Other Non Operating Income Expenses": 1621000.0,
        "Special Income Charges": -12313000.0,
        "Gain On Sale Of Ppe": NaN,
        "Write Off": 12313000.0,
        "Gain On Sale Of Security": NaN,
        "Net Non Operating Interest Income Expense": 4911000.0,
        "Total Other Finance Cost": NaN,
        "Interest Expense Non Operating": 1686000.0,
        "Interest Income Non Operating": 6597000.0,
        "Operating Income": -17935000.0,
        "Operating Expense": 50148000.0,
        "Research And Development": 13605000.0,
        "Selling General And Administration": 36543000.0,
        "General And Administrative Expense": 36543000.0,
        "Other Gand A": 13838000.0,
        "Salaries And Wages": 22705000.0,
        "Gross Profit": 32213000.0,
        "Cost Of Revenue": 14712000.0,
        "Total Revenue": 46925000.0,
        "Operating Revenue": 43451000.0
    },
    "2022-12-31": {
        "Tax Effect Of Unusual Items": 0.0,
        "Tax Rate For Calcs": 0.003545,
        "Normalized EBITDA": 69658000.0,
        "Total Unusual Items": 0.0,
        "Total Unusual Items Excluding Goodwill": 0.0,
        "Net Income From Continuing Operation Net Minority Interest": 67733000.0,
        "Reconciled Depreciation": 1449000.0,
        "Reconciled Cost Of Revenue": 77488000.0,
        "EBIT": 69658000.0,
        "Net Interest Income": 2640000.0,
        "Interest Expense": 1684000.0,
        "Interest Income": 4324000.0,
        "Normalized Income": 67733000.0,
        "Net Income From Continuing And Discontinued Operation": 67733000.0,
        "Total Expenses": 121357000.0,
        "Total Operating Income As Reported": 63135000.0,
        "Diluted Average Shares": 151889000.0,
        "Basic Average Shares": 127601000.0,
        "Diluted EPS": 0.45,
        "Basic EPS": 0.53,
        "Diluted NI Availto Com Stockholders": 67733000.0,
        "Average Dilution Earnings": 1256000.0,
        "Net Income Common Stockholders": 67733000.0,
        "Otherunder Preferred Stock Dividend": -8000.0,
        "Net Income": 67733000.0,
        "Net Income Including Noncontrolling Interests": 67733000.0,
        "Net Income Continuous Operations": 67733000.0,
        "Tax Provision": 241000.0,
        "Pretax Income": 67974000.0,
        "Other Income Expense": 2199000.0,
        "Other Non Operating Income Expenses": 2199000.0,
        "Special Income Charges": 0.0,
        "Gain On Sale Of Ppe": 0.0,
        "Write Off": NaN,
        "Gain On Sale Of Security": 0.0,
        "Net Non Operating Interest Income Expense": 2640000.0,
        "Total Other Finance Cost": NaN,
        "Interest Expense Non Operating": 1684000.0,
        "Interest Income Non Operating": 4324000.0,
        "Operating Income": 63135000.0,
        "Operating Expense": 43869000.0,
        "Research And Development": 12854000.0,
        "Selling General And Administration": 31015000.0,
        "General And Administrative Expense": 31015000.0,
        "Other Gand A": 10940000.0,
        "Salaries And Wages": 20075000.0,
        "Gross Profit": 107004000.0,
        "Cost Of Revenue": 77488000.0,
        "Total Revenue": 184492000.0,
        "Operating Revenue": 182183000.0
    },
    "2022-09-30": {
        "Tax Effect Of Unusual Items": 0.0,
        "Tax Rate For Calcs": 0.004416,
        "Normalized EBITDA": 68911000.0,
        "Total Unusual Items": 0.0,
        "Total Unusual Items Excluding Goodwill": 0.0,
        "Net Income From Continuing Operation Net Minority Interest": 63809000.0,
        "Reconciled Depreciation": 3134000.0,
        "Reconciled Cost Of Revenue": 61334000.0,
        "EBIT": 65777000.0,
        "Net Interest Income": 877000.0,
        "Interest Expense": 1685000.0,
        "Interest Income": 2562000.0,
        "Normalized Income": 63809000.0,
        "Net Income From Continuing And Discontinued Operation": 63809000.0,
        "Total Expenses": 106338000.0,
        "Total Operating Income As Reported": 61397000.0,
        "Diluted Average Shares": 151538000.0,
        "Basic Average Shares": 127062000.0,
        "Diluted EPS": 0.43,
        "Basic EPS": 0.5,
        "Diluted NI Availto Com Stockholders": 65071000.0,
        "Average Dilution Earnings": 1262000.0,
        "Net Income Common Stockholders": 63809000.0,
        "Otherunder Preferred Stock Dividend": 0.0,
        "Net Income": 63809000.0,
        "Net Income Including Noncontrolling Interests": 63809000.0,
        "Net Income Continuous Operations": 63809000.0,
        "Tax Provision": 283000.0,
        "Pretax Income": 64092000.0,
        "Other Income Expense": 1818000.0,
        "Other Non Operating Income Expenses": 1818000.0,
        "Special Income Charges": 0.0,
        "Gain On Sale Of Ppe": 0.0,
        "Write Off": NaN,
        "Gain On Sale Of Security": NaN,
        "Net Non Operating Interest Income Expense": 877000.0,
        "Total Other Finance Cost": NaN,
        "Interest Expense Non Operating": 1685000.0,
        "Interest Income Non Operating": 2562000.0,
        "Operating Income": 61397000.0,
        "Operating Expense": 45004000.0,
        "Research And Development": 12962000.0,
        "Selling General And Administration": 32042000.0,
        "General And Administrative Expense": 32042000.0,
        "Other Gand A": 13268000.0,
        "Salaries And Wages": 18774000.0,
        "Gross Profit": 106401000.0,
        "Cost Of Revenue": 61334000.0,
        "Total Revenue": 167735000.0,
        "Operating Revenue": 163815000.0
    },
    "2022-06-30": {
        "Tax Effect Of Unusual Items": 4000.0,
        "Tax Rate For Calcs": 0.004,
        "Normalized EBITDA": 130414000.0,
        "Total Unusual Items": 1000000.0,
        "Total Unusual Items Excluding Goodwill": 1000000.0,
        "Net Income From Continuing Operation Net Minority Interest": 128755000.0,
        "Reconciled Depreciation": 357000.0,
        "Reconciled Cost Of Revenue": 83369000.0,
        "EBIT": 131057000.0,
        "Net Interest Income": -918000.0,
        "Interest Expense": 1683000.0,
        "Interest Income": 765000.0,
        "Normalized Income": 127759000.0,
        "Net Income From Continuing And Discontinued Operation": 128755000.0,
        "Total Expenses": 129237000.0,
        "Total Operating Income As Reported": 128227000.0,
        "Diluted Average Shares": 149905000.0,
        "Basic Average Shares": 126347000.0,
        "Diluted EPS": 0.87,
        "Basic EPS": 1.02,
        "Diluted NI Availto Com Stockholders": 130015000.0,
        "Average Dilution Earnings": 1260000.0,
        "Net Income Common Stockholders": 128755000.0,
        "Otherunder Preferred Stock Dividend": 0.0,
        "Net Income": 128755000.0,
        "Net Income Including Noncontrolling Interests": 128755000.0,
        "Net Income Continuous Operations": 128755000.0,
        "Tax Provision": 619000.0,
        "Pretax Income": 129374000.0,
        "Other Income Expense": 3065000.0,
        "Other Non Operating Income Expenses": 2065000.0,
        "Special Income Charges": 1000000.0,
        "Gain On Sale Of Ppe": 1000000.0,
        "Write Off": NaN,
        "Gain On Sale Of Security": NaN,
        "Net Non Operating Interest Income Expense": -918000.0,
        "Total Other Finance Cost": NaN,
        "Interest Expense Non Operating": 1683000.0,
        "Interest Income Non Operating": 765000.0,
        "Operating Income": 127227000.0,
        "Operating Expense": 45868000.0,
        "Research And Development": 9689000.0,
        "Selling General And Administration": 36179000.0,
        "General And Administrative Expense": 36179000.0,
        "Other Gand A": 17653000.0,
        "Salaries And Wages": 18526000.0,
        "Gross Profit": 173095000.0,
        "Cost Of Revenue": 83369000.0,
        "Total Revenue": 256464000.0,
        "Operating Revenue": 255320000.0
    },
    "2022-03-31": {
        "Diluted EPS": 0.22,
        "Total Revenue": 114,
        "Gross Profit": 74,
        "Operating Income": 31,
        "EBIT": 32,
        "Net Income": 33
    },
    "2021-12-31": {
        "Diluted EPS": 0.78,
        "Total Revenue": 195,
        "Gross Profit": 121,
        "Operating Income": 81,
        "EBIT": 82,
        "Net Income": 95
    },
    "2021-09-30": {
        "Diluted EPS": -0.24,
        "Total Revenue": 108,
        "Gross Profit": 48,
        "Operating Income": 16,
        "EBIT": 18,
        "Net Income": -28
    },
    "2021-06-30": {
        "Diluted EPS": 0.02,
        "Total Revenue": 53,
        "Gross Profit": 38,
        "Operating Income": 9,
        "EBIT": 11,
        "Net Income": 4
    },
    "2021-03-31": {
        "Diluted EPS": 0.01,
        "Total Revenue": 83,
        "Gross Profit": 59,
        "Operating Income": 29,
        "EBIT": 31,
        "Net Income": 1
    },
    "2020-12-31": {
        "Diluted EPS": 0.15,
        "Total Revenue": 20,
        "Gross Profit": 15,
        "Operating Income": -12,
        "EBIT": -10,
        "Net Income": -15
    },
    "2020-09-30": {
        "Diluted EPS": -0.15,
        "Total Revenue": 13,
        "Gross Profit": 9,
        "Operating Income": -14,
        "EBIT": -12,
        "Net Income": 4
    },
    "2020-06-30": {
        "Diluted EPS": -0.53,
        "Total Revenue": 3,
        "Gross Profit": 2,
        "Operating Income": -23,
        "EBIT": -21,
        "Net Income": -52
    },
    "2020-03-31": {
        "Diluted EPS": -0.25,
        "Total Revenue": 11,
        "Gross Profit": 9,
        "Operating Income": -19,
        "EBIT": -15,
        "Net Income": -13
    },
    "2019-12-31": {
        "Diluted EPS": -0.39,
        "Total Revenue": 11,
        "Gross Profit": 8,
        "Operating Income": -27,
        "EBIT": -24,
        "Net Income": -37
    },
    "2019-09-30": {
        "Diluted EPS": -0.49,
        "Total Revenue": 11,
        "Gross Profit": 7,
        "Operating Income": -31,
        "EBIT": -23,
        "Net Income": -37
    },
    "2019-06-30": {
        "Diluted EPS": -0.66,
        "Total Revenue": 8,
        "Gross Profit": 6,
        "Operating Income": -39,
        "EBIT": -35,
        "Net Income": -43
    },
    "2019-03-31": {
        "Diluted EPS": -0.62,
        "Total Revenue": 6,
        "Gross Profit": 4,
        "Operating Income": -38,
        "EBIT": -33,
        "Net Income": -40
    },
    "2018-12-31": {
        "Diluted EPS": -0.64,
        "Total Revenue": 5,
        "Gross Profit": 4,
        "Operating Income": -38,
        "EBIT": -35,
        "Net Income": -40
    },
    "2018-09-30": {
        "Diluted EPS": -0.65,
        "Total Revenue": 1,
        "Gross Profit": -2,
        "Operating Income": -39,
        "EBIT": -35,
        "Net Income": -41
    },
    "2018-06-30": {
        "Diluted EPS": -0.63,
        "Total Revenue": 1,
        "Gross Profit": -4,
        "Operating Income": -38,
        "EBIT": -36,
        "Net Income": -39
    },
    "2018-03-31": {
        "Diluted EPS": -0.63,
        "Total Revenue": 0,
        "Gross Profit": 0,
        "Operating Income": -38,
        "EBIT": -35,
        "Net Income": -39
    },
    "2017-12-31": {
        "Diluted EPS": -0.42,
        "Total Revenue": 0,
        "Gross Profit": 0,
        "Operating Income": -28,
        "EBIT": -26,
        "Net Income": -27
    },
    "2017-09-30": {
        "Diluted EPS": -0.38,
        "Total Revenue": 0,
        "Gross Profit": 0,
        "Operating Income": -22,
        "EBIT": -22,
        "Net Income": -22
    },
    "2017-06-30": {
        "Diluted EPS": -0.41,
        "Total Revenue": 0,
        "Gross Profit": 0,
        "Operating Income": -20,
        "EBIT": -19,
        "Net Income": -20
    },
    "2017-03-31": {
        "Diluted EPS": -0.6,
        "Total Revenue": 0,
        "Gross Profit": 0,
        "Operating Income": -25,
        "EBIT": -25,
        "Net Income": -25
    },
    "2016-12-31": {
        "Diluted EPS": -0.57,
        "Total Revenue": 7,
        "Gross Profit": 7,
        "Operating Income": -19,
        "EBIT": -19,
        "Net Income": -22
    },
    "2016-09-30": {
        "Diluted EPS": -0.9,
        "Total Revenue": 0,
        "Gross Profit": 0,
        "Operating Income": -35,
        "EBIT": -34,
        "Net Income": -35
    },
    "2016-06-30": {
        "Diluted EPS": -0.75,
        "Total Revenue": 3,
        "Gross Profit": 3,
        "Operating Income": -29,
        "EBIT": -29,
        "Net Income": -29
    },
    "2016-03-31": {
        "Diluted EPS": -0.7,
        "Total Revenue": 1,
        "Gross Profit": 1,
        "Operating Income": -27,
        "EBIT": -27,
        "Net Income": -27
    },
    "2015-12-31": {
        "Diluted EPS": -0.66,
        "Total Revenue": 1,
        "Gross Profit": 1,
        "Operating Income": -27,
        "EBIT": -26,
        "Net Income": -27
    },
    "2015-09-30": {
        "Diluted EPS": -0.82,
        "Total Revenue": 1,
        "Gross Profit": 1,
        "Operating Income": -28,
        "EBIT": -28,
        "Net Income": -30
    },
    "2015-06-30": {
        "Diluted EPS": -0.8,
        "Total Revenue": 2,
        "Gross Profit": 2,
        "Operating Income": -23,
        "EBIT": -23,
        "Net Income": -24
    },
    "2015-03-31": {
        "Diluted EPS": -0.97,
        "Total Revenue": 1,
        "Gross Profit": 1,
        "Operating Income": -26,
        "EBIT": -26,
        "Net Income": -26
    },
    "2014-12-31": {
        "Diluted EPS": -0.85,
        "Total Revenue": 2,
        "Gross Profit": 2,
        "Operating Income": -22,
        "EBIT": -22,
        "Net Income": -22
    },
    "2014-09-30": {
        "Diluted EPS": -1.13,
        "Total Revenue": 2,
        "Gross Profit": 2,
        "Operating Income": -30,
        "EBIT": -30,
        "Net Income": -30
    },
    "2014-06-30": {
        "Diluted EPS": -0.94,
        "Total Revenue": 3,
        "Gross Profit": 3,
        "Operating Income": -25,
        "EBIT": -24,
        "Net Income": -25
    },
    "2014-03-31": {
        "Diluted EPS": -0.53,
        "Total Revenue": 3,
        "Gross Profit": 3,
        "Operating Income": -14,
        "EBIT": -13,
        "Net Income": -14
    },
    "2013-12-31": {
        "Diluted EPS": -0.93,
        "Total Revenue": 3,
        "Gross Profit": 3,
        "Operating Income": -13,
        "EBIT": -12,
        "Net Income": -22
    },
    "2013-09-30": {
        "Diluted EPS": -0.9,
        "Total Revenue": 3,
        "Gross Profit": 3,
        "Operating Income": -16,
        "EBIT": -15,
        "Net Income": -16
    },
    "2013-06-30": {
        "Diluted EPS": -0.9,
        "Total Revenue": 3,
        "Gross Profit": 3,
        "Operating Income": -17,
        "EBIT": -16,
        "Net Income": -17
    },
    "2013-03-31": {
        "Diluted EPS": -1.1,
        "Total Revenue": 2,
        "Gross Profit": 2,
        "Operating Income": -21,
        "EBIT": -20,
        "Net Income": -21
    },
    "2012-12-31": {
        "Diluted EPS": -1.1,
        "Total Revenue": 2,
        "Gross Profit": 2,
        "Operating Income": -20,
        "EBIT": -19,
        "Net Income": -21
    },
    "2012-09-30": {
        "Diluted EPS": -1.0,
        "Total Revenue": 3,
        "Gross Profit": 3,
        "Operating Income": -17,
        "EBIT": -16,
        "Net Income": -18
    },
    "2012-06-30": {
        "Diluted EPS": -0.9,
        "Total Revenue": 3,
        "Gross Profit": 3,
        "Operating Income": -15,
        "EBIT": -14,
        "Net Income": -15
    },
    "2012-03-31": {
        "Diluted EPS": -1.1,
        "Total Revenue": 2,
        "Gross Profit": 2,
        "Operating Income": -16,
        "EBIT": -15,
        "Net Income": -17
    },
    "2011-12-31": {
        "Diluted EPS": -0.2,
        "Total Revenue": 11,
        "Gross Profit": 11,
        "Operating Income": -5,
        "EBIT": -4,
        "Net Income": -4
    },
    "2011-09-30": {
        "Diluted EPS": -1.2,
        "Total Revenue": 1,
        "Gross Profit": 1,
        "Operating Income": -15,
        "EBIT": -14,
        "Net Income": -15
    },
    "2011-06-30": {
        "Diluted EPS": -0.9,
        "Total Revenue": 7,
        "Gross Profit": 7,
        "Operating Income": -10,
        "EBIT": -9,
        "Net Income": -11
    },
    "2011-03-31": {
        "Diluted EPS": -1.6,
        "Total Revenue": 2,
        "Gross Profit": 2,
        "Operating Income": -18,
        "EBIT": -17,
        "Net Income": -18
    },
    "2010-12-31": {
        "Diluted EPS": -1.2,
        "Total Revenue": 2,
        "Gross Profit": 2,
        "Operating Income": -16,
        "EBIT": -15,
        "Net Income": -15
    },
    "2010-09-30": {
        "Diluted EPS": -0.6,
        "Total Revenue": 12,
        "Gross Profit": 12,
        "Operating Income": -7,
        "EBIT": -6,
        "Net Income": -5
    },
    "2010-06-30": {
        "Diluted EPS": -3.4,
        "Total Revenue": 2,
        "Gross Profit": 2,
        "Operating Income": -16,
        "EBIT": -16,
        "Net Income": -28
    },
    "2010-03-31": {
        "Diluted EPS": -1.7,
        "Total Revenue": 8,
        "Gross Profit": 8,
        "Operating Income": -9,
        "EBIT": -8,
        "Net Income": -9
    },
    "2009-12-31": {
        "Diluted EPS": -7.5,
        "Total Revenue": 2,
        "Gross Profit": 2,
        "Operating Income": -12,
        "EBIT": -11,
        "Net Income": -30
    },
    "2009-09-30": {
        "Diluted EPS": -2.4,
        "Total Revenue": 3,
        "Gross Profit": 3,
        "Operating Income": -11,
        "EBIT": -10,
        "Net Income": -10
    },
    "2009-06-30": {
        "Diluted EPS": 1.0,
        "Total Revenue": 16,
        "Gross Profit": 16,
        "Operating Income": 3,
        "EBIT": 4,
        "Net Income": 4
    },
    "2009-03-31": {
        "Diluted EPS": 1.3,
        "Total Revenue": 19,
        "Gross Profit": 19,
        "Operating Income": 4,
        "EBIT": 5,
        "Net Income": 5
    },
    "2023-06-30": {
        "Tax Effect Of Unusual Items": 0.0,
        "Tax Rate For Calcs": 0.184454,
        "Normalized EBITDA": 7409000.0,
        "Total Unusual Items": 0.0,
        "Total Unusual Items Excluding Goodwill": 0.0,
        "Net Income From Continuing Operation Net Minority Interest": 3431000.0,
        "Reconciled Depreciation": 1793000.0,
        "Reconciled Cost Of Revenue": 13537000.0,
        "EBIT": 5616000.0,
        "Net Interest Income": 5690000.0,
        "Interest Expense": 1409000.0,
        "Interest Income": 7378000.0,
        "Normalized Income": 3431000.0,
        "Net Income From Continuing And Discontinued Operation": 3431000.0,
        "Total Expenses": 63654000.0,
        "Total Operating Income As Reported": -3405000.0,
        "Diluted Average Shares": 152142000.0,
        "Basic Average Shares": 128625000.0,
        "Diluted EPS": 0.03,
        "Basic EPS": 0.03,
        "Diluted NI Availto Com Stockholders": 4697000.0,
        "Average Dilution Earnings": 1266000.0,
        "Net Income Common Stockholders": 3431000.0,
        "Otherunder Preferred Stock Dividend": 0.0,
        "Net Income": 3431000.0,
        "Net Income Including Noncontrolling Interests": 3431000.0,
        "Net Income Continuous Operations": 3431000.0,
        "Tax Provision": 776000.0,
        "Pretax Income": 4207000.0,
        "Other Income Expense": 1922000.0,
        "Other Non Operating Income Expenses": 1922000.0,
        "Special Income Charges": 0.0,
        "Gain On Sale Of Ppe": 0.0,
        "Write Off": 0.0,
        "Gain On Sale Of Security": NaN,
        "Net Non Operating Interest Income Expense": 5690000.0,
        "Total Other Finance Cost": 279000.0,
        "Interest Expense Non Operating": 1409000.0,
        "Interest Income Non Operating": 7378000.0,
        "Operating Income": -3405000.0,
        "Operating Expense": 50117000.0,
        "Research And Development": 13046000.0,
        "Selling General And Administration": 37071000.0,
        "General And Administrative Expense": 37071000.0,
        "Other Gand A": 14768000.0,
        "Salaries And Wages": 22303000.0,
        "Gross Profit": 46712000.0,
        "Cost Of Revenue": 13537000.0,
        "Total Revenue": 60249000.0,
        "Operating Revenue": 56440000.0
    }
}