{
    "2023-03-31": {
        "Tax Effect Of Unusual Items": NaN,
        "Tax Rate For Calcs": NaN,
        "Normalized EBITDA": NaN,
        "Total Unusual Items": NaN,
        "Total Unusual Items Excluding Goodwill": NaN,
        "Net Income From Continuing Operation Net Minority Interest": NaN,
        "Reconciled Depreciation": NaN,
        "Reconciled Cost Of Revenue": NaN,
        "EBITDA": NaN,
        "EBIT": NaN,
        "Net Interest Income": NaN,
        "Interest Expense": NaN,
        "Interest Income": NaN,
        "Normalized Income": NaN,
        "Net Income From Continuing And Discontinued Operation": NaN,
        "Total Expenses": NaN,
        "Diluted Average Shares": 653000000.0,
        "Basic Average Shares": 651000000.0,
        "Diluted EPS": 1.53,
        "Basic EPS": 1.53,
        "Diluted NI Availto Com Stockholders": NaN,
        "Net Income Common Stockholders": NaN,
        "Otherunder Preferred Stock Dividend": 8000000.0,
        "Net Income": NaN,
        "Minority Interests": NaN,
        "Net Income Including Noncontrolling Interests": NaN,
        "Net Income Continuous Operations": NaN,
        "Tax Provision": NaN,
        "Pretax Income": NaN,
        "Other Income Expense": NaN,
        "Other Non Operating Income Expenses": NaN,
        "Special Income Charges": NaN,
        "Gain On Sale Of Ppe": NaN,
        "Restructuring And Mergern Acquisition": NaN,
        "Net Non Operating Interest Income Expense": NaN,
        "Total Other Finance Cost": NaN,
        "Interest Expense Non Operating": NaN,
        "Interest Income Non Operating": NaN,
        "Operating Income": NaN,
        "Operating Expense": NaN,
        "Other Operating Expenses": NaN,
        "Selling General And Administration": NaN,
        "General And Administrative Expense": NaN,
        "Other Gand A": NaN,
        "Salaries And Wages": 56000000.0,
        "Gross Profit": NaN,
        "Cost Of Revenue": NaN,
        "Total Revenue": NaN,
        "Operating Revenue": NaN
    },
    "2022-12-31": {
        "Tax Effect Of Unusual Items": NaN,
        "Tax Rate For Calcs": NaN,
        "Normalized EBITDA": NaN,
        "Total Unusual Items": NaN,
        "Total Unusual Items Excluding Goodwill": NaN,
        "Net Income From Continuing Operation Net Minority Interest": NaN,
        "Reconciled Depreciation": NaN,
        "Reconciled Cost Of Revenue": NaN,
        "EBITDA": NaN,
        "EBIT": NaN,
        "Net Interest Income": NaN,
        "Interest Expense": NaN,
        "Interest Income": NaN,
        "Normalized Income": NaN,
        "Net Income From Continuing And Discontinued Operation": NaN,
        "Total Expenses": NaN,
        "Diluted Average Shares": NaN,
        "Basic Average Shares": NaN,
        "Diluted EPS": NaN,
        "Basic EPS": NaN,
        "Diluted NI Availto Com Stockholders": NaN,
        "Net Income Common Stockholders": NaN,
        "Otherunder Preferred Stock Dividend": 7000000.0,
        "Net Income": NaN,
        "Minority Interests": NaN,
        "Net Income Including Noncontrolling Interests": NaN,
        "Net Income Continuous Operations": NaN,
        "Tax Provision": NaN,
        "Pretax Income": NaN,
        "Other Income Expense": NaN,
        "Other Non Operating Income Expenses": NaN,
        "Special Income Charges": NaN,
        "Gain On Sale Of Ppe": NaN,
        "Restructuring And Mergern Acquisition": -2000000.0,
        "Net Non Operating Interest Income Expense": NaN,
        "Total Other Finance Cost": NaN,
        "Interest Expense Non Operating": NaN,
        "Interest Income Non Operating": NaN,
        "Operating Income": NaN,
        "Operating Expense": NaN,
        "Other Operating Expenses": NaN,
        "Selling General And Administration": NaN,
        "General And Administrative Expense": NaN,
        "Other Gand A": NaN,
        "Salaries And Wages": 73000000.0,
        "Gross Profit": NaN,
        "Cost Of Revenue": NaN,
        "Total Revenue": NaN,
        "Operating Revenue": NaN
    },
    "2022-09-30": {
        "Tax Effect Of Unusual Items": NaN,
        "Tax Rate For Calcs": NaN,
        "Normalized EBITDA": NaN,
        "Total Unusual Items": NaN,
        "Total Unusual Items Excluding Goodwill": NaN,
        "Net Income From Continuing Operation Net Minority Interest": NaN,
        "Reconciled Depreciation": NaN,
        "Reconciled Cost Of Revenue": NaN,
        "EBITDA": NaN,
        "EBIT": NaN,
        "Net Interest Income": NaN,
        "Interest Expense": NaN,
        "Interest Income": NaN,
        "Normalized Income": NaN,
        "Net Income From Continuing And Discontinued Operation": NaN,
        "Total Expenses": NaN,
        "Diluted Average Shares": NaN,
        "Basic Average Shares": NaN,
        "Diluted EPS": NaN,
        "Basic EPS": NaN,
        "Diluted NI Availto Com Stockholders": NaN,
        "Net Income Common Stockholders": NaN,
        "Otherunder Preferred Stock Dividend": 17000000.0,
        "Net Income": NaN,
        "Minority Interests": NaN,
        "Net Income Including Noncontrolling Interests": NaN,
        "Net Income Continuous Operations": NaN,
        "Tax Provision": NaN,
        "Pretax Income": NaN,
        "Other Income Expense": NaN,
        "Other Non Operating Income Expenses": NaN,
        "Special Income Charges": NaN,
        "Gain On Sale Of Ppe": NaN,
        "Restructuring And Mergern Acquisition": 0.0,
        "Net Non Operating Interest Income Expense": NaN,
        "Total Other Finance Cost": NaN,
        "Interest Expense Non Operating": NaN,
        "Interest Income Non Operating": NaN,
        "Operating Income": NaN,
        "Operating Expense": NaN,
        "Other Operating Expenses": NaN,
        "Selling General And Administration": NaN,
        "General And Administrative Expense": NaN,
        "Other Gand A": NaN,
        "Salaries And Wages": 50000000.0,
        "Gross Profit": NaN,
        "Cost Of Revenue": NaN,
        "Total Revenue": NaN,
        "Operating Revenue": NaN
    },
    "2022-06-30": {
        "Tax Effect Of Unusual Items": 3125450.901804,
        "Tax Rate For Calcs": 0.223246,
        "Normalized EBITDA": 3102000000.0,
        "Total Unusual Items": 14000000.0,
        "Total Unusual Items Excluding Goodwill": 14000000.0,
        "Net Income From Continuing Operation Net Minority Interest": 1932000000.0,
        "Reconciled Depreciation": 528000000.0,
        "Reconciled Cost Of Revenue": 2957000000.0,
        "EBITDA": 3116000000.0,
        "EBIT": 2588000000.0,
        "Net Interest Income": -84000000.0,
        "Interest Expense": 93000000.0,
        "Interest Income": 2000000.0,
        "Normalized Income": 1921125450.901804,
        "Net Income From Continuing And Discontinued Operation": 1932000000.0,
        "Total Expenses": 3051000000.0,
        "Diluted Average Shares": 654000000.0,
        "Basic Average Shares": 652000000.0,
        "Diluted EPS": 2.93,
        "Basic EPS": 2.94,
        "Diluted NI Availto Com Stockholders": 1932000000.0,
        "Net Income Common Stockholders": 1932000000.0,
        "Otherunder Preferred Stock Dividend": 17000000.0,
        "Net Income": 1932000000.0,
        "Minority Interests": -6000000.0,
        "Net Income Including Noncontrolling Interests": 1938000000.0,
        "Net Income Continuous Operations": 1938000000.0,
        "Tax Provision": 557000000.0,
        "Pretax Income": 2495000000.0,
        "Other Income Expense": 4000000.0,
        "Other Non Operating Income Expenses": -10000000.0,
        "Special Income Charges": 14000000.0,
        "Gain On Sale Of Ppe": 14000000.0,
        "Other Special Charges": NaN,
        "Restructuring And Mergern Acquisition": 0.0,
        "Net Non Operating Interest Income Expense": -84000000.0,
        "Total Other Finance Cost": -7000000.0,
        "Interest Expense Non Operating": 93000000.0,
        "Interest Income Non Operating": 2000000.0,
        "Operating Income": 2575000000.0,
        "Operating Expense": 94000000.0,
        "Other Operating Expenses": 10000000.0,
        "Selling General And Administration": 84000000.0,
        "General And Administrative Expense": 84000000.0,
        "Other Gand A": 84000000.0,
        "Salaries And Wages": NaN,
        "Gross Profit": 2669000000.0,
        "Cost Of Revenue": 2957000000.0,
        "Total Revenue": 5626000000.0,
        "Operating Revenue": 5626000000.0
    },
    "2023-06-30": {
        "Tax Effect Of Unusual Items": 9020000.0,
        "Tax Rate For Calcs": 0.22,
        "Normalized EBITDA": 1590000000.0,
        "Total Unusual Items": 41000000.0,
        "Total Unusual Items Excluding Goodwill": 41000000.0,
        "Net Income From Continuing Operation Net Minority Interest": 690000000.0,
        "Reconciled Depreciation": 638000000.0,
        "Reconciled Cost Of Revenue": 2408000000.0,
        "EBITDA": 1631000000.0,
        "EBIT": 993000000.0,
        "Net Interest Income": -78000000.0,
        "Interest Expense": 96000000.0,
        "Interest Income": 15000000.0,
        "Normalized Income": 658020000.0,
        "Net Income From Continuing And Discontinued Operation": 690000000.0,
        "Total Expenses": 2510000000.0,
        "Diluted Average Shares": 643000000.0,
        "Basic Average Shares": 642000000.0,
        "Diluted EPS": 1.07,
        "Basic EPS": 1.08,
        "Diluted NI Availto Com Stockholders": 690000000.0,
        "Net Income Common Stockholders": 690000000.0,
        "Otherunder Preferred Stock Dividend": 3000000.0,
        "Net Income": 690000000.0,
        "Minority Interests": -8000000.0,
        "Net Income Including Noncontrolling Interests": 698000000.0,
        "Net Income Continuous Operations": 698000000.0,
        "Tax Provision": 199000000.0,
        "Pretax Income": 897000000.0,
        "Other Income Expense": 31000000.0,
        "Other Non Operating Income Expenses": -10000000.0,
        "Special Income Charges": 41000000.0,
        "Gain On Sale Of Ppe": 41000000.0,
        "Restructuring And Mergern Acquisition": NaN,
        "Net Non Operating Interest Income Expense": -78000000.0,
        "Total Other Finance Cost": -3000000.0,
        "Interest Expense Non Operating": 96000000.0,
        "Interest Income Non Operating": 15000000.0,
        "Operating Income": 944000000.0,
        "Operating Expense": 102000000.0,
        "Other Operating Expenses": 10000000.0,
        "Selling General And Administration": 92000000.0,
        "General And Administrative Expense": 92000000.0,
        "Other Gand A": 92000000.0,
        "Salaries And Wages": NaN,
        "Gross Profit": 1046000000.0,
        "Cost Of Revenue": 2408000000.0,
        "Total Revenue": 3454000000.0,
        "Operating Revenue": 3454000000.0
    },
    "2022-03-31": {
        "Diluted EPS": 1.48,
        "Total Revenue": NaN,
        "Gross Profit": NaN,
        "Operating Income": NaN,
        "EBIT": NaN,
        "Net Income": 989
    },
    "2021-12-31": {
        "Diluted EPS": 2.25,
        "Total Revenue": NaN,
        "Gross Profit": NaN,
        "Operating Income": NaN,
        "EBIT": NaN,
        "Net Income": NaN
    },
    "2021-09-30": {
        "Diluted EPS": 1.24,
        "Total Revenue": NaN,
        "Gross Profit": NaN,
        "Operating Income": 964,
        "EBIT": NaN,
        "Net Income": 838
    },
    "2021-06-30": {
        "Diluted EPS": 0.38,
        "Total Revenue": NaN,
        "Gross Profit": NaN,
        "Operating Income": 304,
        "EBIT": 833,
        "Net Income": 256
    },
    "2021-03-31": {
        "Diluted EPS": 0.32,
        "Total Revenue": NaN,
        "Gross Profit": NaN,
        "Operating Income": -32,
        "EBIT": 428,
        "Net Income": 213
    },
    "2020-12-31": {
        "Diluted EPS": -0.27,
        "Total Revenue": NaN,
        "Gross Profit": NaN,
        "Operating Income": 60,
        "EBIT": 369,
        "Net Income": -102
    },
    "2020-09-30": {
        "Diluted EPS": -0.25,
        "Total Revenue": NaN,
        "Gross Profit": 796,
        "Operating Income": -127,
        "EBIT": 180,
        "Net Income": -92
    },
    "2020-06-30": {
        "Diluted EPS": -1.78,
        "Total Revenue": 394,
        "Gross Profit": 131,
        "Operating Income": -680,
        "EBIT": -373,
        "Net Income": -670
    },
    "2020-03-31": {
        "Diluted EPS": -4.82,
        "Total Revenue": NaN,
        "Gross Profit": NaN,
        "Operating Income": NaN,
        "EBIT": NaN,
        "Net Income": NaN
    },
    "2019-12-31": {
        "Diluted EPS": -1.61,
        "Total Revenue": NaN,
        "Gross Profit": NaN,
        "Operating Income": 169,
        "EBIT": 559,
        "Net Income": -642
    },
    "2019-09-30": {
        "Diluted EPS": 0.27,
        "Total Revenue": NaN,
        "Gross Profit": NaN,
        "Operating Income": 250,
        "EBIT": 639,
        "Net Income": 109
    },
    "2019-06-30": {
        "Diluted EPS": 1.19,
        "Total Revenue": NaN,
        "Gross Profit": NaN,
        "Operating Income": 219,
        "EBIT": 601,
        "Net Income": 495
    },
    "2019-03-31": {
        "Diluted EPS": -0.74,
        "Total Revenue": NaN,
        "Gross Profit": 796,
        "Operating Income": -497,
        "EBIT": -128,
        "Net Income": -317
    },
    "2018-12-31": {
        "Diluted EPS": 2.17,
        "Total Revenue": NaN,
        "Gross Profit": NaN,
        "Operating Income": NaN,
        "EBIT": NaN,
        "Net Income": NaN
    },
    "2018-09-30": {
        "Diluted EPS": 5.14,
        "Total Revenue": NaN,
        "Gross Profit": NaN,
        "Operating Income": 53,
        "EBIT": 404,
        "Net Income": NaN
    },
    "2018-06-30": {
        "Diluted EPS": -0.83,
        "Total Revenue": NaN,
        "Gross Profit": NaN,
        "Operating Income": -483,
        "EBIT": -233,
        "Net Income": -425
    },
    "2018-03-31": {
        "Diluted EPS": -0.38,
        "Total Revenue": NaN,
        "Gross Profit": NaN,
        "Operating Income": 142,
        "EBIT": 557,
        "Net Income": -197
    },
    "2017-12-31": {
        "Diluted EPS": 0.34,
        "Total Revenue": NaN,
        "Gross Profit": -579,
        "Operating Income": -588,
        "EBIT": -739,
        "Net Income": 183
    },
    "2017-09-30": {
        "Diluted EPS": 0.37,
        "Total Revenue": NaN,
        "Gross Profit": NaN,
        "Operating Income": 215,
        "EBIT": 600,
        "Net Income": 193
    },
    "2017-06-30": {
        "Diluted EPS": 0.41,
        "Total Revenue": NaN,
        "Gross Profit": NaN,
        "Operating Income": 284,
        "EBIT": 533,
        "Net Income": 219
    },
    "2017-03-31": {
        "Diluted EPS": 0.58,
        "Total Revenue": NaN,
        "Gross Profit": NaN,
        "Operating Income": 450,
        "EBIT": NaN,
        "Net Income": 303
    },
    "2016-12-31": {
        "Diluted EPS": 5.5,
        "Total Revenue": NaN,
        "Gross Profit": NaN,
        "Operating Income": NaN,
        "EBIT": NaN,
        "Net Income": NaN
    },
    "2016-09-30": {
        "Diluted EPS": 1.89,
        "Total Revenue": NaN,
        "Gross Profit": NaN,
        "Operating Income": NaN,
        "EBIT": NaN,
        "Net Income": 993
    },
    "2016-06-30": {
        "Diluted EPS": -3.04,
        "Total Revenue": NaN,
        "Gross Profit": NaN,
        "Operating Income": NaN,
        "EBIT": -993,
        "Net Income": NaN
    },
    "2016-03-31": {
        "Diluted EPS": -6.44,
        "Total Revenue": NaN,
        "Gross Profit": NaN,
        "Operating Income": NaN,
        "EBIT": NaN,
        "Net Income": NaN
    },
    "2015-12-31": {
        "Diluted EPS": -7.26,
        "Total Revenue": NaN,
        "Gross Profit": NaN,
        "Operating Income": NaN,
        "EBIT": NaN,
        "Net Income": NaN
    },
    "2015-09-30": {
        "Diluted EPS": -8.64,
        "Total Revenue": NaN,
        "Gross Profit": NaN,
        "Operating Income": NaN,
        "EBIT": NaN,
        "Net Income": NaN
    },
    "2015-06-30": {
        "Diluted EPS": -6.94,
        "Total Revenue": NaN,
        "Gross Profit": NaN,
        "Operating Income": NaN,
        "EBIT": NaN,
        "Net Income": NaN
    },
    "2015-03-31": {
        "Diluted EPS": -8.88,
        "Total Revenue": NaN,
        "Gross Profit": NaN,
        "Operating Income": NaN,
        "EBIT": NaN,
        "Net Income": NaN
    },
    "2014-12-31": {
        "Diluted EPS": -0.99,
        "Total Revenue": NaN,
        "Gross Profit": NaN,
        "Operating Income": 460,
        "EBIT": NaN,
        "Net Income": -397
    },
    "2014-09-30": {
        "Diluted EPS": 2.47,
        "Total Revenue": NaN,
        "Gross Profit": NaN,
        "Operating Income": NaN,
        "EBIT": NaN,
        "Net Income": NaN
    },
    "2014-06-30": {
        "Diluted EPS": 1.64,
        "Total Revenue": NaN,
        "Gross Profit": NaN,
        "Operating Income": NaN,
        "EBIT": NaN,
        "Net Income": 675
    },
    "2014-03-31": {
        "Diluted EPS": 0.79,
        "Total Revenue": NaN,
        "Gross Profit": NaN,
        "Operating Income": 690,
        "EBIT": NaN,
        "Net Income": 324
    },
    "2013-12-31": {
        "Diluted EPS": 0.55,
        "Total Revenue": NaN,
        "Gross Profit": NaN,
        "Operating Income": 591,
        "EBIT": NaN,
        "Net Income": 206
    },
    "2013-09-30": {
        "Diluted EPS": 1.05,
        "Total Revenue": NaN,
        "Gross Profit": NaN,
        "Operating Income": 733,
        "EBIT": NaN,
        "Net Income": 429
    },
    "2013-06-30": {
        "Diluted EPS": 1.68,
        "Total Revenue": NaN,
        "Gross Profit": NaN,
        "Operating Income": NaN,
        "EBIT": NaN,
        "Net Income": 683
    },
    "2013-03-31": {
        "Diluted EPS": -3.34,
        "Total Revenue": NaN,
        "Gross Profit": NaN,
        "Operating Income": NaN,
        "EBIT": NaN,
        "Net Income": NaN
    },
    "2012-12-31": {
        "Diluted EPS": -0.87,
        "Total Revenue": NaN,
        "Gross Profit": NaN,
        "Operating Income": NaN,
        "EBIT": -849,
        "Net Income": -351
    },
    "2012-09-30": {
        "Diluted EPS": -1.8,
        "Total Revenue": NaN,
        "Gross Profit": NaN,
        "Operating Income": 69,
        "EBIT": 785,
        "Net Income": -719
    },
    "2012-06-30": {
        "Diluted EPS": 1.18,
        "Total Revenue": NaN,
        "Gross Profit": NaN,
        "Operating Income": 877,
        "EBIT": NaN,
        "Net Income": 471
    },
    "2012-03-31": {
        "Diluted EPS": 0.97,
        "Total Revenue": NaN,
        "Gross Profit": NaN,
        "Operating Income": 708,
        "EBIT": NaN,
        "Net Income": 393
    },
    "2011-12-31": {
        "Diluted EPS": 1.3,
        "Total Revenue": NaN,
        "Gross Profit": NaN,
        "Operating Income": 778,
        "EBIT": NaN,
        "Net Income": 509
    },
    "2011-09-30": {
        "Diluted EPS": 2.5,
        "Total Revenue": NaN,
        "Gross Profit": NaN,
        "Operating Income": NaN,
        "EBIT": NaN,
        "Net Income": NaN
    },
    "2011-06-30": {
        "Diluted EPS": 6.48,
        "Total Revenue": NaN,
        "Gross Profit": NaN,
        "Operating Income": NaN,
        "EBIT": NaN,
        "Net Income": NaN
    },
    "2011-03-31": {
        "Diluted EPS": 0.97,
        "Total Revenue": NaN,
        "Gross Profit": NaN,
        "Operating Income": 651,
        "EBIT": NaN,
        "Net Income": 416
    },
    "2010-12-31": {
        "Diluted EPS": 1.28,
        "Total Revenue": NaN,
        "Gross Profit": NaN,
        "Operating Income": 697,
        "EBIT": NaN,
        "Net Income": 562
    },
    "2010-09-30": {
        "Diluted EPS": 4.79,
        "Total Revenue": NaN,
        "Gross Profit": NaN,
        "Operating Income": 829,
        "EBIT": NaN,
        "Net Income": NaN
    },
    "2010-06-30": {
        "Diluted EPS": 1.58,
        "Total Revenue": NaN,
        "Gross Profit": NaN,
        "Operating Income": 783,
        "EBIT": NaN,
        "Net Income": 706
    },
    "2010-03-31": {
        "Diluted EPS": 2.66,
        "Total Revenue": NaN,
        "Gross Profit": NaN,
        "Operating Income": NaN,
        "EBIT": NaN,
        "Net Income": NaN
    },
    "2009-12-31": {
        "Diluted EPS": 1.52,
        "Total Revenue": NaN,
        "Gross Profit": NaN,
        "Operating Income": 950,
        "EBIT": NaN,
        "Net Income": 667
    },
    "2009-09-30": {
        "Diluted EPS": 1.12,
        "Total Revenue": NaN,
        "Gross Profit": NaN,
        "Operating Income": 464,
        "EBIT": 952,
        "Net Income": 499
    },
    "2009-06-30": {
        "Diluted EPS": 0.7,
        "Total Revenue": NaN,
        "Gross Profit": NaN,
        "Operating Income": 403,
        "EBIT": 907,
        "Net Income": 314
    },
    "2009-03-31": {
        "Diluted EPS": -8.92,
        "Total Revenue": NaN,
        "Gross Profit": NaN,
        "Operating Income": NaN,
        "EBIT": NaN,
        "Net Income": NaN
    },
    "2023-09-30": {
        "Tax Effect Of Unusual Items": 0.0,
        "Tax Rate For Calcs": 0.14,
        "Normalized EBITDA": 1816000000.0,
        "Total Unusual Items": 0.0,
        "Total Unusual Items Excluding Goodwill": 0.0,
        "Net Income From Continuing Operation Net Minority Interest": 910000000.0,
        "Reconciled Depreciation": 651000000.0,
        "Reconciled Cost Of Revenue": 2568000000.0,
        "EBITDA": 1816000000.0,
        "EBIT": 1165000000.0,
        "Net Interest Income": -81000000.0,
        "Interest Expense": 93000000.0,
        "Interest Income": 11000000.0,
        "Normalized Income": 910000000.0,
        "Net Income From Continuing And Discontinued Operation": 910000000.0,
        "Total Expenses": 2677000000.0,
        "Diluted Average Shares": 639000000.0,
        "Basic Average Shares": 637000000.0,
        "Diluted EPS": 1.42,
        "Basic EPS": 1.43,
        "Diluted NI Availto Com Stockholders": 910000000.0,
        "Net Income Common Stockholders": 910000000.0,
        "Otherunder Preferred Stock Dividend": 0.0,
        "Net Income": 910000000.0,
        "Minority Interests": -10000000.0,
        "Net Income Including Noncontrolling Interests": 920000000.0,
        "Net Income Continuous Operations": 920000000.0,
        "Tax Provision": 152000000.0,
        "Pretax Income": 1072000000.0,
        "Other Income Expense": -6000000.0,
        "Other Non Operating Income Expenses": -6000000.0,
        "Special Income Charges": 0.0,
        "Gain On Sale Of Ppe": 0.0,
        "Restructuring And Mergern Acquisition": NaN,
        "Net Non Operating Interest Income Expense": -81000000.0,
        "Total Other Finance Cost": -1000000.0,
        "Interest Expense Non Operating": 93000000.0,
        "Interest Income Non Operating": 11000000.0,
        "Operating Income": 1159000000.0,
        "Operating Expense": 109000000.0,
        "Other Operating Expenses": 10000000.0,
        "Selling General And Administration": 99000000.0,
        "General And Administrative Expense": 99000000.0,
        "Other Gand A": 48000000.0,
        "Salaries And Wages": 51000000.0,
        "Gross Profit": 1268000000.0,
        "Cost Of Revenue": 2568000000.0,
        "Total Revenue": 3836000000.0,
        "Operating Revenue": 3836000000.0
    },
    "2023-12-31": {
        "Tax Effect Of Unusual Items": -2069230.769231,
        "Tax Rate For Calcs": 0.188112,
        "Normalized EBITDA": 2178000000.0,
        "Total Unusual Items": -11000000.0,
        "Total Unusual Items Excluding Goodwill": -11000000.0,
        "Net Income From Continuing Operation Net Minority Interest": 1152000000.0,
        "Reconciled Depreciation": 650000000.0,
        "Reconciled Cost Of Revenue": 2502000000.0,
        "EBITDA": 2167000000.0,
        "EBIT": 1517000000.0,
        "Net Interest Income": -77000000.0,
        "Interest Expense": 87000000.0,
        "Interest Income": 12000000.0,
        "Normalized Income": 1160930769.230769,
        "Net Income From Continuing And Discontinued Operation": 1152000000.0,
        "Total Expenses": 2625000000.0,
        "Diluted Average Shares": NaN,
        "Basic Average Shares": NaN,
        "Diluted EPS": NaN,
        "Basic EPS": NaN,
        "Diluted NI Availto Com Stockholders": 1152000000.0,
        "Net Income Common Stockholders": 1152000000.0,
        "Otherunder Preferred Stock Dividend": NaN,
        "Net Income": 1152000000.0,
        "Minority Interests": -9000000.0,
        "Net Income Including Noncontrolling Interests": 1161000000.0,
        "Net Income Continuous Operations": 1161000000.0,
        "Tax Provision": 269000000.0,
        "Pretax Income": 1430000000.0,
        "Other Income Expense": -13000000.0,
        "Other Non Operating Income Expenses": -2000000.0,
        "Special Income Charges": -11000000.0,
        "Gain On Sale Of Ppe": -11000000.0,
        "Restructuring And Mergern Acquisition": NaN,
        "Net Non Operating Interest Income Expense": -77000000.0,
        "Total Other Finance Cost": 2000000.0,
        "Interest Expense Non Operating": 87000000.0,
        "Interest Income Non Operating": 12000000.0,
        "Operating Income": 1520000000.0,
        "Operating Expense": 123000000.0,
        "Other Operating Expenses": 12000000.0,
        "Selling General And Administration": 111000000.0,
        "General And Administrative Expense": 111000000.0,
        "Other Gand A": 58000000.0,
        "Salaries And Wages": 53000000.0,
        "Gross Profit": 1643000000.0,
        "Cost Of Revenue": 2502000000.0,
        "Total Revenue": 4145000000.0,
        "Operating Revenue": 4145000000.0
    },
    "2024-03-31": {
        "Tax Effect Of Unusual Items": -210000.0,
        "Tax Rate For Calcs": 0.21,
        "Normalized EBITDA": 1578000000.0,
        "Total Unusual Items": -1000000.0,
        "Total Unusual Items Excluding Goodwill": -1000000.0,
        "Net Income From Continuing Operation Net Minority Interest": 596000000.0,
        "Reconciled Depreciation": 722000000.0,
        "Reconciled Cost Of Revenue": 2606000000.0,
        "EBITDA": 1577000000.0,
        "EBIT": 855000000.0,
        "Net Interest Income": -76000000.0,
        "Interest Expense": 87000000.0,
        "Interest Income": 13000000.0,
        "Normalized Income": 596790000.0,
        "Net Income From Continuing And Discontinued Operation": 596000000.0,
        "Total Expenses": 2729000000.0,
        "Diluted Average Shares": 632000000.0,
        "Basic Average Shares": 629000000.0,
        "Diluted EPS": 0.94,
        "Basic EPS": 0.95,
        "Diluted NI Availto Com Stockholders": 596000000.0,
        "Net Income Common Stockholders": 596000000.0,
        "Otherunder Preferred Stock Dividend": NaN,
        "Net Income": 596000000.0,
        "Minority Interests": -13000000.0,
        "Net Income Including Noncontrolling Interests": 609000000.0,
        "Net Income Continuous Operations": 609000000.0,
        "Tax Provision": 159000000.0,
        "Pretax Income": 768000000.0,
        "Other Income Expense": -23000000.0,
        "Other Non Operating Income Expenses": -22000000.0,
        "Special Income Charges": -1000000.0,
        "Gain On Sale Of Ppe": -1000000.0,
        "Restructuring And Mergern Acquisition": NaN,
        "Net Non Operating Interest Income Expense": -76000000.0,
        "Total Other Finance Cost": 2000000.0,
        "Interest Expense Non Operating": 87000000.0,
        "Interest Income Non Operating": 13000000.0,
        "Operating Income": 867000000.0,
        "Operating Expense": 123000000.0,
        "Other Operating Expenses": 9000000.0,
        "Selling General And Administration": 114000000.0,
        "General And Administrative Expense": 114000000.0,
        "Other Gand A": 114000000.0,
        "Salaries And Wages": NaN,
        "Gross Profit": 990000000.0,
        "Cost Of Revenue": 2606000000.0,
        "Total Revenue": 3596000000.0,
        "Operating Revenue": 3596000000.0
    },
    "2024-06-30": {
        "Tax Effect Of Unusual Items": -2700000.0,
        "Tax Rate For Calcs": 0.18,
        "Normalized EBITDA": 1911000000.0,
        "Total Unusual Items": -15000000.0,
        "Total Unusual Items Excluding Goodwill": -15000000.0,
        "Net Income From Continuing Operation Net Minority Interest": 844000000.0,
        "Reconciled Depreciation": 768000000.0,
        "Reconciled Cost Of Revenue": 2664000000.0,
        "EBITDA": 1896000000.0,
        "EBIT": 1128000000.0,
        "Net Interest Income": -76000000.0,
        "Interest Expense": 88000000.0,
        "Interest Income": 14000000.0,
        "Normalized Income": 856300000.0,
        "Net Income From Continuing And Discontinued Operation": 844000000.0,
        "Total Expenses": 2781000000.0,
        "Diluted Average Shares": 628000000.0,
        "Basic Average Shares": 626000000.0,
        "Diluted EPS": 1.34,
        "Basic EPS": 1.35,
        "Diluted NI Availto Com Stockholders": 844000000.0,
        "Net Income Common Stockholders": 844000000.0,
        "Otherunder Preferred Stock Dividend": NaN,
        "Net Income": 844000000.0,
        "Minority Interests": -11000000.0,
        "Net Income Including Noncontrolling Interests": 855000000.0,
        "Net Income Continuous Operations": 855000000.0,
        "Tax Provision": 185000000.0,
        "Pretax Income": 1040000000.0,
        "Other Income Expense": -20000000.0,
        "Other Non Operating Income Expenses": -5000000.0,
        "Special Income Charges": -15000000.0,
        "Gain On Sale Of Ppe": -15000000.0,
        "Restructuring And Mergern Acquisition": NaN,
        "Net Non Operating Interest Income Expense": -76000000.0,
        "Total Other Finance Cost": 2000000.0,
        "Interest Expense Non Operating": 88000000.0,
        "Interest Income Non Operating": 14000000.0,
        "Operating Income": 1136000000.0,
        "Operating Expense": 117000000.0,
        "Other Operating Expenses": 3000000.0,
        "Selling General And Administration": 114000000.0,
        "General And Administrative Expense": 114000000.0,
        "Other Gand A": 52000000.0,
        "Salaries And Wages": 62000000.0,
        "Gross Profit": 1253000000.0,
        "Cost Of Revenue": 2664000000.0,
        "Total Revenue": 3917000000.0,
        "Operating Revenue": 3917000000.0
    }
}