{
    "2023-03-31": {
        "Tax Effect Of Unusual Items": 42108000.0,
        "Tax Rate For Calcs": 0.348,
        "Normalized EBITDA": -839000000.0,
        "Total Unusual Items": 121000000.0,
        "Total Unusual Items Excluding Goodwill": 121000000.0,
        "Net Income From Continuing Operation Net Minority Interest": -756000000.0,
        "Reconciled Depreciation": 382000000.0,
        "Reconciled Cost Of Revenue": 2735000000.0,
        "EBITDA": -718000000.0,
        "EBIT": -1100000000.0,
        "Net Interest Income": -17000000.0,
        "Interest Expense": 63000000.0,
        "Interest Income": 46000000.0,
        "Normalized Income": -834892000.0,
        "Net Income From Continuing And Discontinued Operation": -756000000.0,
        "Total Expenses": 3504000000.0,
        "Diluted Average Shares": 223920000.0,
        "Basic Average Shares": 223920000.0,
        "Diluted EPS": -3.38,
        "Basic EPS": -3.38,
        "Diluted NI Availto Com Stockholders": -756000000.0,
        "Net Income Common Stockholders": -756000000.0,
        "Net Income": -756000000.0,
        "Minority Interests": 2000000.0,
        "Net Income Including Noncontrolling Interests": -758000000.0,
        "Net Income Continuous Operations": -758000000.0,
        "Tax Provision": -405000000.0,
        "Pretax Income": -1163000000.0,
        "Other Income Expense": -1233000000.0,
        "Other Non Operating Income Expenses": -1354000000.0,
        "Special Income Charges": 121000000.0,
        "Gain On Sale Of Ppe": 18000000.0,
        "Gain On Sale Of Business": 202000000.0,
        "Restructuring And Mergern Acquisition": 81000000.0,
        "Gain On Sale Of Security": 4000000.0,
        "Net Non Operating Interest Income Expense": -17000000.0,
        "Interest Expense Non Operating": 63000000.0,
        "Interest Income Non Operating": 46000000.0,
        "Operating Income": 87000000.0,
        "Operating Expense": 762000000.0,
        "Depreciation Amortization Depletion Income Statement": 375000000.0,
        "Depreciation And Amortization In Income Statement": 375000000.0,
        "Selling General And Administration": 387000000.0,
        "Gross Profit": 849000000.0,
        "Cost Of Revenue": 2742000000.0,
        "Total Revenue": 3591000000.0,
        "Operating Revenue": 3591000000.0
    },
    "2022-12-31": {
        "Tax Effect Of Unusual Items": -23200000.0,
        "Tax Rate For Calcs": 0.4,
        "Normalized EBITDA": 599000000.0,
        "Total Unusual Items": -58000000.0,
        "Total Unusual Items Excluding Goodwill": -58000000.0,
        "Net Income From Continuing Operation Net Minority Interest": 59000000.0,
        "Reconciled Depreciation": 383000000.0,
        "Reconciled Cost Of Revenue": 2791000000.0,
        "EBITDA": 541000000.0,
        "EBIT": 158000000.0,
        "Net Interest Income": -15000000.0,
        "Interest Expense": 56000000.0,
        "Interest Income": 41000000.0,
        "Normalized Income": 93800000.0,
        "Net Income From Continuing And Discontinued Operation": 59000000.0,
        "Total Expenses": 3489000000.0,
        "Diluted Average Shares": 233000000.0,
        "Basic Average Shares": 229540000.0,
        "Diluted EPS": 0.25,
        "Basic EPS": 0.26,
        "Diluted NI Availto Com Stockholders": 59000000.0,
        "Net Income Common Stockholders": 59000000.0,
        "Net Income": 59000000.0,
        "Minority Interests": -2000000.0,
        "Net Income Including Noncontrolling Interests": 61000000.0,
        "Net Income Continuous Operations": 61000000.0,
        "Tax Provision": 41000000.0,
        "Pretax Income": 102000000.0,
        "Other Income Expense": 40000000.0,
        "Other Non Operating Income Expenses": 98000000.0,
        "Special Income Charges": -58000000.0,
        "Gain On Sale Of Ppe": 28000000.0,
        "Gain On Sale Of Business": -9000000.0,
        "Restructuring And Mergern Acquisition": 49000000.0,
        "Gain On Sale Of Security": 8000000.0,
        "Net Non Operating Interest Income Expense": -15000000.0,
        "Interest Expense Non Operating": 56000000.0,
        "Interest Income Non Operating": 41000000.0,
        "Operating Income": 77000000.0,
        "Operating Expense": 690000000.0,
        "Depreciation Amortization Depletion Income Statement": 375000000.0,
        "Depreciation And Amortization In Income Statement": 375000000.0,
        "Selling General And Administration": 315000000.0,
        "Gross Profit": 767000000.0,
        "Cost Of Revenue": 2799000000.0,
        "Total Revenue": 3566000000.0,
        "Operating Revenue": 3566000000.0
    },
    "2022-09-30": {
        "Tax Effect Of Unusual Items": -26180000.0,
        "Tax Rate For Calcs": 0.308,
        "Normalized EBITDA": 571000000.0,
        "Total Unusual Items": -85000000.0,
        "Total Unusual Items Excluding Goodwill": -85000000.0,
        "Net Income From Continuing Operation Net Minority Interest": 27000000.0,
        "Reconciled Depreciation": 388000000.0,
        "Reconciled Cost Of Revenue": 2767000000.0,
        "EBITDA": 486000000.0,
        "EBIT": 98000000.0,
        "Net Interest Income": -16000000.0,
        "Interest Expense": 44000000.0,
        "Interest Income": 28000000.0,
        "Normalized Income": 85820000.0,
        "Net Income From Continuing And Discontinued Operation": 27000000.0,
        "Total Expenses": 3479000000.0,
        "Diluted Average Shares": 233170000.0,
        "Basic Average Shares": 229960000.0,
        "Diluted EPS": 0.12,
        "Basic EPS": 0.12,
        "Diluted NI Availto Com Stockholders": 27000000.0,
        "Net Income Common Stockholders": 27000000.0,
        "Net Income": 27000000.0,
        "Minority Interests": -1000000.0,
        "Net Income Including Noncontrolling Interests": 28000000.0,
        "Net Income Continuous Operations": 28000000.0,
        "Tax Provision": 26000000.0,
        "Pretax Income": 54000000.0,
        "Other Income Expense": -17000000.0,
        "Other Non Operating Income Expenses": 68000000.0,
        "Special Income Charges": -85000000.0,
        "Gain On Sale Of Ppe": NaN,
        "Gain On Sale Of Business": -32000000.0,
        "Restructuring And Mergern Acquisition": 53000000.0,
        "Gain On Sale Of Security": 1000000.0,
        "Net Non Operating Interest Income Expense": -16000000.0,
        "Interest Expense Non Operating": 44000000.0,
        "Interest Income Non Operating": 28000000.0,
        "Operating Income": 87000000.0,
        "Operating Expense": 704000000.0,
        "Depreciation Amortization Depletion Income Statement": 380000000.0,
        "Depreciation And Amortization In Income Statement": 380000000.0,
        "Selling General And Administration": 324000000.0,
        "Gross Profit": 791000000.0,
        "Cost Of Revenue": 2775000000.0,
        "Total Revenue": 3566000000.0,
        "Operating Revenue": 3566000000.0
    },
    "2022-06-30": {
        "Tax Effect Of Unusual Items": -624000.0,
        "Tax Rate For Calcs": 0.156,
        "Normalized EBITDA": 561000000.0,
        "Total Unusual Items": -4000000.0,
        "Total Unusual Items Excluding Goodwill": -4000000.0,
        "Net Income From Continuing Operation Net Minority Interest": 102000000.0,
        "Reconciled Depreciation": 398000000.0,
        "Reconciled Cost Of Revenue": 2921000000.0,
        "EBITDA": 557000000.0,
        "EBIT": 159000000.0,
        "Net Interest Income": -17000000.0,
        "Interest Expense": 37000000.0,
        "Interest Income": 20000000.0,
        "Normalized Income": 105376000.0,
        "Net Income From Continuing And Discontinued Operation": 102000000.0,
        "Total Expenses": 3668000000.0,
        "Diluted Average Shares": 237380000.0,
        "Basic Average Shares": 232480000.0,
        "Diluted EPS": 0.43,
        "Basic EPS": 0.44,
        "Diluted NI Availto Com Stockholders": 102000000.0,
        "Net Income Common Stockholders": 102000000.0,
        "Net Income": 102000000.0,
        "Minority Interests": -1000000.0,
        "Net Income Including Noncontrolling Interests": 103000000.0,
        "Net Income Continuous Operations": 103000000.0,
        "Tax Provision": 19000000.0,
        "Pretax Income": 122000000.0,
        "Other Income Expense": 100000000.0,
        "Other Non Operating Income Expenses": 104000000.0,
        "Special Income Charges": -4000000.0,
        "Gain On Sale Of Ppe": NaN,
        "Gain On Sale Of Business": 29000000.0,
        "Restructuring And Mergern Acquisition": 33000000.0,
        "Gain On Sale Of Security": 2000000.0,
        "Net Non Operating Interest Income Expense": -17000000.0,
        "Interest Expense Non Operating": 37000000.0,
        "Interest Income Non Operating": 20000000.0,
        "Operating Income": 39000000.0,
        "Operating Expense": 738000000.0,
        "Depreciation Amortization Depletion Income Statement": 389000000.0,
        "Depreciation And Amortization In Income Statement": 389000000.0,
        "Selling General And Administration": 349000000.0,
        "Gross Profit": 777000000.0,
        "Cost Of Revenue": 2930000000.0,
        "Total Revenue": 3707000000.0,
        "Operating Revenue": 3707000000.0
    },
    "2023-06-30": {
        "Tax Effect Of Unusual Items": -5250000.0,
        "Tax Rate For Calcs": 0.21,
        "Normalized EBITDA": 520000000.0,
        "Total Unusual Items": -25000000.0,
        "Total Unusual Items Excluding Goodwill": -25000000.0,
        "Net Income From Continuing Operation Net Minority Interest": 36000000.0,
        "Reconciled Depreciation": 351000000.0,
        "Reconciled Cost Of Revenue": 2712000000.0,
        "EBITDA": 495000000.0,
        "EBIT": 144000000.0,
        "Net Interest Income": -17000000.0,
        "Interest Expense": 66000000.0,
        "Interest Income": 49000000.0,
        "Normalized Income": 55750000.0,
        "Net Income From Continuing And Discontinued Operation": 36000000.0,
        "Total Expenses": 3390000000.0,
        "Diluted Average Shares": 213750000.0,
        "Basic Average Shares": 210110000.0,
        "Diluted EPS": 0.17,
        "Basic EPS": 0.17,
        "Diluted NI Availto Com Stockholders": 36000000.0,
        "Net Income Common Stockholders": 36000000.0,
        "Net Income": 36000000.0,
        "Minority Interests": -6000000.0,
        "Net Income Including Noncontrolling Interests": 42000000.0,
        "Net Income Continuous Operations": 42000000.0,
        "Tax Provision": 36000000.0,
        "Pretax Income": 78000000.0,
        "Other Income Expense": 39000000.0,
        "Other Non Operating Income Expenses": 64000000.0,
        "Special Income Charges": -25000000.0,
        "Gain On Sale Of Ppe": 21000000.0,
        "Gain On Sale Of Business": -5000000.0,
        "Restructuring And Mergern Acquisition": 20000000.0,
        "Gain On Sale Of Security": 8000000.0,
        "Net Non Operating Interest Income Expense": -17000000.0,
        "Interest Expense Non Operating": 66000000.0,
        "Interest Income Non Operating": 49000000.0,
        "Operating Income": 56000000.0,
        "Operating Expense": 671000000.0,
        "Depreciation Amortization Depletion Income Statement": 344000000.0,
        "Depreciation And Amortization In Income Statement": 344000000.0,
        "Selling General And Administration": 327000000.0,
        "Gross Profit": 727000000.0,
        "Cost Of Revenue": 2719000000.0,
        "Total Revenue": 3446000000.0,
        "Operating Revenue": 3446000000.0
    },
    "2022-03-31": {
        "Diluted EPS": 2.1,
        "Total Revenue": NaN,
        "Gross Profit": 847,
        "Operating Income": 109,
        "EBIT": 542,
        "Net Income": 530
    },
    "2021-12-31": {
        "Diluted EPS": 0.38,
        "Total Revenue": NaN,
        "Gross Profit": 910,
        "Operating Income": 144,
        "EBIT": 574,
        "Net Income": 98
    },
    "2021-09-30": {
        "Diluted EPS": -0.74,
        "Total Revenue": NaN,
        "Gross Profit": 939,
        "Operating Income": -160,
        "EBIT": 292,
        "Net Income": -188
    },
    "2021-06-30": {
        "Diluted EPS": 1.07,
        "Total Revenue": NaN,
        "Gross Profit": 886,
        "Operating Income": 53,
        "EBIT": 480,
        "Net Income": 278
    },
    "2021-03-31": {
        "Diluted EPS": -3.11,
        "Total Revenue": NaN,
        "Gross Profit": 824,
        "Operating Income": -166,
        "EBIT": 319,
        "Net Income": -798
    },
    "2020-12-31": {
        "Diluted EPS": 4.29,
        "Total Revenue": NaN,
        "Gross Profit": 955,
        "Operating Income": -37,
        "EBIT": 444,
        "Net Income": NaN
    },
    "2020-09-30": {
        "Diluted EPS": -0.96,
        "Total Revenue": NaN,
        "Gross Profit": 991,
        "Operating Income": -73,
        "EBIT": 456,
        "Net Income": -244
    },
    "2020-06-30": {
        "Diluted EPS": -0.81,
        "Total Revenue": NaN,
        "Gross Profit": 873,
        "Operating Income": -158,
        "EBIT": 338,
        "Net Income": -205
    },
    "2020-03-31": {
        "Diluted EPS": -13.5,
        "Total Revenue": NaN,
        "Gross Profit": NaN,
        "Operating Income": -20,
        "EBIT": NaN,
        "Net Income": NaN
    },
    "2019-12-31": {
        "Diluted EPS": 0.32,
        "Total Revenue": NaN,
        "Gross Profit": NaN,
        "Operating Income": 197,
        "EBIT": 733,
        "Net Income": 82
    },
    "2019-09-30": {
        "Diluted EPS": -8.19,
        "Total Revenue": NaN,
        "Gross Profit": NaN,
        "Operating Income": 216,
        "EBIT": NaN,
        "Net Income": NaN
    },
    "2019-06-30": {
        "Diluted EPS": 0.61,
        "Total Revenue": NaN,
        "Gross Profit": NaN,
        "Operating Income": 291,
        "EBIT": 765,
        "Net Income": 163
    },
    "2019-03-31": {
        "Diluted EPS": 0.99,
        "Total Revenue": NaN,
        "Gross Profit": NaN,
        "Operating Income": 480,
        "EBIT": 979,
        "Net Income": 274
    },
    "2018-12-31": {
        "Diluted EPS": 1.66,
        "Total Revenue": NaN,
        "Gross Profit": NaN,
        "Operating Income": 454,
        "EBIT": 966,
        "Net Income": 462
    },
    "2018-09-30": {
        "Diluted EPS": 0.92,
        "Total Revenue": NaN,
        "Gross Profit": NaN,
        "Operating Income": 442,
        "EBIT": 935,
        "Net Income": 262
    },
    "2018-06-30": {
        "Diluted EPS": 0.9,
        "Total Revenue": NaN,
        "Gross Profit": NaN,
        "Operating Income": 504,
        "EBIT": NaN,
        "Net Income": 259
    },
    "2018-03-31": {
        "Diluted EPS": 1.93,
        "Total Revenue": NaN,
        "Gross Profit": NaN,
        "Operating Income": 560,
        "EBIT": NaN,
        "Net Income": 560
    },
    "2017-12-31": {
        "Diluted EPS": 2.68,
        "Total Revenue": NaN,
        "Gross Profit": NaN,
        "Operating Income": 522,
        "EBIT": NaN,
        "Net Income": 776
    },
    "2017-09-30": {
        "Diluted EPS": 0.88,
        "Total Revenue": NaN,
        "Gross Profit": NaN,
        "Operating Income": 457,
        "EBIT": 998,
        "Net Income": 256
    },
    "2017-06-30": {
        "Diluted EPS": 0.55,
        "Total Revenue": NaN,
        "Gross Profit": 927,
        "Operating Income": 192,
        "EBIT": 555,
        "Net Income": 159
    },
    "2017-03-31": {
        "Diluted EPS": -1.04,
        "Total Revenue": NaN,
        "Gross Profit": 471,
        "Operating Income": -33,
        "EBIT": 139,
        "Net Income": -148
    },
    "2016-12-31": {
        "Diluted EPS": 0.21,
        "Total Revenue": NaN,
        "Gross Profit": 570,
        "Operating Income": 76,
        "EBIT": 240,
        "Net Income": 31
    },
    "2016-09-30": {
        "Diluted EPS": 0.1,
        "Total Revenue": NaN,
        "Gross Profit": 508,
        "Operating Income": 48,
        "EBIT": 218,
        "Net Income": 15
    },
    "2016-06-30": {
        "Diluted EPS": -0.15,
        "Total Revenue": NaN,
        "Gross Profit": 509,
        "Operating Income": 38,
        "EBIT": 207,
        "Net Income": -21
    },
    "2016-03-31": {
        "Diluted EPS": -0.91,
        "Total Revenue": NaN,
        "Gross Profit": 347,
        "Operating Income": -154,
        "EBIT": 5,
        "Net Income": -126
    },
    "2015-12-31": {
        "Diluted EPS": 0.35,
        "Total Revenue": NaN,
        "Gross Profit": 534,
        "Operating Income": 114,
        "EBIT": 312,
        "Net Income": 50
    },
    "2015-09-30": {
        "Diluted EPS": 1.21,
        "Total Revenue": NaN,
        "Gross Profit": 508,
        "Operating Income": 71,
        "EBIT": 274,
        "Net Income": 171
    },
    "2015-06-30": {
        "Diluted EPS": 1.15,
        "Total Revenue": NaN,
        "Gross Profit": 532,
        "Operating Income": 87,
        "EBIT": 294,
        "Net Income": 163
    },
    "2015-03-31": {
        "Diluted EPS": 0.06,
        "Total Revenue": NaN,
        "Gross Profit": 292,
        "Operating Income": -158,
        "EBIT": 57,
        "Net Income": 9
    },
    "2014-12-31": {
        "Diluted EPS": -2.23,
        "Total Revenue": NaN,
        "Gross Profit": 377,
        "Operating Income": -345,
        "EBIT": -107,
        "Net Income": -314
    },
    "2014-09-30": {
        "Diluted EPS": 1.04,
        "Total Revenue": NaN,
        "Gross Profit": 873,
        "Operating Income": 275,
        "EBIT": 527,
        "Net Income": 151
    },
    "2014-06-30": {
        "Diluted EPS": 0.98,
        "Total Revenue": NaN,
        "Gross Profit": 873,
        "Operating Income": 257,
        "EBIT": 529,
        "Net Income": 146
    },
    "2014-03-31": {
        "Diluted EPS": 1.81,
        "Total Revenue": NaN,
        "Gross Profit": NaN,
        "Operating Income": 507,
        "EBIT": 772,
        "Net Income": 270
    },
    "2013-12-31": {
        "Diluted EPS": 1.81,
        "Total Revenue": NaN,
        "Gross Profit": 967,
        "Operating Income": 398,
        "EBIT": 649,
        "Net Income": 271
    },
    "2013-09-30": {
        "Diluted EPS": 1.54,
        "Total Revenue": NaN,
        "Gross Profit": 870,
        "Operating Income": 308,
        "EBIT": 555,
        "Net Income": 232
    },
    "2013-06-30": {
        "Diluted EPS": 1.14,
        "Total Revenue": NaN,
        "Gross Profit": 817,
        "Operating Income": 275,
        "EBIT": 530,
        "Net Income": 174
    },
    "2013-03-31": {
        "Diluted EPS": 0.56,
        "Total Revenue": NaN,
        "Gross Profit": 662,
        "Operating Income": 42,
        "EBIT": 311,
        "Net Income": 80
    },
    "2012-12-31": {
        "Diluted EPS": 3.27,
        "Total Revenue": NaN,
        "Gross Profit": 769,
        "Operating Income": 230,
        "EBIT": 498,
        "Net Income": 510
    },
    "2012-09-30": {
        "Diluted EPS": 0.83,
        "Total Revenue": NaN,
        "Gross Profit": 815,
        "Operating Income": 250,
        "EBIT": 521,
        "Net Income": 130
    },
    "2012-06-30": {
        "Diluted EPS": 0.26,
        "Total Revenue": NaN,
        "Gross Profit": 656,
        "Operating Income": 113,
        "EBIT": 375,
        "Net Income": 40
    },
    "2012-03-31": {
        "Diluted EPS": 22.38,
        "Total Revenue": NaN,
        "Gross Profit": NaN,
        "Operating Income": 887,
        "EBIT": NaN,
        "Net Income": NaN
    },
    "2011-12-31": {
        "Diluted EPS": -8.96,
        "Total Revenue": NaN,
        "Gross Profit": -780,
        "Operating Income": NaN,
        "EBIT": -971,
        "Net Income": NaN
    },
    "2011-09-30": {
        "Diluted EPS": -18.56,
        "Total Revenue": NaN,
        "Gross Profit": 456,
        "Operating Income": -141,
        "EBIT": NaN,
        "Net Income": NaN
    },
    "2011-06-30": {
        "Diluted EPS": 1.17,
        "Total Revenue": NaN,
        "Gross Profit": 668,
        "Operating Income": 126,
        "EBIT": 418,
        "Net Income": 183
    },
    "2011-03-31": {
        "Diluted EPS": 1.1,
        "Total Revenue": NaN,
        "Gross Profit": 703,
        "Operating Income": 214,
        "EBIT": 497,
        "Net Income": 171
    },
    "2010-12-31": {
        "Diluted EPS": 1.54,
        "Total Revenue": NaN,
        "Gross Profit": 774,
        "Operating Income": 263,
        "EBIT": 549,
        "Net Income": 242
    },
    "2010-09-30": {
        "Diluted EPS": 1.18,
        "Total Revenue": NaN,
        "Gross Profit": 787,
        "Operating Income": 269,
        "EBIT": 563,
        "Net Income": 184
    },
    "2010-06-30": {
        "Diluted EPS": 0.91,
        "Total Revenue": NaN,
        "Gross Profit": 740,
        "Operating Income": 241,
        "EBIT": 518,
        "Net Income": 143
    },
    "2010-03-31": {
        "Diluted EPS": 1.67,
        "Total Revenue": NaN,
        "Gross Profit": 887,
        "Operating Income": 368,
        "EBIT": 646,
        "Net Income": 259
    },
    "2009-12-31": {
        "Diluted EPS": 1.36,
        "Total Revenue": NaN,
        "Gross Profit": 848,
        "Operating Income": 329,
        "EBIT": 630,
        "Net Income": 211
    },
    "2009-09-30": {
        "Diluted EPS": 1.4,
        "Total Revenue": NaN,
        "Gross Profit": 826,
        "Operating Income": 305,
        "EBIT": 599,
        "Net Income": 216
    },
    "2009-06-30": {
        "Diluted EPS": 0.85,
        "Total Revenue": NaN,
        "Gross Profit": 742,
        "Operating Income": 225,
        "EBIT": 508,
        "Net Income": 131
    },
    "2009-03-31": {
        "Diluted EPS": 2.51,
        "Total Revenue": NaN,
        "Gross Profit": 901,
        "Operating Income": 386,
        "EBIT": 669,
        "Net Income": 381
    },
    "2023-09-30": {
        "Tax Effect Of Unusual Items": -8399000.0,
        "Tax Rate For Calcs": 0.227,
        "Normalized EBITDA": 611000000.0,
        "Total Unusual Items": -37000000.0,
        "Total Unusual Items Excluding Goodwill": -37000000.0,
        "Net Income From Continuing Operation Net Minority Interest": 99000000.0,
        "Reconciled Depreciation": 368000000.0,
        "Reconciled Cost Of Revenue": 2626000000.0,
        "EBITDA": 574000000.0,
        "EBIT": 206000000.0,
        "Net Interest Income": -25000000.0,
        "Interest Expense": 78000000.0,
        "Interest Income": 53000000.0,
        "Normalized Income": 127601000.0,
        "Net Income From Continuing And Discontinued Operation": 99000000.0,
        "Total Expenses": 3322000000.0,
        "Diluted Average Shares": 203060000.0,
        "Basic Average Shares": 201720000.0,
        "Diluted EPS": 0.49,
        "Basic EPS": 0.49,
        "Diluted NI Availto Com Stockholders": 99000000.0,
        "Net Income Common Stockholders": 99000000.0,
        "Net Income": 99000000.0,
        "Minority Interests": 0.0,
        "Net Income Including Noncontrolling Interests": 99000000.0,
        "Net Income Continuous Operations": 99000000.0,
        "Tax Provision": 29000000.0,
        "Pretax Income": 128000000.0,
        "Other Income Expense": 39000000.0,
        "Other Non Operating Income Expenses": 76000000.0,
        "Special Income Charges": -37000000.0,
        "Gain On Sale Of Ppe": NaN,
        "Gain On Sale Of Business": -2000000.0,
        "Restructuring And Mergern Acquisition": 35000000.0,
        "Gain On Sale Of Security": NaN,
        "Net Non Operating Interest Income Expense": -25000000.0,
        "Interest Expense Non Operating": 78000000.0,
        "Interest Income Non Operating": 53000000.0,
        "Operating Income": 114000000.0,
        "Operating Expense": 689000000.0,
        "Depreciation Amortization Depletion Income Statement": 361000000.0,
        "Depreciation And Amortization In Income Statement": 361000000.0,
        "Selling General And Administration": 328000000.0,
        "Gross Profit": 803000000.0,
        "Cost Of Revenue": 2633000000.0,
        "Total Revenue": 3436000000.0,
        "Operating Revenue": 3436000000.0
    }
}