{
    "2023-03-31": {
        "Tax Effect Of Unusual Items": NaN,
        "Tax Rate For Calcs": NaN,
        "Normalized EBITDA": NaN,
        "Net Income From Continuing Operation Net Minority Interest": NaN,
        "Reconciled Depreciation": NaN,
        "EBITDA": NaN,
        "EBIT": NaN,
        "Net Interest Income": NaN,
        "Interest Income": NaN,
        "Normalized Income": NaN,
        "Net Income From Continuing And Discontinued Operation": NaN,
        "Total Expenses": NaN,
        "Total Operating Income As Reported": NaN,
        "Diluted Average Shares": 56325864.0,
        "Basic Average Shares": 56325864.0,
        "Diluted EPS": -0.78,
        "Basic EPS": -0.78,
        "Diluted NI Availto Com Stockholders": NaN,
        "Net Income Common Stockholders": NaN,
        "Net Income": NaN,
        "Net Income Including Noncontrolling Interests": NaN,
        "Net Income Continuous Operations": NaN,
        "Pretax Income": NaN,
        "Other Income Expense": NaN,
        "Other Non Operating Income Expenses": NaN,
        "Net Non Operating Interest Income Expense": NaN,
        "Interest Income Non Operating": NaN,
        "Operating Income": NaN,
        "Operating Expense": NaN,
        "Research And Development": NaN,
        "Selling General And Administration": NaN,
        "General And Administrative Expense": NaN,
        "Other Gand A": NaN,
        "Salaries And Wages": NaN,
        "Total Revenue": NaN,
        "Operating Revenue": NaN
    },
    "2022-12-31": {
        "Tax Effect Of Unusual Items": NaN,
        "Tax Rate For Calcs": NaN,
        "Normalized EBITDA": NaN,
        "Net Income From Continuing Operation Net Minority Interest": NaN,
        "Reconciled Depreciation": NaN,
        "EBITDA": NaN,
        "EBIT": NaN,
        "Net Interest Income": NaN,
        "Interest Income": NaN,
        "Normalized Income": NaN,
        "Net Income From Continuing And Discontinued Operation": NaN,
        "Total Expenses": NaN,
        "Total Operating Income As Reported": NaN,
        "Diluted Average Shares": 52817413.0,
        "Basic Average Shares": 52817413.0,
        "Diluted EPS": -0.74,
        "Basic EPS": -0.74,
        "Diluted NI Availto Com Stockholders": NaN,
        "Net Income Common Stockholders": NaN,
        "Net Income": NaN,
        "Net Income Including Noncontrolling Interests": NaN,
        "Net Income Continuous Operations": NaN,
        "Pretax Income": NaN,
        "Other Income Expense": NaN,
        "Other Non Operating Income Expenses": NaN,
        "Net Non Operating Interest Income Expense": NaN,
        "Interest Income Non Operating": NaN,
        "Operating Income": NaN,
        "Operating Expense": NaN,
        "Research And Development": NaN,
        "Selling General And Administration": NaN,
        "General And Administrative Expense": NaN,
        "Other Gand A": NaN,
        "Salaries And Wages": NaN,
        "Total Revenue": NaN,
        "Operating Revenue": NaN
    },
    "2022-09-30": {
        "Tax Effect Of Unusual Items": 0.0,
        "Tax Rate For Calcs": 0.0,
        "Normalized EBITDA": -41882000.0,
        "Net Income From Continuing Operation Net Minority Interest": -41385000.0,
        "Reconciled Depreciation": 397000.0,
        "EBITDA": -41882000.0,
        "EBIT": -42279000.0,
        "Net Interest Income": 903000.0,
        "Interest Income": 903000.0,
        "Normalized Income": -41385000.0,
        "Net Income From Continuing And Discontinued Operation": -41385000.0,
        "Total Expenses": 42279000.0,
        "Total Operating Income As Reported": -42279000.0,
        "Diluted Average Shares": 51795446.0,
        "Basic Average Shares": 51795446.0,
        "Diluted EPS": -0.8,
        "Basic EPS": -0.8,
        "Diluted NI Availto Com Stockholders": -41385000.0,
        "Net Income Common Stockholders": -41385000.0,
        "Net Income": -41385000.0,
        "Net Income Including Noncontrolling Interests": -41385000.0,
        "Net Income Continuous Operations": -41385000.0,
        "Pretax Income": -41385000.0,
        "Other Income Expense": -9000.0,
        "Other Non Operating Income Expenses": -9000.0,
        "Net Non Operating Interest Income Expense": 903000.0,
        "Interest Income Non Operating": 903000.0,
        "Operating Income": -42279000.0,
        "Operating Expense": 42279000.0,
        "Research And Development": 34670000.0,
        "Selling General And Administration": 7609000.0,
        "General And Administrative Expense": 7609000.0,
        "Other Gand A": 3447000.0,
        "Salaries And Wages": 4162000.0,
        "Total Revenue": 0.0,
        "Operating Revenue": 0.0
    },
    "2022-06-30": {
        "Tax Effect Of Unusual Items": 0.0,
        "Tax Rate For Calcs": 0.0,
        "Normalized EBITDA": -52295000.0,
        "Net Income From Continuing Operation Net Minority Interest": -52304000.0,
        "Reconciled Depreciation": 460000.0,
        "EBITDA": -52295000.0,
        "EBIT": -52755000.0,
        "Net Interest Income": 441000.0,
        "Interest Income": 441000.0,
        "Normalized Income": -52304000.0,
        "Net Income From Continuing And Discontinued Operation": -52304000.0,
        "Total Expenses": 52755000.0,
        "Total Operating Income As Reported": -52755000.0,
        "Diluted Average Shares": 51679536.0,
        "Basic Average Shares": 51679536.0,
        "Diluted EPS": -1.01,
        "Basic EPS": -1.01,
        "Diluted NI Availto Com Stockholders": -52304000.0,
        "Net Income Common Stockholders": -52304000.0,
        "Net Income": -52304000.0,
        "Net Income Including Noncontrolling Interests": -52304000.0,
        "Net Income Continuous Operations": -52304000.0,
        "Pretax Income": -52304000.0,
        "Other Income Expense": 10000.0,
        "Other Non Operating Income Expenses": 10000.0,
        "Net Non Operating Interest Income Expense": 441000.0,
        "Interest Income Non Operating": 441000.0,
        "Operating Income": -52755000.0,
        "Operating Expense": 52755000.0,
        "Research And Development": 46664000.0,
        "Selling General And Administration": 6091000.0,
        "General And Administrative Expense": 6091000.0,
        "Other Gand A": 2730000.0,
        "Salaries And Wages": 3361000.0,
        "Total Revenue": 0.0,
        "Operating Revenue": 0.0
    },
    "2022-03-31": {
        "Diluted EPS": -0.69,
        "Total Revenue": NaN,
        "Gross Profit": NaN,
        "Operating Income": -36,
        "EBIT": -35,
        "Net Income": -36
    },
    "2021-12-31": {
        "Diluted EPS": -1.02,
        "Total Revenue": NaN,
        "Gross Profit": NaN,
        "Operating Income": -52,
        "EBIT": -51,
        "Net Income": -52
    },
    "2021-09-30": {
        "Diluted EPS": -0.83,
        "Total Revenue": NaN,
        "Gross Profit": NaN,
        "Operating Income": -43,
        "EBIT": -42,
        "Net Income": -43
    },
    "2021-06-30": {
        "Diluted EPS": -0.58,
        "Total Revenue": NaN,
        "Gross Profit": NaN,
        "Operating Income": -30,
        "EBIT": -29,
        "Net Income": -30
    },
    "2021-03-31": {
        "Diluted EPS": -0.5,
        "Total Revenue": NaN,
        "Gross Profit": NaN,
        "Operating Income": -25,
        "EBIT": -24,
        "Net Income": -25
    },
    "2020-12-31": {
        "Diluted EPS": 2.09,
        "Total Revenue": NaN,
        "Gross Profit": NaN,
        "Operating Income": -29,
        "EBIT": -28,
        "Net Income": -29
    },
    "2020-09-30": {
        "Diluted EPS": -2.01,
        "Total Revenue": NaN,
        "Gross Profit": NaN,
        "Operating Income": -14,
        "EBIT": -13,
        "Net Income": -14
    },
    "2020-06-30": {
        "Diluted EPS": -3.31,
        "Total Revenue": NaN,
        "Gross Profit": NaN,
        "Operating Income": -9,
        "EBIT": -9,
        "Net Income": -9
    },
    "2020-03-31": {
        "Diluted EPS": -0.9,
        "Total Revenue": NaN,
        "Gross Profit": NaN,
        "Operating Income": -8,
        "EBIT": -8,
        "Net Income": -8
    },
    "2019-12-31": {
        "Diluted EPS": 0.0,
        "Total Revenue": NaN,
        "Gross Profit": NaN,
        "Operating Income": NaN,
        "EBIT": NaN,
        "Net Income": NaN
    },
    "2019-09-30": {
        "Diluted EPS": -2.36,
        "Total Revenue": NaN,
        "Gross Profit": NaN,
        "Operating Income": -4,
        "EBIT": -4,
        "Net Income": -6
    },
    "2023-06-30": {
        "Tax Effect Of Unusual Items": NaN,
        "Tax Rate For Calcs": NaN,
        "Normalized EBITDA": NaN,
        "Net Income From Continuing Operation Net Minority Interest": NaN,
        "Reconciled Depreciation": NaN,
        "EBITDA": NaN,
        "EBIT": NaN,
        "Net Interest Income": NaN,
        "Interest Income": NaN,
        "Normalized Income": NaN,
        "Net Income From Continuing And Discontinued Operation": NaN,
        "Total Expenses": NaN,
        "Total Operating Income As Reported": NaN,
        "Diluted Average Shares": 59835087.0,
        "Basic Average Shares": 59835087.0,
        "Diluted EPS": -1.08,
        "Basic EPS": -1.08,
        "Diluted NI Availto Com Stockholders": NaN,
        "Net Income Common Stockholders": NaN,
        "Net Income": NaN,
        "Net Income Including Noncontrolling Interests": NaN,
        "Net Income Continuous Operations": NaN,
        "Pretax Income": NaN,
        "Other Income Expense": NaN,
        "Other Non Operating Income Expenses": NaN,
        "Net Non Operating Interest Income Expense": NaN,
        "Interest Income Non Operating": NaN,
        "Operating Income": NaN,
        "Operating Expense": NaN,
        "Research And Development": NaN,
        "Selling General And Administration": NaN,
        "General And Administrative Expense": NaN,
        "Other Gand A": NaN,
        "Salaries And Wages": NaN,
        "Total Revenue": NaN,
        "Operating Revenue": NaN
    },
    "2023-09-30": {
        "Tax Effect Of Unusual Items": 0.0,
        "Tax Rate For Calcs": 0.0,
        "Normalized EBITDA": -61842000.0,
        "Net Income From Continuing Operation Net Minority Interest": -60210000.0,
        "Reconciled Depreciation": 431000.0,
        "EBITDA": -61842000.0,
        "EBIT": -62273000.0,
        "Net Interest Income": 2189000.0,
        "Interest Income": 2189000.0,
        "Normalized Income": -60210000.0,
        "Net Income From Continuing And Discontinued Operation": -60210000.0,
        "Total Expenses": 62273000.0,
        "Total Operating Income As Reported": -62273000.0,
        "Diluted Average Shares": 61109917.0,
        "Basic Average Shares": 61109917.0,
        "Diluted EPS": -0.99,
        "Basic EPS": -0.99,
        "Diluted NI Availto Com Stockholders": -60210000.0,
        "Net Income Common Stockholders": -60210000.0,
        "Net Income": -60210000.0,
        "Net Income Including Noncontrolling Interests": -60210000.0,
        "Net Income Continuous Operations": -60210000.0,
        "Pretax Income": -60210000.0,
        "Other Income Expense": -126000.0,
        "Other Non Operating Income Expenses": -126000.0,
        "Net Non Operating Interest Income Expense": 2189000.0,
        "Interest Income Non Operating": 2189000.0,
        "Operating Income": -62273000.0,
        "Operating Expense": 62273000.0,
        "Research And Development": 55251000.0,
        "Selling General And Administration": 7022000.0,
        "General And Administrative Expense": 7022000.0,
        "Other Gand A": 2886000.0,
        "Salaries And Wages": 4136000.0,
        "Total Revenue": 0.0,
        "Operating Revenue": 0.0
    },
    "2023-12-31": {
        "Tax Effect Of Unusual Items": 0.0,
        "Tax Rate For Calcs": 0.0,
        "Normalized EBITDA": -67289000.0,
        "Net Income From Continuing Operation Net Minority Interest": -66638000.0,
        "Reconciled Depreciation": 399000.0,
        "EBITDA": -67289000.0,
        "EBIT": -67688000.0,
        "Net Interest Income": 1751000.0,
        "Interest Income": 1751000.0,
        "Normalized Income": -66638000.0,
        "Net Income From Continuing And Discontinued Operation": -66638000.0,
        "Total Expenses": 67688000.0,
        "Total Operating Income As Reported": -67688000.0,
        "Diluted Average Shares": NaN,
        "Basic Average Shares": NaN,
        "Diluted EPS": NaN,
        "Basic EPS": NaN,
        "Diluted NI Availto Com Stockholders": -66638000.0,
        "Net Income Common Stockholders": -66638000.0,
        "Net Income": -66638000.0,
        "Net Income Including Noncontrolling Interests": -66638000.0,
        "Net Income Continuous Operations": -66638000.0,
        "Pretax Income": -66638000.0,
        "Other Income Expense": -701000.0,
        "Other Non Operating Income Expenses": -701000.0,
        "Net Non Operating Interest Income Expense": 1751000.0,
        "Interest Income Non Operating": 1751000.0,
        "Operating Income": -67688000.0,
        "Operating Expense": 67688000.0,
        "Research And Development": 58844000.0,
        "Selling General And Administration": 8844000.0,
        "General And Administrative Expense": 8844000.0,
        "Other Gand A": 3660000.0,
        "Salaries And Wages": 5184000.0,
        "Total Revenue": 0.0,
        "Operating Revenue": 0.0
    },
    "2024-03-31": {
        "Tax Effect Of Unusual Items": 0.0,
        "Tax Rate For Calcs": 0.0,
        "Normalized EBITDA": -68771000.0,
        "Net Income From Continuing Operation Net Minority Interest": -65649000.0,
        "Reconciled Depreciation": 386000.0,
        "EBITDA": -68771000.0,
        "EBIT": -69157000.0,
        "Net Interest Income": 3002000.0,
        "Interest Income": 3002000.0,
        "Normalized Income": -65649000.0,
        "Net Income From Continuing And Discontinued Operation": -65649000.0,
        "Total Expenses": 69157000.0,
        "Total Operating Income As Reported": -69157000.0,
        "Diluted Average Shares": 81043741.0,
        "Basic Average Shares": 81043741.0,
        "Diluted EPS": -0.81,
        "Basic EPS": -0.81,
        "Diluted NI Availto Com Stockholders": -65649000.0,
        "Net Income Common Stockholders": -65649000.0,
        "Net Income": -65649000.0,
        "Net Income Including Noncontrolling Interests": -65649000.0,
        "Net Income Continuous Operations": -65649000.0,
        "Pretax Income": -65649000.0,
        "Other Income Expense": 506000.0,
        "Other Non Operating Income Expenses": 506000.0,
        "Net Non Operating Interest Income Expense": 3002000.0,
        "Interest Income Non Operating": 3002000.0,
        "Operating Income": -69157000.0,
        "Operating Expense": 69157000.0,
        "Research And Development": 44539000.0,
        "Selling General And Administration": 24618000.0,
        "General And Administrative Expense": 24618000.0,
        "Other Gand A": 4969000.0,
        "Salaries And Wages": 19649000.0,
        "Total Revenue": 0.0,
        "Operating Revenue": 0.0
    },
    "2024-06-30": {
        "Tax Effect Of Unusual Items": 0.0,
        "Tax Rate For Calcs": 0.0,
        "Normalized EBITDA": -71563000.0,
        "Net Income From Continuing Operation Net Minority Interest": -65102000.0,
        "Reconciled Depreciation": 399000.0,
        "EBITDA": -71563000.0,
        "EBIT": -71962000.0,
        "Net Interest Income": 7052000.0,
        "Interest Income": 7052000.0,
        "Normalized Income": -65102000.0,
        "Net Income From Continuing And Discontinued Operation": -65102000.0,
        "Total Expenses": 71962000.0,
        "Total Operating Income As Reported": -71962000.0,
        "Diluted Average Shares": 92507815.0,
        "Basic Average Shares": 92507815.0,
        "Diluted EPS": -0.7,
        "Basic EPS": -0.7,
        "Diluted NI Availto Com Stockholders": -65102000.0,
        "Net Income Common Stockholders": -65102000.0,
        "Net Income": -65102000.0,
        "Net Income Including Noncontrolling Interests": -65102000.0,
        "Net Income Continuous Operations": -65102000.0,
        "Pretax Income": -65102000.0,
        "Other Income Expense": -192000.0,
        "Other Non Operating Income Expenses": -192000.0,
        "Net Non Operating Interest Income Expense": 7052000.0,
        "Interest Income Non Operating": 7052000.0,
        "Operating Income": -71962000.0,
        "Operating Expense": 71962000.0,
        "Research And Development": 62263000.0,
        "Selling General And Administration": 9699000.0,
        "General And Administrative Expense": 9699000.0,
        "Other Gand A": 4849000.0,
        "Salaries And Wages": 4850000.0,
        "Total Revenue": 0.0,
        "Operating Revenue": 0.0
    },
    "2024-09-30": {
        "Tax Effect Of Unusual Items": 0.0,
        "Tax Rate For Calcs": 0.0,
        "Normalized EBITDA": -105221000.0,
        "Net Income From Continuing Operation Net Minority Interest": -97125000.0,
        "Reconciled Depreciation": 438000.0,
        "EBITDA": -105221000.0,
        "EBIT": -105659000.0,
        "Net Interest Income": 9276000.0,
        "Interest Income": 9276000.0,
        "Normalized Income": -97125000.0,
        "Net Income From Continuing And Discontinued Operation": -97125000.0,
        "Total Expenses": 105659000.0,
        "Total Operating Income As Reported": -105659000.0,
        "Diluted Average Shares": 100882042.0,
        "Basic Average Shares": 100882042.0,
        "Diluted EPS": -0.96,
        "Basic EPS": -0.96,
        "Diluted NI Availto Com Stockholders": -97125000.0,
        "Net Income Common Stockholders": -97125000.0,
        "Net Income": -97125000.0,
        "Net Income Including Noncontrolling Interests": -97125000.0,
        "Net Income Continuous Operations": -97125000.0,
        "Pretax Income": -97125000.0,
        "Other Income Expense": -742000.0,
        "Other Non Operating Income Expenses": -742000.0,
        "Net Non Operating Interest Income Expense": 9276000.0,
        "Interest Income Non Operating": 9276000.0,
        "Operating Income": -105659000.0,
        "Operating Expense": 105659000.0,
        "Research And Development": 92800000.0,
        "Selling General And Administration": 12859000.0,
        "General And Administrative Expense": 12859000.0,
        "Other Gand A": 5717000.0,
        "Salaries And Wages": 7142000.0,
        "Total Revenue": 0.0,
        "Operating Revenue": 0.0
    }
}