{
    "2023-03-31": {
        "Tax Effect Of Unusual Items": NaN,
        "Tax Rate For Calcs": NaN,
        "Normalized EBITDA": NaN,
        "Total Unusual Items": NaN,
        "Total Unusual Items Excluding Goodwill": NaN,
        "Net Income From Continuing Operation Net Minority Interest": NaN,
        "Reconciled Depreciation": NaN,
        "Reconciled Cost Of Revenue": NaN,
        "EBITDA": NaN,
        "EBIT": NaN,
        "Net Interest Income": NaN,
        "Interest Expense": 17000000.0,
        "Interest Income": NaN,
        "Normalized Income": NaN,
        "Net Income From Continuing And Discontinued Operation": NaN,
        "Total Expenses": NaN,
        "Total Operating Income As Reported": NaN,
        "Diluted Average Shares": NaN,
        "Basic Average Shares": NaN,
        "Diluted EPS": NaN,
        "Basic EPS": NaN,
        "Diluted NI Availto Com Stockholders": NaN,
        "Net Income Common Stockholders": NaN,
        "Net Income": NaN,
        "Net Income Including Noncontrolling Interests": NaN,
        "Net Income Continuous Operations": NaN,
        "Tax Provision": NaN,
        "Pretax Income": NaN,
        "Other Income Expense": NaN,
        "Other Non Operating Income Expenses": NaN,
        "Special Income Charges": NaN,
        "Restructuring And Mergern Acquisition": NaN,
        "Net Non Operating Interest Income Expense": NaN,
        "Total Other Finance Cost": NaN,
        "Interest Expense Non Operating": 17000000.0,
        "Interest Income Non Operating": NaN,
        "Operating Income": NaN,
        "Operating Expense": NaN,
        "Depreciation Amortization Depletion Income Statement": NaN,
        "Depreciation And Amortization In Income Statement": NaN,
        "Amortization": NaN,
        "Amortization Of Intangibles Income Statement": NaN,
        "Research And Development": NaN,
        "Selling General And Administration": NaN,
        "Selling And Marketing Expense": NaN,
        "General And Administrative Expense": NaN,
        "Other Gand A": NaN,
        "Gross Profit": NaN,
        "Cost Of Revenue": NaN,
        "Total Revenue": NaN,
        "Operating Revenue": NaN
    },
    "2022-12-31": {
        "Tax Effect Of Unusual Items": NaN,
        "Tax Rate For Calcs": NaN,
        "Normalized EBITDA": NaN,
        "Total Unusual Items": NaN,
        "Total Unusual Items Excluding Goodwill": NaN,
        "Net Income From Continuing Operation Net Minority Interest": NaN,
        "Reconciled Depreciation": NaN,
        "Reconciled Cost Of Revenue": NaN,
        "EBITDA": NaN,
        "EBIT": NaN,
        "Net Interest Income": NaN,
        "Interest Expense": 13000000.0,
        "Interest Income": 7000000.0,
        "Normalized Income": NaN,
        "Net Income From Continuing And Discontinued Operation": NaN,
        "Total Expenses": NaN,
        "Total Operating Income As Reported": NaN,
        "Diluted Average Shares": NaN,
        "Basic Average Shares": NaN,
        "Diluted EPS": NaN,
        "Basic EPS": NaN,
        "Diluted NI Availto Com Stockholders": NaN,
        "Net Income Common Stockholders": NaN,
        "Net Income": NaN,
        "Net Income Including Noncontrolling Interests": NaN,
        "Net Income Continuous Operations": NaN,
        "Tax Provision": NaN,
        "Pretax Income": NaN,
        "Other Income Expense": NaN,
        "Other Non Operating Income Expenses": NaN,
        "Special Income Charges": NaN,
        "Restructuring And Mergern Acquisition": NaN,
        "Net Non Operating Interest Income Expense": NaN,
        "Total Other Finance Cost": 1000000.0,
        "Interest Expense Non Operating": 13000000.0,
        "Interest Income Non Operating": 7000000.0,
        "Operating Income": NaN,
        "Operating Expense": NaN,
        "Depreciation Amortization Depletion Income Statement": NaN,
        "Depreciation And Amortization In Income Statement": NaN,
        "Amortization": NaN,
        "Amortization Of Intangibles Income Statement": NaN,
        "Research And Development": NaN,
        "Selling General And Administration": NaN,
        "Selling And Marketing Expense": NaN,
        "General And Administrative Expense": NaN,
        "Other Gand A": NaN,
        "Gross Profit": NaN,
        "Cost Of Revenue": NaN,
        "Total Revenue": NaN,
        "Operating Revenue": NaN
    },
    "2022-09-30": {
        "Tax Effect Of Unusual Items": NaN,
        "Tax Rate For Calcs": NaN,
        "Normalized EBITDA": NaN,
        "Total Unusual Items": NaN,
        "Total Unusual Items Excluding Goodwill": NaN,
        "Net Income From Continuing Operation Net Minority Interest": NaN,
        "Reconciled Depreciation": NaN,
        "Reconciled Cost Of Revenue": NaN,
        "EBITDA": NaN,
        "EBIT": NaN,
        "Net Interest Income": NaN,
        "Interest Expense": NaN,
        "Interest Income": NaN,
        "Normalized Income": NaN,
        "Net Income From Continuing And Discontinued Operation": NaN,
        "Total Expenses": NaN,
        "Total Operating Income As Reported": NaN,
        "Diluted Average Shares": NaN,
        "Basic Average Shares": NaN,
        "Diluted EPS": NaN,
        "Basic EPS": NaN,
        "Diluted NI Availto Com Stockholders": NaN,
        "Net Income Common Stockholders": NaN,
        "Net Income": NaN,
        "Net Income Including Noncontrolling Interests": NaN,
        "Net Income Continuous Operations": NaN,
        "Tax Provision": NaN,
        "Pretax Income": NaN,
        "Other Income Expense": 15000000.0,
        "Other Non Operating Income Expenses": 15000000.0,
        "Special Income Charges": NaN,
        "Restructuring And Mergern Acquisition": NaN,
        "Net Non Operating Interest Income Expense": NaN,
        "Total Other Finance Cost": 1000000.0,
        "Interest Expense Non Operating": NaN,
        "Interest Income Non Operating": NaN,
        "Operating Income": NaN,
        "Operating Expense": NaN,
        "Depreciation Amortization Depletion Income Statement": NaN,
        "Depreciation And Amortization In Income Statement": NaN,
        "Amortization": NaN,
        "Amortization Of Intangibles Income Statement": NaN,
        "Research And Development": NaN,
        "Selling General And Administration": NaN,
        "Selling And Marketing Expense": NaN,
        "General And Administrative Expense": NaN,
        "Other Gand A": NaN,
        "Gross Profit": NaN,
        "Cost Of Revenue": NaN,
        "Total Revenue": NaN,
        "Operating Revenue": NaN
    },
    "2022-06-30": {
        "Tax Effect Of Unusual Items": 0.0,
        "Tax Rate For Calcs": 0.286697,
        "Normalized EBITDA": 555000000.0,
        "Total Unusual Items": NaN,
        "Total Unusual Items Excluding Goodwill": NaN,
        "Net Income From Continuing Operation Net Minority Interest": 311000000.0,
        "Reconciled Depreciation": 114000000.0,
        "Reconciled Cost Of Revenue": 239000000.0,
        "EBITDA": 555000000.0,
        "EBIT": 441000000.0,
        "Net Interest Income": -5000000.0,
        "Interest Expense": NaN,
        "Normalized Income": 311000000.0,
        "Net Income From Continuing And Discontinued Operation": 311000000.0,
        "Total Expenses": 1326000000.0,
        "Total Operating Income As Reported": 441000000.0,
        "Diluted Average Shares": 281000000.0,
        "Basic Average Shares": 279000000.0,
        "Diluted EPS": 1.11,
        "Basic EPS": 1.11,
        "Diluted NI Availto Com Stockholders": 311000000.0,
        "Net Income Common Stockholders": 311000000.0,
        "Net Income": 311000000.0,
        "Net Income Including Noncontrolling Interests": 311000000.0,
        "Net Income Continuous Operations": 311000000.0,
        "Tax Provision": 125000000.0,
        "Pretax Income": 436000000.0,
        "Other Income Expense": NaN,
        "Other Non Operating Income Expenses": NaN,
        "Special Income Charges": NaN,
        "Restructuring And Mergern Acquisition": NaN,
        "Net Non Operating Interest Income Expense": -5000000.0,
        "Total Other Finance Cost": 5000000.0,
        "Interest Expense Non Operating": NaN,
        "Operating Income": 441000000.0,
        "Operating Expense": 1012000000.0,
        "Depreciation Amortization Depletion Income Statement": 39000000.0,
        "Depreciation And Amortization In Income Statement": 39000000.0,
        "Amortization": 39000000.0,
        "Amortization Of Intangibles Income Statement": 39000000.0,
        "Research And Development": 572000000.0,
        "Selling General And Administration": 401000000.0,
        "Selling And Marketing Expense": 234000000.0,
        "General And Administrative Expense": 167000000.0,
        "Other Gand A": 167000000.0,
        "Gross Profit": 1453000000.0,
        "Cost Of Revenue": 314000000.0,
        "Total Revenue": 1767000000.0,
        "Operating Revenue": 1767000000.0
    },
    "2023-06-30": {
        "Tax Effect Of Unusual Items": NaN,
        "Tax Rate For Calcs": NaN,
        "Normalized EBITDA": NaN,
        "Total Unusual Items": NaN,
        "Total Unusual Items Excluding Goodwill": NaN,
        "Net Income From Continuing Operation Net Minority Interest": NaN,
        "Reconciled Depreciation": NaN,
        "Reconciled Cost Of Revenue": NaN,
        "EBITDA": NaN,
        "EBIT": NaN,
        "Net Interest Income": NaN,
        "Interest Expense": NaN,
        "Interest Income": NaN,
        "Normalized Income": NaN,
        "Net Income From Continuing And Discontinued Operation": NaN,
        "Total Expenses": NaN,
        "Total Operating Income As Reported": NaN,
        "Diluted Average Shares": NaN,
        "Basic Average Shares": NaN,
        "Diluted EPS": NaN,
        "Basic EPS": NaN,
        "Diluted NI Availto Com Stockholders": NaN,
        "Net Income Common Stockholders": NaN,
        "Net Income": NaN,
        "Net Income Including Noncontrolling Interests": NaN,
        "Net Income Continuous Operations": NaN,
        "Tax Provision": NaN,
        "Pretax Income": NaN,
        "Other Income Expense": NaN,
        "Other Non Operating Income Expenses": NaN,
        "Special Income Charges": NaN,
        "Restructuring And Mergern Acquisition": NaN,
        "Net Non Operating Interest Income Expense": NaN,
        "Total Other Finance Cost": -14000000.0,
        "Interest Expense Non Operating": NaN,
        "Interest Income Non Operating": NaN,
        "Operating Income": NaN,
        "Operating Expense": NaN,
        "Depreciation Amortization Depletion Income Statement": NaN,
        "Depreciation And Amortization In Income Statement": NaN,
        "Amortization": NaN,
        "Amortization Of Intangibles Income Statement": NaN,
        "Research And Development": NaN,
        "Selling General And Administration": NaN,
        "Selling And Marketing Expense": NaN,
        "General And Administrative Expense": NaN,
        "Other Gand A": NaN,
        "Gross Profit": NaN,
        "Cost Of Revenue": NaN,
        "Total Revenue": NaN,
        "Operating Revenue": NaN
    },
    "2023-09-30": {
        "Tax Effect Of Unusual Items": NaN,
        "Tax Rate For Calcs": NaN,
        "Normalized EBITDA": NaN,
        "Total Unusual Items": NaN,
        "Total Unusual Items Excluding Goodwill": NaN,
        "Net Income From Continuing Operation Net Minority Interest": NaN,
        "Reconciled Depreciation": NaN,
        "Reconciled Cost Of Revenue": NaN,
        "EBITDA": NaN,
        "EBIT": NaN,
        "Net Interest Income": NaN,
        "Interest Expense": 14000000.0,
        "Interest Income": NaN,
        "Normalized Income": NaN,
        "Net Income From Continuing And Discontinued Operation": NaN,
        "Total Expenses": NaN,
        "Total Operating Income As Reported": NaN,
        "Diluted Average Shares": NaN,
        "Basic Average Shares": NaN,
        "Diluted EPS": NaN,
        "Basic EPS": NaN,
        "Diluted NI Availto Com Stockholders": NaN,
        "Net Income Common Stockholders": NaN,
        "Net Income": NaN,
        "Net Income Including Noncontrolling Interests": NaN,
        "Net Income Continuous Operations": NaN,
        "Tax Provision": NaN,
        "Pretax Income": NaN,
        "Other Income Expense": 26000000.0,
        "Other Non Operating Income Expenses": 28000000.0,
        "Special Income Charges": NaN,
        "Restructuring And Mergern Acquisition": NaN,
        "Net Non Operating Interest Income Expense": NaN,
        "Total Other Finance Cost": NaN,
        "Interest Expense Non Operating": 14000000.0,
        "Interest Income Non Operating": NaN,
        "Operating Income": NaN,
        "Operating Expense": NaN,
        "Depreciation Amortization Depletion Income Statement": NaN,
        "Depreciation And Amortization In Income Statement": NaN,
        "Amortization": NaN,
        "Amortization Of Intangibles Income Statement": NaN,
        "Research And Development": NaN,
        "Selling General And Administration": NaN,
        "Selling And Marketing Expense": NaN,
        "General And Administrative Expense": NaN,
        "Other Gand A": NaN,
        "Gross Profit": NaN,
        "Cost Of Revenue": NaN,
        "Total Revenue": NaN,
        "Operating Revenue": NaN
    },
    "2023-12-31": {
        "Tax Effect Of Unusual Items": 0.0,
        "Tax Rate For Calcs": 0.24,
        "Normalized EBITDA": 479000000.0,
        "Total Unusual Items": 0.0,
        "Total Unusual Items Excluding Goodwill": 0.0,
        "Net Income From Continuing Operation Net Minority Interest": 290000000.0,
        "Reconciled Depreciation": 82000000.0,
        "Reconciled Cost Of Revenue": 468000000.0,
        "EBITDA": 479000000.0,
        "EBIT": 397000000.0,
        "Net Interest Income": 17000000.0,
        "Interest Expense": 15000000.0,
        "Interest Income": 32000000.0,
        "Normalized Income": 290000000.0,
        "Net Income From Continuing And Discontinued Operation": 290000000.0,
        "Total Expenses": 1580000000.0,
        "Total Operating Income As Reported": 365000000.0,
        "Diluted Average Shares": 271000000.0,
        "Basic Average Shares": 269000000.0,
        "Diluted EPS": 1.07,
        "Basic EPS": 1.08,
        "Diluted NI Availto Com Stockholders": 290000000.0,
        "Net Income Common Stockholders": 290000000.0,
        "Net Income": 290000000.0,
        "Net Income Including Noncontrolling Interests": 290000000.0,
        "Net Income Continuous Operations": 290000000.0,
        "Tax Provision": 92000000.0,
        "Pretax Income": 382000000.0,
        "Other Income Expense": NaN,
        "Other Non Operating Income Expenses": NaN,
        "Special Income Charges": 0.0,
        "Restructuring And Mergern Acquisition": 0.0,
        "Net Non Operating Interest Income Expense": 17000000.0,
        "Total Other Finance Cost": NaN,
        "Interest Expense Non Operating": 15000000.0,
        "Interest Income Non Operating": 32000000.0,
        "Operating Income": 365000000.0,
        "Operating Expense": 1051000000.0,
        "Depreciation Amortization Depletion Income Statement": 21000000.0,
        "Depreciation And Amortization In Income Statement": 21000000.0,
        "Amortization": 21000000.0,
        "Amortization Of Intangibles Income Statement": 21000000.0,
        "Research And Development": 584000000.0,
        "Selling General And Administration": 446000000.0,
        "Selling And Marketing Expense": 276000000.0,
        "General And Administrative Expense": 170000000.0,
        "Other Gand A": 170000000.0,
        "Gross Profit": 1416000000.0,
        "Cost Of Revenue": 529000000.0,
        "Total Revenue": 1945000000.0,
        "Operating Revenue": 1945000000.0
    },
    "2024-03-31": {
        "Tax Effect Of Unusual Items": -17100000.0,
        "Tax Rate For Calcs": 0.3,
        "Normalized EBITDA": 481000000.0,
        "Total Unusual Items": -57000000.0,
        "Total Unusual Items Excluding Goodwill": -57000000.0,
        "Net Income From Continuing Operation Net Minority Interest": 182000000.0,
        "Reconciled Depreciation": 149000000.0,
        "Reconciled Cost Of Revenue": 280000000.0,
        "EBITDA": 424000000.0,
        "EBIT": 275000000.0,
        "Net Interest Income": 23000000.0,
        "Interest Expense": 15000000.0,
        "Interest Income": 37000000.0,
        "Normalized Income": 221900000.0,
        "Net Income From Continuing And Discontinued Operation": 182000000.0,
        "Total Expenses": 1486000000.0,
        "Total Operating Income As Reported": 234000000.0,
        "Diluted Average Shares": 270000000.0,
        "Basic Average Shares": 267000000.0,
        "Diluted EPS": 0.67,
        "Basic EPS": 0.68,
        "Diluted NI Availto Com Stockholders": 182000000.0,
        "Net Income Common Stockholders": 182000000.0,
        "Net Income": 182000000.0,
        "Net Income Including Noncontrolling Interests": 182000000.0,
        "Net Income Continuous Operations": 182000000.0,
        "Tax Provision": 78000000.0,
        "Pretax Income": 260000000.0,
        "Other Income Expense": -56000000.0,
        "Other Non Operating Income Expenses": NaN,
        "Special Income Charges": -59000000.0,
        "Restructuring And Mergern Acquisition": 59000000.0,
        "Net Non Operating Interest Income Expense": 23000000.0,
        "Total Other Finance Cost": NaN,
        "Interest Expense Non Operating": 15000000.0,
        "Interest Income Non Operating": 37000000.0,
        "Operating Income": 293000000.0,
        "Operating Expense": 1129000000.0,
        "Depreciation Amortization Depletion Income Statement": 72000000.0,
        "Depreciation And Amortization In Income Statement": 72000000.0,
        "Amortization": 72000000.0,
        "Amortization Of Intangibles Income Statement": 72000000.0,
        "Research And Development": 638000000.0,
        "Selling General And Administration": 419000000.0,
        "Selling And Marketing Expense": 234000000.0,
        "General And Administrative Expense": 185000000.0,
        "Other Gand A": 185000000.0,
        "Gross Profit": 1422000000.0,
        "Cost Of Revenue": 357000000.0,
        "Total Revenue": 1779000000.0,
        "Operating Revenue": 1779000000.0
    },
    "2024-06-30": {
        "Tax Effect Of Unusual Items": -580000.0,
        "Tax Rate For Calcs": 0.29,
        "Normalized EBITDA": 448000000.0,
        "Total Unusual Items": -2000000.0,
        "Total Unusual Items Excluding Goodwill": -2000000.0,
        "Net Income From Continuing Operation Net Minority Interest": 280000000.0,
        "Reconciled Depreciation": 80000000.0,
        "Reconciled Cost Of Revenue": 200000000.0,
        "EBITDA": 446000000.0,
        "EBIT": 366000000.0,
        "Net Interest Income": 30000000.0,
        "Interest Expense": NaN,
        "Interest Income": NaN,
        "Normalized Income": 281420000.0,
        "Net Income From Continuing And Discontinued Operation": 280000000.0,
        "Total Expenses": 1294000000.0,
        "Total Operating Income As Reported": 364000000.0,
        "Diluted Average Shares": 268000000.0,
        "Basic Average Shares": 266000000.0,
        "Diluted EPS": 1.04,
        "Basic EPS": 1.05,
        "Diluted NI Availto Com Stockholders": 280000000.0,
        "Net Income Common Stockholders": 280000000.0,
        "Net Income": 280000000.0,
        "Net Income Including Noncontrolling Interests": 280000000.0,
        "Net Income Continuous Operations": 280000000.0,
        "Tax Provision": 114000000.0,
        "Pretax Income": 394000000.0,
        "Other Income Expense": -2000000.0,
        "Other Non Operating Income Expenses": NaN,
        "Special Income Charges": -2000000.0,
        "Restructuring And Mergern Acquisition": 2000000.0,
        "Net Non Operating Interest Income Expense": 30000000.0,
        "Total Other Finance Cost": -30000000.0,
        "Interest Expense Non Operating": NaN,
        "Interest Income Non Operating": NaN,
        "Operating Income": 366000000.0,
        "Operating Expense": 1031000000.0,
        "Depreciation Amortization Depletion Income Statement": 17000000.0,
        "Depreciation And Amortization In Income Statement": 17000000.0,
        "Amortization": 17000000.0,
        "Amortization Of Intangibles Income Statement": 17000000.0,
        "Research And Development": 629000000.0,
        "Selling General And Administration": 385000000.0,
        "Selling And Marketing Expense": 205000000.0,
        "General And Administrative Expense": 180000000.0,
        "Other Gand A": 180000000.0,
        "Gross Profit": 1397000000.0,
        "Cost Of Revenue": 263000000.0,
        "Total Revenue": 1660000000.0,
        "Operating Revenue": 1660000000.0
    },
    "2024-09-30": {
        "Tax Effect Of Unusual Items": -13260000.0,
        "Tax Rate For Calcs": 0.26,
        "Normalized EBITDA": 586000000.0,
        "Total Unusual Items": -51000000.0,
        "Total Unusual Items Excluding Goodwill": -51000000.0,
        "Net Income From Continuing Operation Net Minority Interest": 294000000.0,
        "Reconciled Depreciation": 122000000.0,
        "Reconciled Cost Of Revenue": 351000000.0,
        "EBITDA": 535000000.0,
        "EBIT": 413000000.0,
        "Net Interest Income": -14000000.0,
        "Interest Expense": 14000000.0,
        "Interest Income": NaN,
        "Normalized Income": 331740000.0,
        "Net Income From Continuing And Discontinued Operation": 294000000.0,
        "Total Expenses": 1590000000.0,
        "Total Operating Income As Reported": 384000000.0,
        "Diluted Average Shares": 266000000.0,
        "Basic Average Shares": 264000000.0,
        "Diluted EPS": 1.11,
        "Basic EPS": 1.11,
        "Diluted NI Availto Com Stockholders": 294000000.0,
        "Net Income Common Stockholders": 294000000.0,
        "Net Income": 294000000.0,
        "Net Income Including Noncontrolling Interests": 294000000.0,
        "Net Income Continuous Operations": 294000000.0,
        "Tax Provision": 105000000.0,
        "Pretax Income": 399000000.0,
        "Other Income Expense": -22000000.0,
        "Other Non Operating Income Expenses": 29000000.0,
        "Special Income Charges": -51000000.0,
        "Restructuring And Mergern Acquisition": 51000000.0,
        "Net Non Operating Interest Income Expense": -14000000.0,
        "Total Other Finance Cost": NaN,
        "Interest Expense Non Operating": 14000000.0,
        "Interest Income Non Operating": NaN,
        "Operating Income": 435000000.0,
        "Operating Expense": 1134000000.0,
        "Depreciation Amortization Depletion Income Statement": 17000000.0,
        "Depreciation And Amortization In Income Statement": 17000000.0,
        "Amortization": 17000000.0,
        "Amortization Of Intangibles Income Statement": 17000000.0,
        "Research And Development": 648000000.0,
        "Selling General And Administration": 469000000.0,
        "Selling And Marketing Expense": 272000000.0,
        "General And Administrative Expense": 197000000.0,
        "Other Gand A": 197000000.0,
        "Gross Profit": 1569000000.0,
        "Cost Of Revenue": 456000000.0,
        "Total Revenue": 2025000000.0,
        "Operating Revenue": 2025000000.0
    },
    "2024-12-31": {
        "Tax Effect Of Unusual Items": -280000.0,
        "Tax Rate For Calcs": 0.28,
        "Normalized EBITDA": 496000000.0,
        "Total Unusual Items": -1000000.0,
        "Total Unusual Items Excluding Goodwill": -1000000.0,
        "Net Income From Continuing Operation Net Minority Interest": 293000000.0,
        "Reconciled Depreciation": 75000000.0,
        "Reconciled Cost Of Revenue": 397000000.0,
        "EBITDA": 495000000.0,
        "EBIT": 420000000.0,
        "Net Interest Income": 28000000.0,
        "Interest Expense": 15000000.0,
        "Interest Income": 43000000.0,
        "Normalized Income": 293720000.0,
        "Net Income From Continuing And Discontinued Operation": 293000000.0,
        "Total Expenses": 1505000000.0,
        "Total Operating Income As Reported": 377000000.0,
        "Diluted Average Shares": 265000000.0,
        "Basic Average Shares": 262000000.0,
        "Diluted EPS": 1.11,
        "Basic EPS": 1.12,
        "Diluted NI Availto Com Stockholders": 293000000.0,
        "Net Income Common Stockholders": 293000000.0,
        "Net Income": 293000000.0,
        "Net Income Including Noncontrolling Interests": 293000000.0,
        "Net Income Continuous Operations": 293000000.0,
        "Tax Provision": 112000000.0,
        "Pretax Income": 405000000.0,
        "Other Income Expense": -1000000.0,
        "Other Non Operating Income Expenses": NaN,
        "Special Income Charges": -1000000.0,
        "Restructuring And Mergern Acquisition": 1000000.0,
        "Net Non Operating Interest Income Expense": 28000000.0,
        "Total Other Finance Cost": NaN,
        "Interest Expense Non Operating": 15000000.0,
        "Interest Income Non Operating": 43000000.0,
        "Operating Income": 378000000.0,
        "Operating Expense": 1049000000.0,
        "Depreciation Amortization Depletion Income Statement": 16000000.0,
        "Depreciation And Amortization In Income Statement": 16000000.0,
        "Amortization": 16000000.0,
        "Amortization Of Intangibles Income Statement": 16000000.0,
        "Research And Development": 606000000.0,
        "Selling General And Administration": 427000000.0,
        "Selling And Marketing Expense": 251000000.0,
        "General And Administrative Expense": 176000000.0,
        "Other Gand A": 176000000.0,
        "Gross Profit": 1427000000.0,
        "Cost Of Revenue": 456000000.0,
        "Total Revenue": 1883000000.0,
        "Operating Revenue": 1883000000.0
    }
}