{
    "2023-03-31": {
        "Tax Effect Of Unusual Items": NaN,
        "Tax Rate For Calcs": NaN,
        "Normalized EBITDA": NaN,
        "Net Income From Continuing Operation Net Minority Interest": NaN,
        "Reconciled Depreciation": NaN,
        "Reconciled Cost Of Revenue": NaN,
        "EBITDA": NaN,
        "EBIT": NaN,
        "Net Interest Income": NaN,
        "Interest Expense": NaN,
        "Interest Income": NaN,
        "Normalized Income": NaN,
        "Net Income From Continuing And Discontinued Operation": NaN,
        "Total Expenses": NaN,
        "Total Operating Income As Reported": NaN,
        "Diluted Average Shares": 99503000.0,
        "Basic Average Shares": 99503000.0,
        "Diluted EPS": -0.13,
        "Basic EPS": -0.13,
        "Diluted NI Availto Com Stockholders": NaN,
        "Net Income Common Stockholders": NaN,
        "Net Income": NaN,
        "Net Income Including Noncontrolling Interests": NaN,
        "Net Income Continuous Operations": NaN,
        "Tax Provision": NaN,
        "Pretax Income": NaN,
        "Other Income Expense": NaN,
        "Other Non Operating Income Expenses": NaN,
        "Net Non Operating Interest Income Expense": NaN,
        "Interest Expense Non Operating": NaN,
        "Interest Income Non Operating": NaN,
        "Operating Income": NaN,
        "Operating Expense": NaN,
        "Research And Development": NaN,
        "Selling General And Administration": NaN,
        "Selling And Marketing Expense": NaN,
        "General And Administrative Expense": NaN,
        "Other Gand A": NaN,
        "Gross Profit": NaN,
        "Cost Of Revenue": NaN,
        "Total Revenue": NaN,
        "Operating Revenue": NaN
    },
    "2022-12-31": {
        "Tax Effect Of Unusual Items": 0.0,
        "Tax Rate For Calcs": 0.039952,
        "Normalized EBITDA": 10789000.0,
        "Net Income From Continuing Operation Net Minority Interest": 4013000.0,
        "Reconciled Depreciation": 3801000.0,
        "Reconciled Cost Of Revenue": 24281000.0,
        "EBITDA": 10789000.0,
        "EBIT": 6988000.0,
        "Net Interest Income": -2808000.0,
        "Interest Expense": 2808000.0,
        "Interest Income": NaN,
        "Normalized Income": 4013000.0,
        "Net Income From Continuing And Discontinued Operation": 4013000.0,
        "Total Expenses": 77122000.0,
        "Total Operating Income As Reported": -5583000.0,
        "Diluted Average Shares": NaN,
        "Basic Average Shares": NaN,
        "Diluted EPS": NaN,
        "Basic EPS": NaN,
        "Diluted NI Availto Com Stockholders": 4013000.0,
        "Net Income Common Stockholders": 4013000.0,
        "Net Income": 4013000.0,
        "Net Income Including Noncontrolling Interests": 4013000.0,
        "Net Income Continuous Operations": 4013000.0,
        "Tax Provision": 167000.0,
        "Pretax Income": 4180000.0,
        "Other Income Expense": 12571000.0,
        "Other Non Operating Income Expenses": 12571000.0,
        "Net Non Operating Interest Income Expense": -2808000.0,
        "Interest Expense Non Operating": 2808000.0,
        "Interest Income Non Operating": NaN,
        "Operating Income": -5583000.0,
        "Operating Expense": 52841000.0,
        "Research And Development": 23038000.0,
        "Selling General And Administration": 29803000.0,
        "Selling And Marketing Expense": 7426000.0,
        "General And Administrative Expense": 22377000.0,
        "Other Gand A": 22377000.0,
        "Gross Profit": 47258000.0,
        "Cost Of Revenue": 24281000.0,
        "Total Revenue": 71539000.0,
        "Operating Revenue": 71539000.0
    },
    "2022-09-30": {
        "Tax Effect Of Unusual Items": NaN,
        "Tax Rate For Calcs": NaN,
        "Normalized EBITDA": NaN,
        "Total Unusual Items": 0.0,
        "Total Unusual Items Excluding Goodwill": 0.0,
        "Net Income From Continuing Operation Net Minority Interest": NaN,
        "Reconciled Depreciation": NaN,
        "Reconciled Cost Of Revenue": NaN,
        "EBITDA": NaN,
        "EBIT": NaN,
        "Net Interest Income": NaN,
        "Interest Expense": NaN,
        "Interest Income": NaN,
        "Normalized Income": NaN,
        "Net Income From Continuing And Discontinued Operation": NaN,
        "Total Expenses": NaN,
        "Total Operating Income As Reported": NaN,
        "Diluted Average Shares": 98543000.0,
        "Basic Average Shares": 98543000.0,
        "Diluted EPS": -0.21,
        "Basic EPS": -0.21,
        "Diluted NI Availto Com Stockholders": NaN,
        "Net Income Common Stockholders": NaN,
        "Net Income": NaN,
        "Net Income Including Noncontrolling Interests": NaN,
        "Net Income Continuous Operations": NaN,
        "Tax Provision": NaN,
        "Pretax Income": NaN,
        "Other Income Expense": NaN,
        "Other Non Operating Income Expenses": NaN,
        "Special Income Charges": 0.0,
        "Net Non Operating Interest Income Expense": NaN,
        "Interest Expense Non Operating": NaN,
        "Interest Income Non Operating": NaN,
        "Operating Income": NaN,
        "Operating Expense": NaN,
        "Research And Development": NaN,
        "Selling General And Administration": NaN,
        "Selling And Marketing Expense": NaN,
        "General And Administrative Expense": NaN,
        "Other Gand A": NaN,
        "Gross Profit": NaN,
        "Cost Of Revenue": NaN,
        "Total Revenue": NaN,
        "Operating Revenue": NaN
    },
    "2022-06-30": {
        "Tax Effect Of Unusual Items": 0.0,
        "Tax Rate For Calcs": 0.008098,
        "Normalized EBITDA": -13929000.0,
        "Total Unusual Items": 0.0,
        "Total Unusual Items Excluding Goodwill": 0.0,
        "Net Income From Continuing Operation Net Minority Interest": -20088000.0,
        "Reconciled Depreciation": 3486000.0,
        "Reconciled Cost Of Revenue": 23042000.0,
        "EBITDA": -13929000.0,
        "EBIT": -17415000.0,
        "Net Interest Income": -2837000.0,
        "Interest Expense": 2837000.0,
        "Interest Income": NaN,
        "Normalized Income": -20088000.0,
        "Net Income From Continuing And Discontinued Operation": -20088000.0,
        "Total Expenses": 79341000.0,
        "Total Operating Income As Reported": -13300000.0,
        "Diluted Average Shares": 98015000.0,
        "Basic Average Shares": 98015000.0,
        "Diluted EPS": -0.2,
        "Basic EPS": -0.2,
        "Diluted NI Availto Com Stockholders": -20088000.0,
        "Net Income Common Stockholders": -20088000.0,
        "Net Income": -20088000.0,
        "Net Income Including Noncontrolling Interests": -20088000.0,
        "Net Income Continuous Operations": -20088000.0,
        "Tax Provision": -164000.0,
        "Pretax Income": -20252000.0,
        "Other Income Expense": -4115000.0,
        "Other Non Operating Income Expenses": -4115000.0,
        "Special Income Charges": 0.0,
        "Net Non Operating Interest Income Expense": -2837000.0,
        "Interest Expense Non Operating": 2837000.0,
        "Interest Income Non Operating": NaN,
        "Operating Income": -13300000.0,
        "Operating Expense": 56299000.0,
        "Research And Development": 22541000.0,
        "Selling General And Administration": 33758000.0,
        "Selling And Marketing Expense": 14263000.0,
        "General And Administrative Expense": 19495000.0,
        "Other Gand A": 19495000.0,
        "Gross Profit": 42999000.0,
        "Cost Of Revenue": 23042000.0,
        "Total Revenue": 66041000.0,
        "Operating Revenue": 66041000.0
    },
    "2023-06-30": {
        "Tax Effect Of Unusual Items": NaN,
        "Tax Rate For Calcs": NaN,
        "Normalized EBITDA": NaN,
        "Net Income From Continuing Operation Net Minority Interest": NaN,
        "Reconciled Depreciation": NaN,
        "Reconciled Cost Of Revenue": NaN,
        "EBITDA": NaN,
        "EBIT": NaN,
        "Net Interest Income": NaN,
        "Interest Expense": NaN,
        "Interest Income": NaN,
        "Normalized Income": NaN,
        "Net Income From Continuing And Discontinued Operation": NaN,
        "Total Expenses": NaN,
        "Total Operating Income As Reported": NaN,
        "Diluted Average Shares": 99995000.0,
        "Basic Average Shares": 99995000.0,
        "Diluted EPS": -0.03,
        "Basic EPS": -0.03,
        "Diluted NI Availto Com Stockholders": NaN,
        "Net Income Common Stockholders": NaN,
        "Net Income": NaN,
        "Net Income Including Noncontrolling Interests": NaN,
        "Net Income Continuous Operations": NaN,
        "Tax Provision": NaN,
        "Pretax Income": NaN,
        "Other Income Expense": NaN,
        "Other Non Operating Income Expenses": NaN,
        "Net Non Operating Interest Income Expense": NaN,
        "Interest Expense Non Operating": NaN,
        "Interest Income Non Operating": NaN,
        "Operating Income": NaN,
        "Operating Expense": NaN,
        "Research And Development": NaN,
        "Selling General And Administration": NaN,
        "Selling And Marketing Expense": NaN,
        "General And Administrative Expense": NaN,
        "Other Gand A": NaN,
        "Gross Profit": NaN,
        "Cost Of Revenue": NaN,
        "Total Revenue": NaN,
        "Operating Revenue": NaN
    },
    "2023-09-30": {
        "Tax Effect Of Unusual Items": 0.0,
        "Tax Rate For Calcs": 0.21,
        "Normalized EBITDA": -3127000.0,
        "Net Income From Continuing Operation Net Minority Interest": -9935000.0,
        "Reconciled Depreciation": 3225000.0,
        "Reconciled Cost Of Revenue": 25867000.0,
        "EBITDA": -3127000.0,
        "EBIT": -6352000.0,
        "Net Interest Income": 4748000.0,
        "Interest Expense": 2821000.0,
        "Interest Income": 7569000.0,
        "Normalized Income": -9935000.0,
        "Net Income From Continuing And Discontinued Operation": -9935000.0,
        "Total Expenses": 93108000.0,
        "Total Operating Income As Reported": -11564000.0,
        "Diluted Average Shares": 100540000.0,
        "Basic Average Shares": 100540000.0,
        "Diluted EPS": -0.1,
        "Basic EPS": -0.1,
        "Diluted NI Availto Com Stockholders": -9935000.0,
        "Net Income Common Stockholders": -9935000.0,
        "Net Income": -9935000.0,
        "Net Income Including Noncontrolling Interests": -9935000.0,
        "Net Income Continuous Operations": -9935000.0,
        "Tax Provision": 762000.0,
        "Pretax Income": -9173000.0,
        "Other Income Expense": -2357000.0,
        "Other Non Operating Income Expenses": -2357000.0,
        "Net Non Operating Interest Income Expense": 4748000.0,
        "Interest Expense Non Operating": 2821000.0,
        "Interest Income Non Operating": 7569000.0,
        "Operating Income": -11564000.0,
        "Operating Expense": 67241000.0,
        "Research And Development": 23041000.0,
        "Selling General And Administration": 44200000.0,
        "Selling And Marketing Expense": 21063000.0,
        "General And Administrative Expense": 23137000.0,
        "Other Gand A": 23137000.0,
        "Gross Profit": 55677000.0,
        "Cost Of Revenue": 25867000.0,
        "Total Revenue": 81544000.0,
        "Operating Revenue": 81544000.0
    },
    "2023-12-31": {
        "Tax Effect Of Unusual Items": 0.0,
        "Tax Rate For Calcs": 0.21,
        "Normalized EBITDA": 5132000.0,
        "Net Income From Continuing Operation Net Minority Interest": -937000.0,
        "Reconciled Depreciation": 3084000.0,
        "Reconciled Cost Of Revenue": 26265000.0,
        "EBITDA": 5132000.0,
        "EBIT": 2048000.0,
        "Net Interest Income": 4721000.0,
        "Interest Expense": 2826000.0,
        "Interest Income": 7547000.0,
        "Normalized Income": -937000.0,
        "Net Income From Continuing And Discontinued Operation": -937000.0,
        "Total Expenses": 96828000.0,
        "Total Operating Income As Reported": -9064000.0,
        "Diluted Average Shares": NaN,
        "Basic Average Shares": NaN,
        "Diluted EPS": NaN,
        "Basic EPS": NaN,
        "Diluted NI Availto Com Stockholders": -937000.0,
        "Net Income Common Stockholders": -937000.0,
        "Net Income": -937000.0,
        "Net Income Including Noncontrolling Interests": -937000.0,
        "Net Income Continuous Operations": -937000.0,
        "Tax Provision": 159000.0,
        "Pretax Income": -778000.0,
        "Other Income Expense": 3565000.0,
        "Other Non Operating Income Expenses": 3565000.0,
        "Net Non Operating Interest Income Expense": 4721000.0,
        "Interest Expense Non Operating": 2826000.0,
        "Interest Income Non Operating": 7547000.0,
        "Operating Income": -9064000.0,
        "Operating Expense": 70563000.0,
        "Research And Development": 25203000.0,
        "Selling General And Administration": 45360000.0,
        "Selling And Marketing Expense": 20772000.0,
        "General And Administrative Expense": 24588000.0,
        "Other Gand A": 24588000.0,
        "Gross Profit": 61499000.0,
        "Cost Of Revenue": 26265000.0,
        "Total Revenue": 87764000.0,
        "Operating Revenue": 87764000.0
    },
    "2024-03-31": {
        "Tax Effect Of Unusual Items": 0.0,
        "Tax Rate For Calcs": 0.21,
        "Normalized EBITDA": 2178000.0,
        "Net Income From Continuing Operation Net Minority Interest": -4490000.0,
        "Reconciled Depreciation": 3594000.0,
        "Reconciled Cost Of Revenue": 25032000.0,
        "EBITDA": 2178000.0,
        "EBIT": -1416000.0,
        "Net Interest Income": 4607000.0,
        "Interest Expense": 2800000.0,
        "Interest Income": 7407000.0,
        "Normalized Income": -4490000.0,
        "Net Income From Continuing And Discontinued Operation": -4490000.0,
        "Total Expenses": 93822000.0,
        "Total Operating Income As Reported": -7570000.0,
        "Diluted Average Shares": 99109000.0,
        "Basic Average Shares": 99109000.0,
        "Diluted EPS": -0.05,
        "Basic EPS": -0.05,
        "Diluted NI Availto Com Stockholders": -4490000.0,
        "Net Income Common Stockholders": -4490000.0,
        "Net Income": -4490000.0,
        "Net Income Including Noncontrolling Interests": -4490000.0,
        "Net Income Continuous Operations": -4490000.0,
        "Tax Provision": 274000.0,
        "Pretax Income": -4216000.0,
        "Other Income Expense": -1253000.0,
        "Other Non Operating Income Expenses": -1253000.0,
        "Net Non Operating Interest Income Expense": 4607000.0,
        "Interest Expense Non Operating": 2800000.0,
        "Interest Income Non Operating": 7407000.0,
        "Operating Income": -7570000.0,
        "Operating Expense": 68790000.0,
        "Research And Development": 26684000.0,
        "Selling General And Administration": 42106000.0,
        "Selling And Marketing Expense": 20869000.0,
        "General And Administrative Expense": 21237000.0,
        "Other Gand A": 21237000.0,
        "Gross Profit": 61220000.0,
        "Cost Of Revenue": 25032000.0,
        "Total Revenue": 86252000.0,
        "Operating Revenue": 86252000.0
    },
    "2024-06-30": {
        "Tax Effect Of Unusual Items": 0.0,
        "Tax Rate For Calcs": 0.21,
        "Normalized EBITDA": 8301000.0,
        "Net Income From Continuing Operation Net Minority Interest": 1063000.0,
        "Reconciled Depreciation": 3648000.0,
        "Reconciled Cost Of Revenue": 24611000.0,
        "EBITDA": 8301000.0,
        "EBIT": 4653000.0,
        "Net Interest Income": 4576000.0,
        "Interest Expense": 2806000.0,
        "Interest Income": 7382000.0,
        "Normalized Income": 1063000.0,
        "Net Income From Continuing And Discontinued Operation": 1063000.0,
        "Total Expenses": 91005000.0,
        "Total Operating Income As Reported": -6454000.0,
        "Diluted Average Shares": 96290000.0,
        "Basic Average Shares": 96142000.0,
        "Diluted EPS": 0.01,
        "Basic EPS": 0.01,
        "Diluted NI Availto Com Stockholders": 1063000.0,
        "Net Income Common Stockholders": 1063000.0,
        "Net Income": 1063000.0,
        "Net Income Including Noncontrolling Interests": 1063000.0,
        "Net Income Continuous Operations": 1063000.0,
        "Tax Provision": 784000.0,
        "Pretax Income": 1847000.0,
        "Other Income Expense": 3725000.0,
        "Other Non Operating Income Expenses": 3725000.0,
        "Net Non Operating Interest Income Expense": 4576000.0,
        "Interest Expense Non Operating": 2806000.0,
        "Interest Income Non Operating": 7382000.0,
        "Operating Income": -6454000.0,
        "Operating Expense": 66394000.0,
        "Research And Development": 26057000.0,
        "Selling General And Administration": 40337000.0,
        "Selling And Marketing Expense": 24521000.0,
        "General And Administrative Expense": 15816000.0,
        "Other Gand A": 15816000.0,
        "Gross Profit": 59940000.0,
        "Cost Of Revenue": 24611000.0,
        "Total Revenue": 84551000.0,
        "Operating Revenue": 84551000.0
    },
    "2024-09-30": {
        "Tax Effect Of Unusual Items": 0.0,
        "Tax Rate For Calcs": 0.21,
        "Normalized EBITDA": 2471000.0,
        "Net Income From Continuing Operation Net Minority Interest": -3768000.0,
        "Reconciled Depreciation": 3947000.0,
        "Reconciled Cost Of Revenue": 24543000.0,
        "EBITDA": 2471000.0,
        "EBIT": -1476000.0,
        "Net Interest Income": 3972000.0,
        "Interest Expense": 2084000.0,
        "Interest Income": 6056000.0,
        "Normalized Income": -3768000.0,
        "Net Income From Continuing And Discontinued Operation": -3768000.0,
        "Total Expenses": 86753000.0,
        "Total Operating Income As Reported": -8952000.0,
        "Diluted Average Shares": 96498000.0,
        "Basic Average Shares": 96498000.0,
        "Diluted EPS": -0.04,
        "Basic EPS": -0.04,
        "Diluted NI Availto Com Stockholders": -3768000.0,
        "Net Income Common Stockholders": -3768000.0,
        "Net Income": -3768000.0,
        "Net Income Including Noncontrolling Interests": -3768000.0,
        "Net Income Continuous Operations": -3768000.0,
        "Tax Provision": 208000.0,
        "Pretax Income": -3560000.0,
        "Other Income Expense": 1420000.0,
        "Other Non Operating Income Expenses": 1420000.0,
        "Net Non Operating Interest Income Expense": 3972000.0,
        "Interest Expense Non Operating": 2084000.0,
        "Interest Income Non Operating": 6056000.0,
        "Operating Income": -8952000.0,
        "Operating Expense": 62210000.0,
        "Research And Development": 22586000.0,
        "Selling General And Administration": 39624000.0,
        "Selling And Marketing Expense": 23694000.0,
        "General And Administrative Expense": 15930000.0,
        "Other Gand A": 15930000.0,
        "Gross Profit": 53258000.0,
        "Cost Of Revenue": 24543000.0,
        "Total Revenue": 77801000.0,
        "Operating Revenue": 77801000.0
    }
}