{
    "2023-06-30": {
        "Tax Effect Of Unusual Items": -84958000.0,
        "Tax Rate For Calcs": 0.397,
        "Normalized EBITDA": 619000000.0,
        "Total Unusual Items": -214000000.0,
        "Total Unusual Items Excluding Goodwill": -214000000.0,
        "Net Income From Continuing Operation Net Minority Interest": 172000000.0,
        "Reconciled Depreciation": 101000000.0,
        "Reconciled Cost Of Revenue": 622000000.0,
        "EBIT": 304000000.0,
        "Net Interest Income": -19000000.0,
        "Interest Expense": 19000000.0,
        "Normalized Income": 301042000.0,
        "Net Income From Continuing And Discontinued Operation": 171000000.0,
        "Total Expenses": 2022000000.0,
        "Total Operating Income As Reported": 518000000.0,
        "Diluted Average Shares": 537000000.0,
        "Basic Average Shares": 534000000.0,
        "Diluted EPS": 0.32,
        "Basic EPS": 0.32,
        "Diluted NI Availto Com Stockholders": 171000000.0,
        "Net Income Common Stockholders": 171000000.0,
        "Net Income": 171000000.0,
        "Net Income Including Noncontrolling Interests": 171000000.0,
        "Net Income Discontinuous Operations": -1000000.0,
        "Net Income Continuous Operations": 172000000.0,
        "Tax Provision": 113000000.0,
        "Pretax Income": 285000000.0,
        "Other Income Expense": -214000000.0,
        "Gain On Sale Of Security": -214000000.0,
        "Net Non Operating Interest Income Expense": -19000000.0,
        "Interest Expense Non Operating": 19000000.0,
        "Operating Income": 518000000.0,
        "Operating Expense": 1304000000.0,
        "Other Operating Expenses": 90000000.0,
        "Depreciation Amortization Depletion Income Statement": 5000000.0,
        "Depreciation And Amortization In Income Statement": 5000000.0,
        "Amortization": 5000000.0,
        "Amortization Of Intangibles Income Statement": 5000000.0,
        "Research And Development": 392000000.0,
        "Selling General And Administration": 817000000.0,
        "Selling And Marketing Expense": 566000000.0,
        "General And Administrative Expense": 251000000.0,
        "Other Gand A": 251000000.0,
        "Gross Profit": 1822000000.0,
        "Cost Of Revenue": 718000000.0,
        "Total Revenue": 2540000000.0,
        "Operating Revenue": 2540000000.0
    },
    "2023-03-31": {
        "Tax Effect Of Unusual Items": 43758000.0,
        "Tax Rate For Calcs": 0.221,
        "Normalized EBITDA": 665000000.0,
        "Total Unusual Items": 198000000.0,
        "Total Unusual Items Excluding Goodwill": 198000000.0,
        "Net Income From Continuing Operation Net Minority Interest": 569000000.0,
        "Reconciled Depreciation": 107000000.0,
        "Reconciled Cost Of Revenue": 601000000.0,
        "EBIT": 756000000.0,
        "Net Interest Income": -26000000.0,
        "Interest Expense": 26000000.0,
        "Normalized Income": 414758000.0,
        "Net Income From Continuing And Discontinued Operation": 567000000.0,
        "Total Expenses": 1952000000.0,
        "Total Operating Income As Reported": 558000000.0,
        "Diluted Average Shares": 541000000.0,
        "Basic Average Shares": 537000000.0,
        "Diluted EPS": 1.05,
        "Basic EPS": 1.06,
        "Diluted NI Availto Com Stockholders": 567000000.0,
        "Net Income Common Stockholders": 567000000.0,
        "Net Income": 567000000.0,
        "Net Income Including Noncontrolling Interests": 567000000.0,
        "Net Income Discontinuous Operations": -2000000.0,
        "Net Income Continuous Operations": 569000000.0,
        "Tax Provision": 161000000.0,
        "Pretax Income": 730000000.0,
        "Other Income Expense": 198000000.0,
        "Gain On Sale Of Security": 198000000.0,
        "Net Non Operating Interest Income Expense": -26000000.0,
        "Interest Expense Non Operating": 26000000.0,
        "Operating Income": 558000000.0,
        "Operating Expense": 1252000000.0,
        "Other Operating Expenses": 84000000.0,
        "Depreciation Amortization Depletion Income Statement": 8000000.0,
        "Depreciation And Amortization In Income Statement": 8000000.0,
        "Amortization": 8000000.0,
        "Amortization Of Intangibles Income Statement": 8000000.0,
        "Research And Development": 352000000.0,
        "Selling General And Administration": 808000000.0,
        "Selling And Marketing Expense": 511000000.0,
        "General And Administrative Expense": 297000000.0,
        "Other Gand A": 297000000.0,
        "Gross Profit": 1810000000.0,
        "Cost Of Revenue": 700000000.0,
        "Total Revenue": 2510000000.0,
        "Operating Revenue": 2510000000.0
    },
    "2022-12-31": {
        "Tax Effect Of Unusual Items": 60929000.0,
        "Tax Rate For Calcs": 0.191,
        "Normalized EBITDA": 672000000.0,
        "Total Unusual Items": 319000000.0,
        "Total Unusual Items Excluding Goodwill": 319000000.0,
        "Net Income From Continuing Operation Net Minority Interest": 671000000.0,
        "Reconciled Depreciation": 107000000.0,
        "Reconciled Cost Of Revenue": 575000000.0,
        "EBIT": 884000000.0,
        "Net Interest Income": -55000000.0,
        "Interest Expense": 55000000.0,
        "Normalized Income": 412929000.0,
        "Net Income From Continuing And Discontinued Operation": 672000000.0,
        "Total Expenses": 1945000000.0,
        "Total Operating Income As Reported": 565000000.0,
        "Diluted Average Shares": 543000000.0,
        "Basic Average Shares": 543000000.0,
        "Diluted EPS": 1.23,
        "Basic EPS": 1.24,
        "Diluted NI Availto Com Stockholders": 672000000.0,
        "Net Income Common Stockholders": 672000000.0,
        "Net Income": 672000000.0,
        "Net Income Including Noncontrolling Interests": 672000000.0,
        "Net Income Discontinuous Operations": 1000000.0,
        "Net Income Continuous Operations": 671000000.0,
        "Tax Provision": 158000000.0,
        "Pretax Income": 829000000.0,
        "Other Income Expense": 319000000.0,
        "Gain On Sale Of Security": 319000000.0,
        "Net Non Operating Interest Income Expense": -55000000.0,
        "Interest Expense Non Operating": 55000000.0,
        "Operating Income": 565000000.0,
        "Operating Expense": 1264000000.0,
        "Other Operating Expenses": 81000000.0,
        "Depreciation Amortization Depletion Income Statement": 1000000.0,
        "Depreciation And Amortization In Income Statement": 1000000.0,
        "Amortization": 1000000.0,
        "Amortization Of Intangibles Income Statement": 1000000.0,
        "Research And Development": 340000000.0,
        "Selling General And Administration": 842000000.0,
        "Selling And Marketing Expense": 554000000.0,
        "General And Administrative Expense": 288000000.0,
        "Other Gand A": 288000000.0,
        "Gross Profit": 1829000000.0,
        "Cost Of Revenue": 681000000.0,
        "Total Revenue": 2510000000.0,
        "Operating Revenue": 2510000000.0
    },
    "2022-09-30": {
        "Tax Effect Of Unusual Items": -237200000.0,
        "Tax Rate For Calcs": 0.4,
        "Normalized EBITDA": 672000000.0,
        "Total Unusual Items": -593000000.0,
        "Total Unusual Items Excluding Goodwill": -593000000.0,
        "Net Income From Continuing Operation Net Minority Interest": -70000000.0,
        "Reconciled Depreciation": 104000000.0,
        "Reconciled Cost Of Revenue": 544000000.0,
        "EBIT": -25000000.0,
        "Net Interest Income": -29000000.0,
        "Interest Expense": 29000000.0,
        "Normalized Income": 285800000.0,
        "Net Income From Continuing And Discontinued Operation": -69000000.0,
        "Total Expenses": 1812000000.0,
        "Total Operating Income As Reported": 568000000.0,
        "Diluted Average Shares": 548000000.0,
        "Basic Average Shares": 548000000.0,
        "Diluted EPS": -0.13,
        "Basic EPS": -0.13,
        "Diluted NI Availto Com Stockholders": -69000000.0,
        "Net Income Common Stockholders": -69000000.0,
        "Net Income": -69000000.0,
        "Net Income Including Noncontrolling Interests": -69000000.0,
        "Net Income Discontinuous Operations": 1000000.0,
        "Net Income Continuous Operations": -70000000.0,
        "Tax Provision": 16000000.0,
        "Pretax Income": -54000000.0,
        "Other Income Expense": -593000000.0,
        "Gain On Sale Of Security": -593000000.0,
        "Net Non Operating Interest Income Expense": -29000000.0,
        "Interest Expense Non Operating": 29000000.0,
        "Operating Income": 568000000.0,
        "Operating Expense": 1165000000.0,
        "Other Operating Expenses": 69000000.0,
        "Depreciation Amortization Depletion Income Statement": 1000000.0,
        "Depreciation And Amortization In Income Statement": 1000000.0,
        "Amortization": 1000000.0,
        "Amortization Of Intangibles Income Statement": 1000000.0,
        "Research And Development": 345000000.0,
        "Selling General And Administration": 750000000.0,
        "Selling And Marketing Expense": 538000000.0,
        "General And Administrative Expense": 212000000.0,
        "Other Gand A": 212000000.0,
        "Gross Profit": 1733000000.0,
        "Cost Of Revenue": 647000000.0,
        "Total Revenue": 2380000000.0,
        "Operating Revenue": 2380000000.0
    },
    "2022-06-30": {
        "Tax Effect Of Unusual Items": -321123000.0,
        "Tax Rate For Calcs": 0.263,
        "Normalized EBITDA": 638000000.0,
        "Total Unusual Items": -1221000000.0,
        "Total Unusual Items Excluding Goodwill": -1221000000.0,
        "Net Income From Continuing Operation Net Minority Interest": -536000000.0,
        "Reconciled Depreciation": 113000000.0,
        "Reconciled Cost Of Revenue": 551000000.0,
        "EBIT": -696000000.0,
        "Net Interest Income": -31000000.0,
        "Interest Expense": 31000000.0,
        "Normalized Income": 363877000.0,
        "Net Income From Continuing And Discontinued Operation": -531000000.0,
        "Total Expenses": 1897000000.0,
        "Total Operating Income As Reported": 525000000.0,
        "Diluted Average Shares": 556000000.0,
        "Basic Average Shares": 556000000.0,
        "Diluted EPS": -0.95,
        "Basic EPS": -0.95,
        "Diluted NI Availto Com Stockholders": -531000000.0,
        "Net Income Common Stockholders": -531000000.0,
        "Net Income": -531000000.0,
        "Net Income Including Noncontrolling Interests": -531000000.0,
        "Net Income Discontinuous Operations": 5000000.0,
        "Net Income Continuous Operations": -536000000.0,
        "Tax Provision": -191000000.0,
        "Pretax Income": -727000000.0,
        "Other Income Expense": -1221000000.0,
        "Gain On Sale Of Security": -1221000000.0,
        "Net Non Operating Interest Income Expense": -31000000.0,
        "Interest Expense Non Operating": 31000000.0,
        "Operating Income": 525000000.0,
        "Operating Expense": 1234000000.0,
        "Other Operating Expenses": 86000000.0,
        "Depreciation Amortization Depletion Income Statement": 1000000.0,
        "Depreciation And Amortization In Income Statement": 1000000.0,
        "Amortization": 1000000.0,
        "Amortization Of Intangibles Income Statement": 1000000.0,
        "Research And Development": 344000000.0,
        "Selling General And Administration": 803000000.0,
        "Selling And Marketing Expense": 566000000.0,
        "General And Administrative Expense": 237000000.0,
        "Other Gand A": 237000000.0,
        "Gross Profit": 1759000000.0,
        "Cost Of Revenue": 663000000.0,
        "Total Revenue": 2422000000.0,
        "Operating Revenue": 2422000000.0
    },
    "2022-03-31": {
        "Diluted EPS": -2.28,
        "Total Revenue": NaN,
        "Gross Profit": NaN,
        "Operating Income": 692,
        "EBIT": 810,
        "Net Income": NaN
    },
    "2021-12-31": {
        "Diluted EPS": 3.54,
        "Total Revenue": NaN,
        "Gross Profit": NaN,
        "Operating Income": 688,
        "EBIT": 810,
        "Net Income": NaN
    },
    "2021-09-30": {
        "Diluted EPS": 0.4,
        "Total Revenue": NaN,
        "Gross Profit": NaN,
        "Operating Income": 662,
        "EBIT": 781,
        "Net Income": 264
    },
    "2021-06-30": {
        "Diluted EPS": 15.68,
        "Total Revenue": NaN,
        "Gross Profit": NaN,
        "Operating Income": 732,
        "EBIT": 859,
        "Net Income": NaN
    },
    "2021-03-31": {
        "Diluted EPS": 0.92,
        "Total Revenue": NaN,
        "Gross Profit": NaN,
        "Operating Income": 841,
        "EBIT": 975,
        "Net Income": 641
    },
    "2020-12-31": {
        "Diluted EPS": 1.39,
        "Total Revenue": NaN,
        "Gross Profit": NaN,
        "Operating Income": 645,
        "EBIT": 776,
        "Net Income": 845
    },
    "2020-09-30": {
        "Diluted EPS": 0.94,
        "Total Revenue": NaN,
        "Gross Profit": NaN,
        "Operating Income": 662,
        "EBIT": 819,
        "Net Income": 664
    },
    "2020-06-30": {
        "Diluted EPS": 1.05,
        "Total Revenue": NaN,
        "Gross Profit": NaN,
        "Operating Income": 764,
        "EBIT": 918,
        "Net Income": 746
    },
    "2020-03-31": {
        "Diluted EPS": 4.51,
        "Total Revenue": NaN,
        "Gross Profit": NaN,
        "Operating Income": 565,
        "EBIT": 706,
        "Net Income": NaN
    },
    "2019-12-31": {
        "Diluted EPS": 0.69,
        "Total Revenue": 510,
        "Gross Profit": 547,
        "Operating Income": 211,
        "EBIT": 337,
        "Net Income": 556
    },
    "2019-09-30": {
        "Diluted EPS": 0.37,
        "Total Revenue": NaN,
        "Gross Profit": NaN,
        "Operating Income": 408,
        "EBIT": 552,
        "Net Income": 310
    },
    "2019-06-30": {
        "Diluted EPS": 0.46,
        "Total Revenue": NaN,
        "Gross Profit": NaN,
        "Operating Income": 558,
        "EBIT": 726,
        "Net Income": 402
    },
    "2019-03-31": {
        "Diluted EPS": 0.57,
        "Total Revenue": NaN,
        "Gross Profit": NaN,
        "Operating Income": 593,
        "EBIT": 755,
        "Net Income": 518
    },
    "2018-12-31": {
        "Diluted EPS": 0.78,
        "Total Revenue": 781,
        "Gross Profit": 522,
        "Operating Income": 211,
        "EBIT": 322,
        "Net Income": 760
    },
    "2018-09-30": {
        "Diluted EPS": 0.73,
        "Total Revenue": NaN,
        "Gross Profit": NaN,
        "Operating Income": 556,
        "EBIT": 731,
        "Net Income": 721
    },
    "2018-06-30": {
        "Diluted EPS": 0.64,
        "Total Revenue": NaN,
        "Gross Profit": NaN,
        "Operating Income": 406,
        "EBIT": 576,
        "Net Income": 642
    },
    "2018-03-31": {
        "Diluted EPS": 0.4,
        "Total Revenue": NaN,
        "Gross Profit": NaN,
        "Operating Income": 579,
        "EBIT": 758,
        "Net Income": 407
    },
    "2017-12-31": {
        "Diluted EPS": -2.4,
        "Total Revenue": NaN,
        "Gross Profit": NaN,
        "Operating Income": 663,
        "EBIT": 835,
        "Net Income": NaN
    },
    "2017-09-30": {
        "Diluted EPS": 0.48,
        "Total Revenue": NaN,
        "Gross Profit": NaN,
        "Operating Income": 574,
        "EBIT": 747,
        "Net Income": 520
    },
    "2017-06-30": {
        "Diluted EPS": 0.03,
        "Total Revenue": NaN,
        "Gross Profit": NaN,
        "Operating Income": 480,
        "EBIT": 648,
        "Net Income": 29
    },
    "2017-03-31": {
        "Diluted EPS": 0.94,
        "Total Revenue": NaN,
        "Gross Profit": NaN,
        "Operating Income": 547,
        "EBIT": 710,
        "Net Income": NaN
    },
    "2016-12-31": {
        "Diluted EPS": 5.2,
        "Total Revenue": NaN,
        "Gross Profit": NaN,
        "Operating Income": 638,
        "EBIT": 814,
        "Net Income": NaN
    },
    "2016-09-30": {
        "Diluted EPS": 0.36,
        "Total Revenue": NaN,
        "Gross Profit": NaN,
        "Operating Income": 542,
        "EBIT": 714,
        "Net Income": 413
    },
    "2016-06-30": {
        "Diluted EPS": 0.38,
        "Total Revenue": NaN,
        "Gross Profit": NaN,
        "Operating Income": 531,
        "EBIT": 698,
        "Net Income": 435
    },
    "2016-03-31": {
        "Diluted EPS": 0.41,
        "Total Revenue": NaN,
        "Gross Profit": NaN,
        "Operating Income": 614,
        "EBIT": 781,
        "Net Income": 482
    },
    "2015-12-31": {
        "Diluted EPS": 0.39,
        "Total Revenue": NaN,
        "Gross Profit": NaN,
        "Operating Income": 662,
        "EBIT": 833,
        "Net Income": 477
    },
    "2015-09-30": {
        "Diluted EPS": 0.45,
        "Total Revenue": NaN,
        "Gross Profit": NaN,
        "Operating Income": 578,
        "EBIT": 760,
        "Net Income": 539
    },
    "2015-06-30": {
        "Diluted EPS": 0.07,
        "Total Revenue": NaN,
        "Gross Profit": NaN,
        "Operating Income": 428,
        "EBIT": 602,
        "Net Income": 83
    },
    "2015-03-31": {
        "Diluted EPS": 0.51,
        "Total Revenue": NaN,
        "Gross Profit": NaN,
        "Operating Income": 529,
        "EBIT": 689,
        "Net Income": 626
    },
    "2014-12-31": {
        "Diluted EPS": 0.82,
        "Total Revenue": NaN,
        "Gross Profit": NaN,
        "Operating Income": 731,
        "EBIT": 895,
        "Net Income": NaN
    },
    "2014-09-30": {
        "Diluted EPS": 0.54,
        "Total Revenue": NaN,
        "Gross Profit": NaN,
        "Operating Income": 596,
        "EBIT": 499,
        "Net Income": 673
    },
    "2014-06-30": {
        "Diluted EPS": 0.53,
        "Total Revenue": NaN,
        "Gross Profit": NaN,
        "Operating Income": 854,
        "EBIT": NaN,
        "Net Income": 676
    },
    "2014-03-31": {
        "Diluted EPS": -1.82,
        "Total Revenue": NaN,
        "Gross Profit": NaN,
        "Operating Income": 878,
        "EBIT": NaN,
        "Net Income": NaN
    },
    "2013-12-31": {
        "Diluted EPS": 0.65,
        "Total Revenue": NaN,
        "Gross Profit": NaN,
        "Operating Income": NaN,
        "EBIT": 649,
        "Net Income": 850
    },
    "2013-09-30": {
        "Diluted EPS": 0.53,
        "Total Revenue": NaN,
        "Gross Profit": NaN,
        "Operating Income": 799,
        "EBIT": NaN,
        "Net Income": 689
    },
    "2013-06-30": {
        "Diluted EPS": 0.49,
        "Total Revenue": NaN,
        "Gross Profit": NaN,
        "Operating Income": 750,
        "EBIT": NaN,
        "Net Income": 640
    },
    "2013-03-31": {
        "Diluted EPS": 0.51,
        "Total Revenue": NaN,
        "Gross Profit": NaN,
        "Operating Income": 800,
        "EBIT": NaN,
        "Net Income": 677
    },
    "2012-12-31": {
        "Diluted EPS": 0.57,
        "Total Revenue": NaN,
        "Gross Profit": NaN,
        "Operating Income": 874,
        "EBIT": NaN,
        "Net Income": 751
    },
    "2012-09-30": {
        "Diluted EPS": 0.45,
        "Total Revenue": NaN,
        "Gross Profit": NaN,
        "Operating Income": 667,
        "EBIT": 978,
        "Net Income": 597
    },
    "2012-06-30": {
        "Diluted EPS": 0.53,
        "Total Revenue": NaN,
        "Gross Profit": NaN,
        "Operating Income": 695,
        "EBIT": 985,
        "Net Income": 692
    },
    "2012-03-31": {
        "Diluted EPS": 0.44,
        "Total Revenue": NaN,
        "Gross Profit": NaN,
        "Operating Income": 653,
        "EBIT": 934,
        "Net Income": 570
    },
    "2011-12-31": {
        "Diluted EPS": 1.51,
        "Total Revenue": NaN,
        "Gross Profit": NaN,
        "Operating Income": 752,
        "EBIT": NaN,
        "Net Income": NaN
    },
    "2011-09-30": {
        "Diluted EPS": 0.37,
        "Total Revenue": NaN,
        "Gross Profit": NaN,
        "Operating Income": 537,
        "EBIT": 803,
        "Net Income": 491
    },
    "2011-06-30": {
        "Diluted EPS": 0.22,
        "Total Revenue": NaN,
        "Gross Profit": NaN,
        "Operating Income": 519,
        "EBIT": 727,
        "Net Income": 283
    },
    "2011-03-31": {
        "Diluted EPS": 0.36,
        "Total Revenue": NaN,
        "Gross Profit": NaN,
        "Operating Income": 565,
        "EBIT": 758,
        "Net Income": 476
    },
    "2010-12-31": {
        "Diluted EPS": 0.42,
        "Total Revenue": NaN,
        "Gross Profit": NaN,
        "Operating Income": 591,
        "EBIT": 782,
        "Net Income": 559
    },
    "2010-09-30": {
        "Diluted EPS": 0.33,
        "Total Revenue": NaN,
        "Gross Profit": NaN,
        "Operating Income": 490,
        "EBIT": 685,
        "Net Income": 432
    },
    "2010-06-30": {
        "Diluted EPS": 0.31,
        "Total Revenue": NaN,
        "Gross Profit": NaN,
        "Operating Income": 485,
        "EBIT": 672,
        "Net Income": 412
    },
    "2010-03-31": {
        "Diluted EPS": 0.3,
        "Total Revenue": NaN,
        "Gross Profit": NaN,
        "Operating Income": 489,
        "EBIT": 677,
        "Net Income": 398
    },
    "2009-12-31": {
        "Diluted EPS": 1.03,
        "Total Revenue": NaN,
        "Gross Profit": NaN,
        "Operating Income": 179,
        "EBIT": 380,
        "Net Income": NaN
    },
    "2009-09-30": {
        "Diluted EPS": 0.27,
        "Total Revenue": NaN,
        "Gross Profit": NaN,
        "Operating Income": 443,
        "EBIT": 658,
        "Net Income": 350
    },
    "2009-06-30": {
        "Diluted EPS": 0.25,
        "Total Revenue": NaN,
        "Gross Profit": NaN,
        "Operating Income": 412,
        "EBIT": 609,
        "Net Income": 327
    },
    "2009-03-31": {
        "Diluted EPS": 0.28,
        "Total Revenue": NaN,
        "Gross Profit": NaN,
        "Operating Income": 423,
        "EBIT": 620,
        "Net Income": 357
    }
}