{
    "2023-03-31": {
        "Tax Effect Of Unusual Items": NaN,
        "Tax Rate For Calcs": NaN,
        "Normalized EBITDA": NaN,
        "Net Income From Continuing Operation Net Minority Interest": NaN,
        "Reconciled Depreciation": NaN,
        "Reconciled Cost Of Revenue": NaN,
        "EBITDA": NaN,
        "EBIT": NaN,
        "Net Interest Income": NaN,
        "Interest Income": NaN,
        "Normalized Income": NaN,
        "Net Income From Continuing And Discontinued Operation": NaN,
        "Total Expenses": NaN,
        "Total Operating Income As Reported": NaN,
        "Diluted Average Shares": 4743000.0,
        "Basic Average Shares": 4743000.0,
        "Diluted EPS": -1.24,
        "Basic EPS": -1.24,
        "Diluted NI Availto Com Stockholders": NaN,
        "Net Income Common Stockholders": NaN,
        "Net Income": NaN,
        "Net Income Including Noncontrolling Interests": NaN,
        "Net Income Continuous Operations": NaN,
        "Tax Provision": NaN,
        "Pretax Income": NaN,
        "Other Income Expense": NaN,
        "Other Non Operating Income Expenses": NaN,
        "Net Non Operating Interest Income Expense": NaN,
        "Interest Income Non Operating": NaN,
        "Operating Income": NaN,
        "Operating Expense": NaN,
        "Research And Development": NaN,
        "Selling General And Administration": NaN,
        "General And Administrative Expense": NaN,
        "Other Gand A": NaN,
        "Salaries And Wages": NaN,
        "Gross Profit": NaN,
        "Cost Of Revenue": NaN,
        "Total Revenue": NaN,
        "Operating Revenue": NaN
    },
    "2022-12-31": {
        "Tax Effect Of Unusual Items": NaN,
        "Tax Rate For Calcs": NaN,
        "Normalized EBITDA": NaN,
        "Total Unusual Items": 0.0,
        "Total Unusual Items Excluding Goodwill": 0.0,
        "Net Income From Continuing Operation Net Minority Interest": NaN,
        "Reconciled Depreciation": NaN,
        "Reconciled Cost Of Revenue": NaN,
        "EBITDA": NaN,
        "EBIT": NaN,
        "Net Interest Income": NaN,
        "Interest Income": NaN,
        "Normalized Income": NaN,
        "Net Income From Continuing And Discontinued Operation": NaN,
        "Total Expenses": NaN,
        "Total Operating Income As Reported": NaN,
        "Diluted Average Shares": NaN,
        "Basic Average Shares": NaN,
        "Diluted EPS": NaN,
        "Basic EPS": NaN,
        "Diluted NI Availto Com Stockholders": NaN,
        "Net Income Common Stockholders": NaN,
        "Net Income": NaN,
        "Net Income Including Noncontrolling Interests": NaN,
        "Net Income Continuous Operations": NaN,
        "Tax Provision": NaN,
        "Pretax Income": NaN,
        "Other Income Expense": -1000.0,
        "Other Non Operating Income Expenses": -1000.0,
        "Special Income Charges": 0.0,
        "Net Non Operating Interest Income Expense": NaN,
        "Interest Income Non Operating": NaN,
        "Operating Income": NaN,
        "Operating Expense": NaN,
        "Research And Development": NaN,
        "Selling General And Administration": NaN,
        "General And Administrative Expense": NaN,
        "Other Gand A": NaN,
        "Salaries And Wages": NaN,
        "Gross Profit": NaN,
        "Cost Of Revenue": NaN,
        "Total Revenue": NaN,
        "Operating Revenue": NaN
    },
    "2022-09-30": {
        "Tax Effect Of Unusual Items": NaN,
        "Tax Rate For Calcs": NaN,
        "Normalized EBITDA": NaN,
        "Total Unusual Items": 0.0,
        "Total Unusual Items Excluding Goodwill": 0.0,
        "Net Income From Continuing Operation Net Minority Interest": NaN,
        "Reconciled Depreciation": NaN,
        "Reconciled Cost Of Revenue": NaN,
        "EBITDA": NaN,
        "EBIT": NaN,
        "Net Interest Income": NaN,
        "Interest Income": NaN,
        "Normalized Income": NaN,
        "Net Income From Continuing And Discontinued Operation": NaN,
        "Total Expenses": NaN,
        "Total Operating Income As Reported": NaN,
        "Diluted Average Shares": NaN,
        "Basic Average Shares": NaN,
        "Diluted EPS": NaN,
        "Basic EPS": NaN,
        "Diluted NI Availto Com Stockholders": NaN,
        "Net Income Common Stockholders": NaN,
        "Net Income": NaN,
        "Net Income Including Noncontrolling Interests": NaN,
        "Net Income Continuous Operations": NaN,
        "Tax Provision": NaN,
        "Pretax Income": NaN,
        "Other Income Expense": NaN,
        "Other Non Operating Income Expenses": NaN,
        "Special Income Charges": 0.0,
        "Net Non Operating Interest Income Expense": NaN,
        "Interest Income Non Operating": NaN,
        "Operating Income": NaN,
        "Operating Expense": NaN,
        "Research And Development": NaN,
        "Selling General And Administration": NaN,
        "General And Administrative Expense": NaN,
        "Other Gand A": NaN,
        "Salaries And Wages": NaN,
        "Gross Profit": NaN,
        "Cost Of Revenue": NaN,
        "Total Revenue": NaN,
        "Operating Revenue": NaN
    },
    "2022-06-30": {
        "Tax Effect Of Unusual Items": 0.0,
        "Tax Rate For Calcs": 0.076963,
        "Normalized EBITDA": -5679000.0,
        "Total Unusual Items": 0.0,
        "Total Unusual Items Excluding Goodwill": 0.0,
        "Net Income From Continuing Operation Net Minority Interest": -5337000.0,
        "Reconciled Depreciation": 141000.0,
        "Reconciled Cost Of Revenue": 358000.0,
        "EBITDA": -5679000.0,
        "EBIT": -5820000.0,
        "Net Interest Income": 38000.0,
        "Interest Income": 38000.0,
        "Normalized Income": -5337000.0,
        "Net Income From Continuing And Discontinued Operation": -5337000.0,
        "Total Expenses": 7977000.0,
        "Total Operating Income As Reported": -5820000.0,
        "Diluted Average Shares": 4448000.0,
        "Basic Average Shares": 4448000.0,
        "Diluted EPS": -1.2,
        "Basic EPS": -1.2,
        "Diluted NI Availto Com Stockholders": -5337000.0,
        "Net Income Common Stockholders": -5337000.0,
        "Net Income": -5337000.0,
        "Net Income Including Noncontrolling Interests": -5337000.0,
        "Net Income Continuous Operations": -5337000.0,
        "Tax Provision": -445000.0,
        "Pretax Income": -5782000.0,
        "Other Income Expense": NaN,
        "Other Non Operating Income Expenses": NaN,
        "Special Income Charges": 0.0,
        "Gain On Sale Of Business": NaN,
        "Net Non Operating Interest Income Expense": 38000.0,
        "Interest Income Non Operating": 38000.0,
        "Operating Income": -5820000.0,
        "Operating Expense": 7619000.0,
        "Research And Development": 1341000.0,
        "Selling General And Administration": 6278000.0,
        "General And Administrative Expense": NaN,
        "Other Gand A": NaN,
        "Salaries And Wages": NaN,
        "Gross Profit": 1799000.0,
        "Cost Of Revenue": 358000.0,
        "Total Revenue": 2157000.0,
        "Operating Revenue": 2157000.0
    },
    "2022-03-31": {
        "Diluted EPS": -1.2,
        "Total Revenue": 2,
        "Gross Profit": 2,
        "Operating Income": -6,
        "EBIT": -5,
        "Net Income": -6
    },
    "2021-12-31": {
        "Diluted EPS": -0.91,
        "Total Revenue": 1,
        "Gross Profit": 1,
        "Operating Income": -5,
        "EBIT": -5,
        "Net Income": -5
    },
    "2021-09-30": {
        "Diluted EPS": -0.9,
        "Total Revenue": 1,
        "Gross Profit": 1,
        "Operating Income": -4,
        "EBIT": -4,
        "Net Income": -4
    },
    "2021-06-30": {
        "Diluted EPS": -0.9,
        "Total Revenue": 1,
        "Gross Profit": 1,
        "Operating Income": -5,
        "EBIT": -5,
        "Net Income": -3
    },
    "2021-03-31": {
        "Diluted EPS": -1.65,
        "Total Revenue": 1,
        "Gross Profit": 1,
        "Operating Income": -5,
        "EBIT": -5,
        "Net Income": -5
    },
    "2020-12-31": {
        "Diluted EPS": -1.5,
        "Total Revenue": 1,
        "Gross Profit": 0,
        "Operating Income": -6,
        "EBIT": -6,
        "Net Income": -6
    },
    "2020-09-30": {
        "Diluted EPS": -1.5,
        "Total Revenue": 1,
        "Gross Profit": 1,
        "Operating Income": -4,
        "EBIT": -4,
        "Net Income": -4
    },
    "2020-06-30": {
        "Diluted EPS": -1.95,
        "Total Revenue": 1,
        "Gross Profit": 0,
        "Operating Income": -6,
        "EBIT": -6,
        "Net Income": -5
    },
    "2020-03-31": {
        "Diluted EPS": -4.05,
        "Total Revenue": 1,
        "Gross Profit": 0,
        "Operating Income": -8,
        "EBIT": -8,
        "Net Income": -8
    },
    "2019-12-31": {
        "Diluted EPS": -4.5,
        "Total Revenue": 1,
        "Gross Profit": 0,
        "Operating Income": -9,
        "EBIT": -9,
        "Net Income": -8
    },
    "2019-09-30": {
        "Diluted EPS": -5.4,
        "Total Revenue": 1,
        "Gross Profit": 0,
        "Operating Income": -11,
        "EBIT": -11,
        "Net Income": -11
    },
    "2019-06-30": {
        "Diluted EPS": -6.15,
        "Total Revenue": 1,
        "Gross Profit": 0,
        "Operating Income": -12,
        "EBIT": -13,
        "Net Income": -12
    },
    "2019-03-31": {
        "Diluted EPS": -7.05,
        "Total Revenue": 0,
        "Gross Profit": 0,
        "Operating Income": -14,
        "EBIT": -14,
        "Net Income": -14
    },
    "2018-12-31": {
        "Diluted EPS": -7.95,
        "Total Revenue": 0,
        "Gross Profit": 0,
        "Operating Income": -16,
        "EBIT": -16,
        "Net Income": -15
    },
    "2018-09-30": {
        "Diluted EPS": -6.75,
        "Total Revenue": 0,
        "Gross Profit": 0,
        "Operating Income": -14,
        "EBIT": -14,
        "Net Income": -13
    },
    "2018-06-30": {
        "Diluted EPS": -3.15,
        "Total Revenue": 0,
        "Gross Profit": 0,
        "Operating Income": -16,
        "EBIT": -16,
        "Net Income": -6
    },
    "2018-03-31": {
        "Diluted EPS": 0.0,
        "Total Revenue": 0,
        "Gross Profit": 0,
        "Operating Income": -9,
        "EBIT": -9,
        "Net Income": NaN
    },
    "2017-12-31": {
        "Diluted EPS": 0.0,
        "Total Revenue": NaN,
        "Gross Profit": NaN,
        "Operating Income": NaN,
        "EBIT": NaN,
        "Net Income": NaN
    },
    "2017-09-30": {
        "Diluted EPS": 0.0,
        "Total Revenue": 0,
        "Gross Profit": 0,
        "Operating Income": -6,
        "EBIT": -4,
        "Net Income": NaN
    },
    "2017-06-30": {
        "Diluted EPS": 0.0,
        "Total Revenue": 0,
        "Gross Profit": 0,
        "Operating Income": -7,
        "EBIT": -7,
        "Net Income": NaN
    },
    "2016-12-31": {
        "Diluted EPS": 0.0,
        "Total Revenue": NaN,
        "Gross Profit": NaN,
        "Operating Income": NaN,
        "EBIT": NaN,
        "Net Income": NaN
    },
    "2023-06-30": {
        "Tax Effect Of Unusual Items": 0.0,
        "Tax Rate For Calcs": 0.0,
        "Normalized EBITDA": -4651000.0,
        "Net Income From Continuing Operation Net Minority Interest": -4903000.0,
        "Reconciled Depreciation": 337000.0,
        "Reconciled Cost Of Revenue": 585000.0,
        "EBITDA": -4651000.0,
        "EBIT": -4988000.0,
        "Net Interest Income": 85000.0,
        "Interest Income": 85000.0,
        "Normalized Income": -4903000.0,
        "Net Income From Continuing And Discontinued Operation": -4903000.0,
        "Total Expenses": 8539000.0,
        "Total Operating Income As Reported": -4988000.0,
        "Diluted Average Shares": 4751000.0,
        "Basic Average Shares": 4751000.0,
        "Diluted EPS": -1.03,
        "Basic EPS": -1.03,
        "Diluted NI Availto Com Stockholders": -4903000.0,
        "Net Income Common Stockholders": -4903000.0,
        "Net Income": -4903000.0,
        "Net Income Including Noncontrolling Interests": -4903000.0,
        "Net Income Continuous Operations": -4903000.0,
        "Tax Provision": 0.0,
        "Pretax Income": -4903000.0,
        "Other Income Expense": NaN,
        "Other Non Operating Income Expenses": NaN,
        "Net Non Operating Interest Income Expense": 85000.0,
        "Interest Income Non Operating": 85000.0,
        "Operating Income": -4988000.0,
        "Operating Expense": 7954000.0,
        "Research And Development": 1155000.0,
        "Selling General And Administration": 6799000.0,
        "General And Administrative Expense": 6799000.0,
        "Other Gand A": 6684000.0,
        "Salaries And Wages": 115000.0,
        "Gross Profit": 2966000.0,
        "Cost Of Revenue": 585000.0,
        "Total Revenue": 3551000.0,
        "Operating Revenue": 3551000.0
    },
    "2023-09-30": {
        "Tax Effect Of Unusual Items": 0.0,
        "Tax Rate For Calcs": 0.0,
        "Normalized EBITDA": -3865000.0,
        "Net Income From Continuing Operation Net Minority Interest": -4032000.0,
        "Reconciled Depreciation": 261000.0,
        "Reconciled Cost Of Revenue": 661000.0,
        "EBITDA": -3865000.0,
        "EBIT": -4126000.0,
        "Net Interest Income": 94000.0,
        "Interest Income": 94000.0,
        "Normalized Income": -4032000.0,
        "Net Income From Continuing And Discontinued Operation": -4032000.0,
        "Total Expenses": 8634000.0,
        "Total Operating Income As Reported": -4126000.0,
        "Diluted Average Shares": 5945000.0,
        "Basic Average Shares": 5945000.0,
        "Diluted EPS": -0.68,
        "Basic EPS": -0.68,
        "Diluted NI Availto Com Stockholders": -4032000.0,
        "Net Income Common Stockholders": -4032000.0,
        "Net Income": -4032000.0,
        "Net Income Including Noncontrolling Interests": -4032000.0,
        "Net Income Continuous Operations": -4032000.0,
        "Tax Provision": 0.0,
        "Pretax Income": -4032000.0,
        "Other Income Expense": NaN,
        "Other Non Operating Income Expenses": NaN,
        "Net Non Operating Interest Income Expense": 94000.0,
        "Interest Income Non Operating": 94000.0,
        "Operating Income": -4126000.0,
        "Operating Expense": 7973000.0,
        "Research And Development": 1249000.0,
        "Selling General And Administration": 6724000.0,
        "General And Administrative Expense": NaN,
        "Other Gand A": NaN,
        "Salaries And Wages": NaN,
        "Gross Profit": 3847000.0,
        "Cost Of Revenue": 661000.0,
        "Total Revenue": 4508000.0,
        "Operating Revenue": 4508000.0
    },
    "2023-12-31": {
        "Tax Effect Of Unusual Items": 0.0,
        "Tax Rate For Calcs": 0.21,
        "Normalized EBITDA": -3668000.0,
        "Net Income From Continuing Operation Net Minority Interest": -4032000.0,
        "Reconciled Depreciation": 290000.0,
        "Reconciled Cost Of Revenue": 1100000.0,
        "EBITDA": -3668000.0,
        "EBIT": -3958000.0,
        "Net Interest Income": 135000.0,
        "Interest Income": 135000.0,
        "Normalized Income": -4032000.0,
        "Net Income From Continuing And Discontinued Operation": -4032000.0,
        "Total Expenses": 9149000.0,
        "Total Operating Income As Reported": -3958000.0,
        "Diluted Average Shares": NaN,
        "Basic Average Shares": NaN,
        "Diluted EPS": NaN,
        "Basic EPS": NaN,
        "Diluted NI Availto Com Stockholders": -4032000.0,
        "Net Income Common Stockholders": -4032000.0,
        "Net Income": -4032000.0,
        "Net Income Including Noncontrolling Interests": -4032000.0,
        "Net Income Continuous Operations": -4032000.0,
        "Tax Provision": 25000.0,
        "Pretax Income": -4007000.0,
        "Other Income Expense": NaN,
        "Other Non Operating Income Expenses": NaN,
        "Net Non Operating Interest Income Expense": 135000.0,
        "Interest Income Non Operating": 135000.0,
        "Operating Income": -3958000.0,
        "Operating Expense": 8049000.0,
        "Research And Development": 1108000.0,
        "Selling General And Administration": 6941000.0,
        "General And Administrative Expense": NaN,
        "Other Gand A": NaN,
        "Salaries And Wages": NaN,
        "Gross Profit": 4091000.0,
        "Cost Of Revenue": 1100000.0,
        "Total Revenue": 5191000.0,
        "Operating Revenue": 5191000.0
    },
    "2024-03-31": {
        "Tax Effect Of Unusual Items": 0.0,
        "Tax Rate For Calcs": 0.033627,
        "Normalized EBITDA": -3626000.0,
        "Net Income From Continuing Operation Net Minority Interest": -3506000.0,
        "Reconciled Depreciation": 223000.0,
        "Reconciled Cost Of Revenue": 888000.0,
        "EBITDA": -3626000.0,
        "EBIT": -3849000.0,
        "Net Interest Income": 225000.0,
        "Interest Income": 225000.0,
        "Normalized Income": -3506000.0,
        "Net Income From Continuing And Discontinued Operation": -3506000.0,
        "Total Expenses": 9292000.0,
        "Total Operating Income As Reported": -3849000.0,
        "Diluted Average Shares": 6617000.0,
        "Basic Average Shares": 6617000.0,
        "Diluted EPS": -0.53,
        "Basic EPS": -0.53,
        "Diluted NI Availto Com Stockholders": -3506000.0,
        "Net Income Common Stockholders": -3506000.0,
        "Net Income": -3506000.0,
        "Net Income Including Noncontrolling Interests": -3506000.0,
        "Net Income Continuous Operations": -3506000.0,
        "Tax Provision": -122000.0,
        "Pretax Income": -3628000.0,
        "Other Income Expense": -4000.0,
        "Other Non Operating Income Expenses": -4000.0,
        "Net Non Operating Interest Income Expense": 225000.0,
        "Interest Income Non Operating": 225000.0,
        "Operating Income": -3849000.0,
        "Operating Expense": 8404000.0,
        "Research And Development": 399000.0,
        "Selling General And Administration": 8005000.0,
        "General And Administrative Expense": NaN,
        "Other Gand A": NaN,
        "Salaries And Wages": NaN,
        "Gross Profit": 4555000.0,
        "Cost Of Revenue": 888000.0,
        "Total Revenue": 5443000.0,
        "Operating Revenue": 5443000.0
    },
    "2024-06-30": {
        "Tax Effect Of Unusual Items": 0.0,
        "Tax Rate For Calcs": 0.0,
        "Normalized EBITDA": -2364000.0,
        "Net Income From Continuing Operation Net Minority Interest": -2655000.0,
        "Reconciled Depreciation": 227000.0,
        "Reconciled Cost Of Revenue": 838000.0,
        "EBITDA": -2364000.0,
        "EBIT": -2591000.0,
        "Net Interest Income": 55000.0,
        "Interest Income": 55000.0,
        "Normalized Income": -2655000.0,
        "Net Income From Continuing And Discontinued Operation": -2655000.0,
        "Total Expenses": 8730000.0,
        "Total Operating Income As Reported": -2591000.0,
        "Diluted Average Shares": 7046000.0,
        "Basic Average Shares": 7046000.0,
        "Diluted EPS": -0.38,
        "Basic EPS": -0.38,
        "Diluted NI Availto Com Stockholders": -2655000.0,
        "Net Income Common Stockholders": -2655000.0,
        "Net Income": -2655000.0,
        "Net Income Including Noncontrolling Interests": -2655000.0,
        "Net Income Continuous Operations": -2655000.0,
        "Tax Provision": 0.0,
        "Pretax Income": -2655000.0,
        "Other Income Expense": -119000.0,
        "Other Non Operating Income Expenses": -119000.0,
        "Net Non Operating Interest Income Expense": 55000.0,
        "Interest Income Non Operating": 55000.0,
        "Operating Income": -2591000.0,
        "Operating Expense": 7892000.0,
        "Research And Development": 635000.0,
        "Selling General And Administration": 7257000.0,
        "General And Administrative Expense": NaN,
        "Other Gand A": NaN,
        "Salaries And Wages": NaN,
        "Gross Profit": 5301000.0,
        "Cost Of Revenue": 838000.0,
        "Total Revenue": 6139000.0,
        "Operating Revenue": 6139000.0
    }
}