{
    "2023-03-31": {
        "Tax Effect Of Unusual Items": NaN,
        "Tax Rate For Calcs": NaN,
        "Normalized EBITDA": NaN,
        "Total Unusual Items": NaN,
        "Total Unusual Items Excluding Goodwill": NaN,
        "Net Income From Continuing Operation Net Minority Interest": NaN,
        "Reconciled Cost Of Revenue": NaN,
        "EBITDA": NaN,
        "EBIT": NaN,
        "Net Interest Income": NaN,
        "Interest Expense": NaN,
        "Interest Income": NaN,
        "Normalized Income": NaN,
        "Net Income From Continuing And Discontinued Operation": NaN,
        "Total Expenses": NaN,
        "Total Operating Income As Reported": NaN,
        "Diluted Average Shares": NaN,
        "Basic Average Shares": NaN,
        "Diluted EPS": NaN,
        "Basic EPS": NaN,
        "Diluted NI Availto Com Stockholders": NaN,
        "Net Income Common Stockholders": NaN,
        "Otherunder Preferred Stock Dividend": NaN,
        "Net Income": NaN,
        "Minority Interests": NaN,
        "Net Income Including Noncontrolling Interests": NaN,
        "Net Income Continuous Operations": NaN,
        "Tax Provision": NaN,
        "Pretax Income": NaN,
        "Other Income Expense": NaN,
        "Other Non Operating Income Expenses": NaN,
        "Special Income Charges": 0.0,
        "Gain On Sale Of Business": 0.0,
        "Earnings From Equity Interest": NaN,
        "Gain On Sale Of Security": NaN,
        "Net Non Operating Interest Income Expense": NaN,
        "Interest Expense Non Operating": NaN,
        "Interest Income Non Operating": NaN,
        "Operating Income": NaN,
        "Operating Expense": NaN,
        "Other Operating Expenses": -900000.0,
        "Research And Development": NaN,
        "Selling General And Administration": NaN,
        "General And Administrative Expense": 173200000.0,
        "Other Gand A": 173200000.0,
        "Gross Profit": NaN,
        "Cost Of Revenue": NaN,
        "Total Revenue": NaN,
        "Operating Revenue": NaN
    },
    "2022-12-31": {
        "Tax Effect Of Unusual Items": NaN,
        "Tax Rate For Calcs": NaN,
        "Normalized EBITDA": NaN,
        "Total Unusual Items": NaN,
        "Total Unusual Items Excluding Goodwill": NaN,
        "Net Income From Continuing Operation Net Minority Interest": NaN,
        "Reconciled Cost Of Revenue": NaN,
        "EBITDA": NaN,
        "EBIT": NaN,
        "Net Interest Income": NaN,
        "Interest Expense": NaN,
        "Interest Income": NaN,
        "Normalized Income": NaN,
        "Net Income From Continuing And Discontinued Operation": NaN,
        "Total Expenses": NaN,
        "Total Operating Income As Reported": NaN,
        "Diluted Average Shares": NaN,
        "Basic Average Shares": NaN,
        "Diluted EPS": NaN,
        "Basic EPS": NaN,
        "Diluted NI Availto Com Stockholders": NaN,
        "Net Income Common Stockholders": NaN,
        "Otherunder Preferred Stock Dividend": 78092000.0,
        "Net Income": NaN,
        "Minority Interests": NaN,
        "Net Income Including Noncontrolling Interests": NaN,
        "Net Income Continuous Operations": NaN,
        "Tax Provision": NaN,
        "Pretax Income": NaN,
        "Other Income Expense": NaN,
        "Other Non Operating Income Expenses": NaN,
        "Special Income Charges": -26000.0,
        "Gain On Sale Of Business": -26000.0,
        "Earnings From Equity Interest": NaN,
        "Gain On Sale Of Security": NaN,
        "Net Non Operating Interest Income Expense": NaN,
        "Interest Expense Non Operating": NaN,
        "Interest Income Non Operating": NaN,
        "Operating Income": NaN,
        "Operating Expense": NaN,
        "Other Operating Expenses": NaN,
        "Research And Development": NaN,
        "Selling General And Administration": NaN,
        "General And Administrative Expense": 534918000.0,
        "Other Gand A": 534918000.0,
        "Gross Profit": NaN,
        "Cost Of Revenue": NaN,
        "Total Revenue": NaN,
        "Operating Revenue": NaN
    },
    "2022-09-30": {
        "Tax Effect Of Unusual Items": NaN,
        "Tax Rate For Calcs": NaN,
        "Normalized EBITDA": NaN,
        "Total Unusual Items": NaN,
        "Total Unusual Items Excluding Goodwill": NaN,
        "Net Income From Continuing Operation Net Minority Interest": NaN,
        "Reconciled Cost Of Revenue": NaN,
        "EBITDA": NaN,
        "EBIT": NaN,
        "Net Interest Income": NaN,
        "Interest Expense": NaN,
        "Interest Income": NaN,
        "Normalized Income": NaN,
        "Net Income From Continuing And Discontinued Operation": NaN,
        "Total Expenses": NaN,
        "Total Operating Income As Reported": NaN,
        "Diluted Average Shares": NaN,
        "Basic Average Shares": NaN,
        "Diluted EPS": NaN,
        "Basic EPS": NaN,
        "Diluted NI Availto Com Stockholders": NaN,
        "Net Income Common Stockholders": NaN,
        "Otherunder Preferred Stock Dividend": 99000000.0,
        "Net Income": NaN,
        "Minority Interests": NaN,
        "Net Income Including Noncontrolling Interests": NaN,
        "Net Income Continuous Operations": NaN,
        "Tax Provision": NaN,
        "Pretax Income": NaN,
        "Other Income Expense": NaN,
        "Other Non Operating Income Expenses": NaN,
        "Special Income Charges": 0.0,
        "Gain On Sale Of Business": 0.0,
        "Earnings From Equity Interest": NaN,
        "Gain On Sale Of Security": NaN,
        "Net Non Operating Interest Income Expense": NaN,
        "Interest Expense Non Operating": NaN,
        "Interest Income Non Operating": NaN,
        "Operating Income": NaN,
        "Operating Expense": NaN,
        "Other Operating Expenses": NaN,
        "Research And Development": NaN,
        "Selling General And Administration": NaN,
        "General And Administrative Expense": 183700000.0,
        "Other Gand A": 183700000.0,
        "Gross Profit": NaN,
        "Cost Of Revenue": NaN,
        "Total Revenue": NaN,
        "Operating Revenue": NaN
    },
    "2022-06-30": {
        "Tax Effect Of Unusual Items": -3200000.0,
        "Tax Rate For Calcs": 0.4,
        "Normalized EBITDA": -256500000.0,
        "Total Unusual Items": -8000000.0,
        "Total Unusual Items Excluding Goodwill": -8000000.0,
        "Net Income From Continuing Operation Net Minority Interest": -277600000.0,
        "Reconciled Cost Of Revenue": 369000000.0,
        "EBITDA": -264500000.0,
        "EBIT": -264500000.0,
        "Net Interest Income": -4200000.0,
        "Interest Expense": 7600000.0,
        "Interest Income": 3400000.0,
        "Normalized Income": -272800000.0,
        "Net Income From Continuing And Discontinued Operation": -277600000.0,
        "Total Expenses": 994100000.0,
        "Total Operating Income As Reported": -336300000.0,
        "Diluted Average Shares": 337395390.0,
        "Basic Average Shares": 337395390.0,
        "Diluted EPS": -1.094858,
        "Basic EPS": -1.094858,
        "Diluted NI Availto Com Stockholders": -369400000.0,
        "Net Income Common Stockholders": -369400000.0,
        "Otherunder Preferred Stock Dividend": 91800000.0,
        "Net Income": -277600000.0,
        "Minority Interests": 2100000.0,
        "Net Income Including Noncontrolling Interests": -279700000.0,
        "Net Income Continuous Operations": -279700000.0,
        "Tax Provision": 7600000.0,
        "Pretax Income": -272100000.0,
        "Other Income Expense": 68400000.0,
        "Other Non Operating Income Expenses": 91200000.0,
        "Special Income Charges": 0.0,
        "Gain On Sale Of Business": 0.0,
        "Earnings From Equity Interest": -14800000.0,
        "Gain On Sale Of Security": -8000000.0,
        "Net Non Operating Interest Income Expense": -4200000.0,
        "Interest Expense Non Operating": 7600000.0,
        "Interest Income Non Operating": 3400000.0,
        "Operating Income": -336300000.0,
        "Operating Expense": 625100000.0,
        "Other Operating Expenses": NaN,
        "Research And Development": 309100000.0,
        "Selling General And Administration": 316000000.0,
        "Selling And Marketing Expense": NaN,
        "General And Administrative Expense": 316000000.0,
        "Other Gand A": 316000000.0,
        "Gross Profit": 288800000.0,
        "Cost Of Revenue": 369000000.0,
        "Total Revenue": 657800000.0,
        "Operating Revenue": 657800000.0
    },
    "2022-03-31": {
        "Diluted EPS": 0.18,
        "Total Revenue": NaN,
        "Gross Profit": NaN,
        "Operating Income": -1,
        "EBIT": -1,
        "Net Income": 7
    },
    "2021-12-31": {
        "Diluted EPS": 0.11,
        "Total Revenue": NaN,
        "Gross Profit": NaN,
        "Operating Income": -1,
        "EBIT": -1,
        "Net Income": 1
    },
    "2021-09-30": {
        "Diluted EPS": 0.19,
        "Total Revenue": NaN,
        "Gross Profit": NaN,
        "Operating Income": 0,
        "EBIT": 0,
        "Net Income": 7
    },
    "2021-06-30": {
        "Diluted EPS": 0.18,
        "Total Revenue": NaN,
        "Gross Profit": NaN,
        "Operating Income": 0,
        "EBIT": 0,
        "Net Income": 7
    },
    "2021-03-31": {
        "Diluted EPS": -0.14,
        "Total Revenue": NaN,
        "Gross Profit": NaN,
        "Operating Income": 0,
        "EBIT": 0,
        "Net Income": -3
    },
    "2020-12-31": {
        "Diluted EPS": 0.0,
        "Total Revenue": NaN,
        "Gross Profit": NaN,
        "Operating Income": NaN,
        "EBIT": NaN,
        "Net Income": NaN
    },
    "2023-06-30": {
        "Tax Effect Of Unusual Items": NaN,
        "Tax Rate For Calcs": NaN,
        "Normalized EBITDA": NaN,
        "Total Unusual Items": -36900000.0,
        "Total Unusual Items Excluding Goodwill": -36900000.0,
        "Net Income From Continuing Operation Net Minority Interest": NaN,
        "Reconciled Cost Of Revenue": NaN,
        "EBITDA": NaN,
        "EBIT": NaN,
        "Net Interest Income": NaN,
        "Interest Expense": NaN,
        "Interest Income": NaN,
        "Normalized Income": NaN,
        "Net Income From Continuing And Discontinued Operation": NaN,
        "Total Expenses": NaN,
        "Total Operating Income As Reported": NaN,
        "Diluted Average Shares": NaN,
        "Basic Average Shares": NaN,
        "Diluted EPS": NaN,
        "Basic EPS": NaN,
        "Diluted NI Availto Com Stockholders": NaN,
        "Net Income Common Stockholders": NaN,
        "Otherunder Preferred Stock Dividend": 0.0,
        "Net Income": NaN,
        "Minority Interests": NaN,
        "Net Income Including Noncontrolling Interests": NaN,
        "Net Income Continuous Operations": NaN,
        "Tax Provision": NaN,
        "Pretax Income": NaN,
        "Other Income Expense": NaN,
        "Other Non Operating Income Expenses": NaN,
        "Special Income Charges": 0.0,
        "Gain On Sale Of Business": 0.0,
        "Earnings From Equity Interest": NaN,
        "Gain On Sale Of Security": -36900000.0,
        "Net Non Operating Interest Income Expense": NaN,
        "Interest Expense Non Operating": NaN,
        "Interest Income Non Operating": NaN,
        "Operating Income": NaN,
        "Operating Expense": NaN,
        "Other Operating Expenses": NaN,
        "Research And Development": NaN,
        "Selling General And Administration": NaN,
        "General And Administrative Expense": 221800000.0,
        "Other Gand A": 221800000.0,
        "Gross Profit": NaN,
        "Cost Of Revenue": NaN,
        "Total Revenue": NaN,
        "Operating Revenue": NaN
    },
    "2023-09-30": {
        "Tax Effect Of Unusual Items": 0.0,
        "Tax Rate For Calcs": 0.0,
        "Normalized EBITDA": -283800000.0,
        "Total Unusual Items": 20600000.0,
        "Total Unusual Items Excluding Goodwill": 20600000.0,
        "Net Income From Continuing Operation Net Minority Interest": -266800000.0,
        "Reconciled Cost Of Revenue": 759100000.0,
        "EBITDA": -263200000.0,
        "EBIT": -263200000.0,
        "Net Interest Income": -14900000.0,
        "Interest Expense": 19900000.0,
        "Interest Income": 5000000.0,
        "Normalized Income": -287400000.0,
        "Net Income From Continuing And Discontinued Operation": -266800000.0,
        "Total Expenses": 1329000000.0,
        "Total Operating Income As Reported": -240400000.0,
        "Diluted Average Shares": 337395390.0,
        "Basic Average Shares": 337395390.0,
        "Diluted EPS": -0.79,
        "Basic EPS": -0.79,
        "Diluted NI Availto Com Stockholders": -283100000.0,
        "Net Income Common Stockholders": -283100000.0,
        "Otherunder Preferred Stock Dividend": 0.0,
        "Net Income": -266800000.0,
        "Minority Interests": 16300000.0,
        "Net Income Including Noncontrolling Interests": -283100000.0,
        "Net Income Continuous Operations": -283100000.0,
        "Tax Provision": 0.0,
        "Pretax Income": -283100000.0,
        "Other Income Expense": -27800000.0,
        "Other Non Operating Income Expenses": -38100000.0,
        "Special Income Charges": 0.0,
        "Gain On Sale Of Business": 0.0,
        "Earnings From Equity Interest": -10300000.0,
        "Gain On Sale Of Security": 20600000.0,
        "Net Non Operating Interest Income Expense": -14900000.0,
        "Interest Expense Non Operating": 19900000.0,
        "Interest Income Non Operating": 5000000.0,
        "Operating Income": -240400000.0,
        "Operating Expense": 569900000.0,
        "Other Operating Expenses": NaN,
        "Research And Development": 309300000.0,
        "Selling General And Administration": 260600000.0,
        "General And Administrative Expense": 260200000.0,
        "Other Gand A": 260200000.0,
        "Gross Profit": 329500000.0,
        "Cost Of Revenue": 759100000.0,
        "Total Revenue": 1088600000.0,
        "Operating Revenue": 1088600000.0
    },
    "2023-12-31": {
        "Tax Effect Of Unusual Items": 0.0,
        "Tax Rate For Calcs": 0.012068,
        "Normalized EBITDA": -305514000.0,
        "Total Unusual Items": NaN,
        "Total Unusual Items Excluding Goodwill": NaN,
        "Net Income From Continuing Operation Net Minority Interest": -294791000.0,
        "Reconciled Cost Of Revenue": 1437118000.0,
        "EBITDA": -305514000.0,
        "EBIT": -305514000.0,
        "Net Interest Income": -13608000.0,
        "Interest Expense": 21209000.0,
        "Interest Income": 7601000.0,
        "Normalized Income": -294791000.0,
        "Net Income From Continuing And Discontinued Operation": -294791000.0,
        "Total Expenses": 2171287000.0,
        "Total Operating Income As Reported": -297213000.0,
        "Diluted Average Shares": 337442347.0,
        "Basic Average Shares": 337442347.0,
        "Diluted EPS": -0.87,
        "Basic EPS": -0.87,
        "Diluted NI Availto Com Stockholders": -294791000.0,
        "Net Income Common Stockholders": -294791000.0,
        "Otherunder Preferred Stock Dividend": 0.0,
        "Net Income": -294791000.0,
        "Minority Interests": 27989000.0,
        "Net Income Including Noncontrolling Interests": -322780000.0,
        "Net Income Continuous Operations": -322780000.0,
        "Tax Provision": -3943000.0,
        "Pretax Income": -326723000.0,
        "Other Income Expense": -10575000.0,
        "Other Non Operating Income Expenses": -17210000.0,
        "Special Income Charges": NaN,
        "Gain On Sale Of Business": NaN,
        "Earnings From Equity Interest": -7365000.0,
        "Gain On Sale Of Security": NaN,
        "Net Non Operating Interest Income Expense": -13608000.0,
        "Interest Expense Non Operating": 21209000.0,
        "Interest Income Non Operating": 7601000.0,
        "Operating Income": -302540000.0,
        "Operating Expense": 734169000.0,
        "Other Operating Expenses": NaN,
        "Research And Development": 473408000.0,
        "Selling General And Administration": 260761000.0,
        "General And Administrative Expense": NaN,
        "Other Gand A": NaN,
        "Gross Profit": 431629000.0,
        "Cost Of Revenue": 1437118000.0,
        "Total Revenue": 1868747000.0,
        "Operating Revenue": 1868747000.0
    },
    "2024-03-31": {
        "Tax Effect Of Unusual Items": -198.150594,
        "Tax Rate For Calcs": 0.001982,
        "Normalized EBITDA": -281400000.0,
        "Total Unusual Items": -100000.0,
        "Total Unusual Items Excluding Goodwill": -100000.0,
        "Net Income From Continuing Operation Net Minority Interest": -284700000.0,
        "Reconciled Cost Of Revenue": 722600000.0,
        "EBITDA": -281500000.0,
        "EBIT": -281500000.0,
        "Net Interest Income": -15200000.0,
        "Interest Expense": 21300000.0,
        "Interest Income": 6100000.0,
        "Normalized Income": -284600198.150594,
        "Net Income From Continuing And Discontinued Operation": -284700000.0,
        "Total Expenses": 1182500000.0,
        "Total Operating Income As Reported": -254600000.0,
        "Diluted Average Shares": 337897291.0,
        "Basic Average Shares": 337897291.0,
        "Diluted EPS": -0.84,
        "Basic EPS": -0.84,
        "Diluted NI Availto Com Stockholders": -284700000.0,
        "Net Income Common Stockholders": -284700000.0,
        "Otherunder Preferred Stock Dividend": NaN,
        "Net Income": -284700000.0,
        "Minority Interests": 17500000.0,
        "Net Income Including Noncontrolling Interests": -302200000.0,
        "Net Income Continuous Operations": -302200000.0,
        "Tax Provision": -600000.0,
        "Pretax Income": -302800000.0,
        "Other Income Expense": -33000000.0,
        "Other Non Operating Income Expenses": -13700000.0,
        "Special Income Charges": NaN,
        "Gain On Sale Of Business": NaN,
        "Earnings From Equity Interest": -19200000.0,
        "Gain On Sale Of Security": -100000.0,
        "Net Non Operating Interest Income Expense": -15200000.0,
        "Interest Expense Non Operating": 21300000.0,
        "Interest Income Non Operating": 6100000.0,
        "Operating Income": -254600000.0,
        "Operating Expense": 459900000.0,
        "Other Operating Expenses": NaN,
        "Research And Development": 269400000.0,
        "Selling General And Administration": 190500000.0,
        "General And Administrative Expense": NaN,
        "Other Gand A": NaN,
        "Gross Profit": 205300000.0,
        "Cost Of Revenue": 722600000.0,
        "Total Revenue": 927900000.0,
        "Operating Revenue": 927900000.0
    },
    "2024-06-30": {
        "Tax Effect Of Unusual Items": 0.0,
        "Tax Rate For Calcs": 0.25,
        "Normalized EBITDA": -283524000.0,
        "Total Unusual Items": -4800000.0,
        "Total Unusual Items Excluding Goodwill": -4800000.0,
        "Net Income From Continuing Operation Net Minority Interest": -285846000.0,
        "Reconciled Cost Of Revenue": 976942000.0,
        "EBITDA": -283524000.0,
        "EBIT": -283524000.0,
        "Net Interest Income": -19089000.0,
        "Interest Expense": 24195000.0,
        "Interest Income": 5106000.0,
        "Normalized Income": -285846000.0,
        "Net Income From Continuing And Discontinued Operation": -285846000.0,
        "Total Expenses": 1498699000.0,
        "Total Operating Income As Reported": -231046000.0,
        "Diluted Average Shares": 337973311.0,
        "Basic Average Shares": 337973311.0,
        "Diluted EPS": -0.84,
        "Basic EPS": -0.84,
        "Diluted NI Availto Com Stockholders": -285846000.0,
        "Net Income Common Stockholders": -285846000.0,
        "Otherunder Preferred Stock Dividend": NaN,
        "Net Income": -285846000.0,
        "Minority Interests": 22275000.0,
        "Net Income Including Noncontrolling Interests": -308121000.0,
        "Net Income Continuous Operations": -308121000.0,
        "Tax Provision": 402000.0,
        "Pretax Income": -307719000.0,
        "Other Income Expense": -57348000.0,
        "Other Non Operating Income Expenses": -9043000.0,
        "Special Income Charges": NaN,
        "Gain On Sale Of Business": NaN,
        "Earnings From Equity Interest": -48405000.0,
        "Gain On Sale Of Security": -4800000.0,
        "Net Non Operating Interest Income Expense": -19089000.0,
        "Interest Expense Non Operating": 24195000.0,
        "Interest Income Non Operating": 5106000.0,
        "Operating Income": -231282000.0,
        "Operating Expense": 521757000.0,
        "Other Operating Expenses": NaN,
        "Research And Development": 303967000.0,
        "Selling General And Administration": 217790000.0,
        "General And Administrative Expense": NaN,
        "Other Gand A": NaN,
        "Gross Profit": 290475000.0,
        "Cost Of Revenue": 976942000.0,
        "Total Revenue": 1267417000.0,
        "Operating Revenue": 1267417000.0
    },
    "2024-09-30": {
        "Tax Effect Of Unusual Items": 225000.0,
        "Tax Rate For Calcs": 0.25,
        "Normalized EBITDA": -311900000.0,
        "Total Unusual Items": 900000.0,
        "Total Unusual Items Excluding Goodwill": 900000.0,
        "Net Income From Continuing Operation Net Minority Interest": -325400000.0,
        "Reconciled Cost Of Revenue": 1177800000.0,
        "EBITDA": -311000000.0,
        "EBIT": -311000000.0,
        "Net Interest Income": -22600000.0,
        "Interest Expense": 27900000.0,
        "Interest Income": 5300000.0,
        "Normalized Income": -326075000.0,
        "Net Income From Continuing And Discontinued Operation": -325400000.0,
        "Total Expenses": 1733600000.0,
        "Total Operating Income As Reported": -308300000.0,
        "Diluted Average Shares": 334158093.0,
        "Basic Average Shares": 334158093.0,
        "Diluted EPS": -0.97,
        "Basic EPS": -0.97,
        "Diluted NI Availto Com Stockholders": -340000000.0,
        "Net Income Common Stockholders": -340000000.0,
        "Otherunder Preferred Stock Dividend": NaN,
        "Net Income": -325400000.0,
        "Minority Interests": 14600000.0,
        "Net Income Including Noncontrolling Interests": -340000000.0,
        "Net Income Continuous Operations": -340000000.0,
        "Tax Provision": 1100000.0,
        "Pretax Income": -338900000.0,
        "Other Income Expense": -8000000.0,
        "Other Non Operating Income Expenses": -300000.0,
        "Special Income Charges": NaN,
        "Gain On Sale Of Business": NaN,
        "Earnings From Equity Interest": -8600000.0,
        "Gain On Sale Of Security": 900000.0,
        "Net Non Operating Interest Income Expense": -22600000.0,
        "Interest Expense Non Operating": 27900000.0,
        "Interest Income Non Operating": 5300000.0,
        "Operating Income": -308300000.0,
        "Operating Expense": 555800000.0,
        "Other Operating Expenses": NaN,
        "Research And Development": 344200000.0,
        "Selling General And Administration": 211600000.0,
        "General And Administrative Expense": NaN,
        "Other Gand A": NaN,
        "Gross Profit": 247500000.0,
        "Cost Of Revenue": 1177800000.0,
        "Total Revenue": 1425300000.0,
        "Operating Revenue": 1425300000.0
    }
}