{
    "2023-03-31": {
        "Tax Effect Of Unusual Items": 121660000.0,
        "Tax Rate For Calcs": 0.14,
        "Normalized EBITDA": 1565000000.0,
        "Total Unusual Items": 869000000.0,
        "Total Unusual Items Excluding Goodwill": 869000000.0,
        "Net Income From Continuing Operation Net Minority Interest": 1433000000.0,
        "Reconciled Depreciation": 499000000.0,
        "Reconciled Cost Of Revenue": 2255000000.0,
        "EBITDA": 2434000000.0,
        "EBIT": 1935000000.0,
        "Net Interest Income": -262000000.0,
        "Interest Expense": 262000000.0,
        "Interest Income": NaN,
        "Normalized Income": 685660000.0,
        "Net Income From Continuing And Discontinued Operation": 1433000000.0,
        "Total Expenses": 3519000000.0,
        "Total Operating Income As Reported": 1739000000.0,
        "Diluted Average Shares": 354200000.0,
        "Basic Average Shares": 352900000.0,
        "Diluted EPS": 4.05,
        "Basic EPS": 4.06,
        "Diluted NI Availto Com Stockholders": 1433000000.0,
        "Net Income Common Stockholders": 1433000000.0,
        "Net Income": 1433000000.0,
        "Minority Interests": 3000000.0,
        "Net Income Including Noncontrolling Interests": 1430000000.0,
        "Net Income Continuous Operations": 1430000000.0,
        "Tax Provision": 243000000.0,
        "Pretax Income": 1673000000.0,
        "Other Income Expense": 1051000000.0,
        "Other Non Operating Income Expenses": 182000000.0,
        "Special Income Charges": 861000000.0,
        "Gain On Sale Of Business": 855000000.0,
        "Other Special Charges": -6000000.0,
        "Gain On Sale Of Security": 8000000.0,
        "Net Non Operating Interest Income Expense": -262000000.0,
        "Interest Expense Non Operating": 262000000.0,
        "Interest Income Non Operating": NaN,
        "Operating Income": 884000000.0,
        "Operating Expense": 1264000000.0,
        "Other Taxes": 765000000.0,
        "Depreciation Amortization Depletion Income Statement": 499000000.0,
        "Depreciation And Amortization In Income Statement": 499000000.0,
        "Gross Profit": 2148000000.0,
        "Cost Of Revenue": 2255000000.0,
        "Total Revenue": 4403000000.0,
        "Operating Revenue": 4403000000.0
    },
    "2022-12-31": {
        "Tax Effect Of Unusual Items": NaN,
        "Tax Rate For Calcs": NaN,
        "Normalized EBITDA": NaN,
        "Total Unusual Items": NaN,
        "Total Unusual Items Excluding Goodwill": NaN,
        "Net Income From Continuing Operation Net Minority Interest": NaN,
        "Reconciled Depreciation": NaN,
        "Reconciled Cost Of Revenue": NaN,
        "EBITDA": NaN,
        "EBIT": NaN,
        "Net Interest Income": NaN,
        "Interest Expense": NaN,
        "Interest Income": -20000000.0,
        "Normalized Income": NaN,
        "Net Income From Continuing And Discontinued Operation": NaN,
        "Total Expenses": NaN,
        "Total Operating Income As Reported": NaN,
        "Diluted Average Shares": 356200000.0,
        "Basic Average Shares": 354900000.0,
        "Diluted EPS": 0.53,
        "Basic EPS": 0.53,
        "Diluted NI Availto Com Stockholders": NaN,
        "Net Income Common Stockholders": NaN,
        "Net Income": NaN,
        "Minority Interests": NaN,
        "Net Income Including Noncontrolling Interests": NaN,
        "Net Income Continuous Operations": NaN,
        "Tax Provision": NaN,
        "Pretax Income": NaN,
        "Other Income Expense": NaN,
        "Other Non Operating Income Expenses": NaN,
        "Special Income Charges": NaN,
        "Gain On Sale Of Business": NaN,
        "Other Special Charges": NaN,
        "Gain On Sale Of Security": NaN,
        "Net Non Operating Interest Income Expense": NaN,
        "Interest Expense Non Operating": NaN,
        "Interest Income Non Operating": -20000000.0,
        "Operating Income": NaN,
        "Operating Expense": NaN,
        "Other Taxes": NaN,
        "Depreciation Amortization Depletion Income Statement": NaN,
        "Depreciation And Amortization In Income Statement": NaN,
        "Gross Profit": NaN,
        "Cost Of Revenue": NaN,
        "Total Revenue": NaN,
        "Operating Revenue": NaN
    },
    "2022-09-30": {
        "Tax Effect Of Unusual Items": NaN,
        "Tax Rate For Calcs": NaN,
        "Normalized EBITDA": NaN,
        "Total Unusual Items": NaN,
        "Total Unusual Items Excluding Goodwill": NaN,
        "Net Income From Continuing Operation Net Minority Interest": NaN,
        "Reconciled Depreciation": NaN,
        "Reconciled Cost Of Revenue": NaN,
        "EBITDA": NaN,
        "EBIT": NaN,
        "Net Interest Income": NaN,
        "Interest Expense": NaN,
        "Interest Income": 32000000.0,
        "Normalized Income": NaN,
        "Net Income From Continuing And Discontinued Operation": NaN,
        "Total Expenses": NaN,
        "Total Operating Income As Reported": NaN,
        "Diluted Average Shares": NaN,
        "Basic Average Shares": NaN,
        "Diluted EPS": NaN,
        "Basic EPS": NaN,
        "Diluted NI Availto Com Stockholders": NaN,
        "Net Income Common Stockholders": NaN,
        "Net Income": NaN,
        "Minority Interests": NaN,
        "Net Income Including Noncontrolling Interests": NaN,
        "Net Income Continuous Operations": NaN,
        "Tax Provision": NaN,
        "Pretax Income": NaN,
        "Other Income Expense": NaN,
        "Other Non Operating Income Expenses": NaN,
        "Special Income Charges": NaN,
        "Gain On Sale Of Business": NaN,
        "Other Special Charges": NaN,
        "Gain On Sale Of Security": NaN,
        "Net Non Operating Interest Income Expense": NaN,
        "Interest Expense Non Operating": NaN,
        "Interest Income Non Operating": 32000000.0,
        "Operating Income": NaN,
        "Operating Expense": NaN,
        "Other Taxes": NaN,
        "Depreciation Amortization Depletion Income Statement": NaN,
        "Depreciation And Amortization In Income Statement": NaN,
        "Gross Profit": NaN,
        "Cost Of Revenue": NaN,
        "Total Revenue": NaN,
        "Operating Revenue": NaN
    },
    "2022-06-30": {
        "Tax Effect Of Unusual Items": 600000.0,
        "Tax Rate For Calcs": 0.06,
        "Normalized EBITDA": 1037000000.0,
        "Total Unusual Items": 10000000.0,
        "Total Unusual Items Excluding Goodwill": 10000000.0,
        "Net Income From Continuing Operation Net Minority Interest": 255000000.0,
        "Reconciled Depreciation": 539000000.0,
        "Reconciled Cost Of Revenue": 1771000000.0,
        "EBITDA": 1047000000.0,
        "EBIT": 508000000.0,
        "Net Interest Income": -205000000.0,
        "Interest Expense": 237000000.0,
        "Interest Income": 32000000.0,
        "Normalized Income": 245600000.0,
        "Net Income From Continuing And Discontinued Operation": 255000000.0,
        "Total Expenses": 3028000000.0,
        "Total Operating Income As Reported": 387000000.0,
        "Diluted Average Shares": 355500000.0,
        "Basic Average Shares": 354300000.0,
        "Diluted EPS": 0.72,
        "Basic EPS": 0.72,
        "Diluted NI Availto Com Stockholders": 255000000.0,
        "Net Income Common Stockholders": 255000000.0,
        "Net Income": 255000000.0,
        "Minority Interests": 1000000.0,
        "Net Income Including Noncontrolling Interests": 254000000.0,
        "Net Income Continuous Operations": 254000000.0,
        "Tax Provision": 17000000.0,
        "Pretax Income": 271000000.0,
        "Other Income Expense": 89000000.0,
        "Other Non Operating Income Expenses": 79000000.0,
        "Special Income Charges": 5000000.0,
        "Gain On Sale Of Business": NaN,
        "Other Special Charges": -5000000.0,
        "Gain On Sale Of Security": 5000000.0,
        "Net Non Operating Interest Income Expense": -205000000.0,
        "Interest Expense Non Operating": 237000000.0,
        "Interest Income Non Operating": 32000000.0,
        "Operating Income": 387000000.0,
        "Operating Expense": 1257000000.0,
        "Other Taxes": 718000000.0,
        "Depreciation Amortization Depletion Income Statement": 539000000.0,
        "Depreciation And Amortization In Income Statement": 539000000.0,
        "Gross Profit": 1644000000.0,
        "Cost Of Revenue": 1771000000.0,
        "Total Revenue": 3415000000.0,
        "Operating Revenue": 3415000000.0
    },
    "2023-06-30": {
        "Tax Effect Of Unusual Items": 3240000.0,
        "Tax Rate For Calcs": 0.12,
        "Normalized EBITDA": 960000000.0,
        "Total Unusual Items": 27000000.0,
        "Total Unusual Items Excluding Goodwill": 27000000.0,
        "Net Income From Continuing Operation Net Minority Interest": 226000000.0,
        "Reconciled Depreciation": 495000000.0,
        "Reconciled Cost Of Revenue": 1462000000.0,
        "EBITDA": 987000000.0,
        "EBIT": 491000000.0,
        "Net Interest Income": -236000000.0,
        "Interest Expense": 236000000.0,
        "Interest Income": NaN,
        "Normalized Income": 202240000.0,
        "Net Income From Continuing And Discontinued Operation": 226000000.0,
        "Total Expenses": 2673000000.0,
        "Total Operating Income As Reported": 284000000.0,
        "Diluted Average Shares": 347400000.0,
        "Basic Average Shares": 345900000.0,
        "Diluted EPS": 0.65,
        "Basic EPS": 0.65,
        "Diluted NI Availto Com Stockholders": 226000000.0,
        "Net Income Common Stockholders": 226000000.0,
        "Net Income": 226000000.0,
        "Minority Interests": 0.0,
        "Net Income Including Noncontrolling Interests": 226000000.0,
        "Net Income Continuous Operations": 226000000.0,
        "Tax Provision": 29000000.0,
        "Pretax Income": 255000000.0,
        "Other Income Expense": 220000000.0,
        "Other Non Operating Income Expenses": 193000000.0,
        "Special Income Charges": 19000000.0,
        "Gain On Sale Of Business": 13000000.0,
        "Other Special Charges": -6000000.0,
        "Gain On Sale Of Security": 8000000.0,
        "Net Non Operating Interest Income Expense": -236000000.0,
        "Interest Expense Non Operating": 236000000.0,
        "Interest Income Non Operating": NaN,
        "Operating Income": 271000000.0,
        "Operating Expense": 1212000000.0,
        "Other Taxes": 716000000.0,
        "Depreciation Amortization Depletion Income Statement": 496000000.0,
        "Depreciation And Amortization In Income Statement": 496000000.0,
        "Gross Profit": 1483000000.0,
        "Cost Of Revenue": 1461000000.0,
        "Total Revenue": 2944000000.0,
        "Operating Revenue": 2944000000.0
    },
    "2023-09-30": {
        "Tax Effect Of Unusual Items": 2940000.0,
        "Tax Rate For Calcs": 0.21,
        "Normalized EBITDA": 1427000000.0,
        "Total Unusual Items": 14000000.0,
        "Total Unusual Items Excluding Goodwill": 14000000.0,
        "Net Income From Continuing Operation Net Minority Interest": 526000000.0,
        "Reconciled Depreciation": 512000000.0,
        "Reconciled Cost Of Revenue": 1836000000.0,
        "EBITDA": 1441000000.0,
        "EBIT": 929000000.0,
        "Net Interest Income": -259000000.0,
        "Interest Expense": 259000000.0,
        "Interest Income": NaN,
        "Normalized Income": 514940000.0,
        "Net Income From Continuing And Discontinued Operation": 526000000.0,
        "Total Expenses": 3149000000.0,
        "Total Operating Income As Reported": 722000000.0,
        "Diluted Average Shares": 346500000.0,
        "Basic Average Shares": 345000000.0,
        "Diluted EPS": 1.52,
        "Basic EPS": 1.53,
        "Diluted NI Availto Com Stockholders": 526000000.0,
        "Net Income Common Stockholders": 526000000.0,
        "Net Income": 526000000.0,
        "Minority Interests": 0.0,
        "Net Income Including Noncontrolling Interests": 526000000.0,
        "Net Income Continuous Operations": 526000000.0,
        "Tax Provision": 144000000.0,
        "Pretax Income": 670000000.0,
        "Other Income Expense": 206000000.0,
        "Other Non Operating Income Expenses": 192000000.0,
        "Special Income Charges": 6000000.0,
        "Gain On Sale Of Business": -1000000.0,
        "Other Special Charges": -7000000.0,
        "Gain On Sale Of Security": 8000000.0,
        "Net Non Operating Interest Income Expense": -259000000.0,
        "Interest Expense Non Operating": 259000000.0,
        "Interest Income Non Operating": NaN,
        "Operating Income": 723000000.0,
        "Operating Expense": 1313000000.0,
        "Other Taxes": 801000000.0,
        "Depreciation Amortization Depletion Income Statement": 512000000.0,
        "Depreciation And Amortization In Income Statement": 512000000.0,
        "Gross Profit": 2036000000.0,
        "Cost Of Revenue": 1836000000.0,
        "Total Revenue": 3872000000.0,
        "Operating Revenue": 3872000000.0
    },
    "2023-12-31": {
        "Tax Effect Of Unusual Items": 7713580.246914,
        "Tax Rate For Calcs": 0.175309,
        "Normalized EBITDA": 1151000000.0,
        "Total Unusual Items": 44000000.0,
        "Total Unusual Items Excluding Goodwill": 44000000.0,
        "Net Income From Continuing Operation Net Minority Interest": 334000000.0,
        "Reconciled Depreciation": 525000000.0,
        "Reconciled Cost Of Revenue": 1706000000.0,
        "EBITDA": 1195000000.0,
        "EBIT": 670000000.0,
        "Net Interest Income": -265000000.0,
        "Interest Expense": 265000000.0,
        "Interest Income": NaN,
        "Normalized Income": 297713580.246914,
        "Net Income From Continuing And Discontinued Operation": 334000000.0,
        "Total Expenses": 2992000000.0,
        "Total Operating Income As Reported": 451000000.0,
        "Diluted Average Shares": NaN,
        "Basic Average Shares": NaN,
        "Diluted EPS": NaN,
        "Basic EPS": NaN,
        "Diluted NI Availto Com Stockholders": 334000000.0,
        "Net Income Common Stockholders": 334000000.0,
        "Net Income": 334000000.0,
        "Minority Interests": 0.0,
        "Net Income Including Noncontrolling Interests": 334000000.0,
        "Net Income Continuous Operations": 334000000.0,
        "Tax Provision": 71000000.0,
        "Pretax Income": 405000000.0,
        "Other Income Expense": 218000000.0,
        "Other Non Operating Income Expenses": 174000000.0,
        "Special Income Charges": 5000000.0,
        "Gain On Sale Of Business": -1000000.0,
        "Other Special Charges": -6000000.0,
        "Gain On Sale Of Security": 39000000.0,
        "Net Non Operating Interest Income Expense": -265000000.0,
        "Interest Expense Non Operating": 265000000.0,
        "Interest Income Non Operating": NaN,
        "Operating Income": 452000000.0,
        "Operating Expense": 1286000000.0,
        "Other Taxes": 761000000.0,
        "Depreciation Amortization Depletion Income Statement": 525000000.0,
        "Depreciation And Amortization In Income Statement": 525000000.0,
        "Gross Profit": 1738000000.0,
        "Cost Of Revenue": 1706000000.0,
        "Total Revenue": 3444000000.0,
        "Operating Revenue": 3444000000.0
    },
    "2024-03-31": {
        "Tax Effect Of Unusual Items": -200000.0,
        "Tax Rate For Calcs": 0.2,
        "Normalized EBITDA": 1733000000.0,
        "Total Unusual Items": -1000000.0,
        "Total Unusual Items Excluding Goodwill": -1000000.0,
        "Net Income From Continuing Operation Net Minority Interest": 720000000.0,
        "Reconciled Depreciation": 539000000.0,
        "Reconciled Cost Of Revenue": 1892000000.0,
        "EBITDA": 1732000000.0,
        "EBIT": 1193000000.0,
        "Net Interest Income": -289000000.0,
        "Interest Expense": 289000000.0,
        "Interest Income": NaN,
        "Normalized Income": 720800000.0,
        "Net Income From Continuing And Discontinued Operation": 720000000.0,
        "Total Expenses": 3239000000.0,
        "Total Operating Income As Reported": 1011000000.0,
        "Diluted Average Shares": 346800000.0,
        "Basic Average Shares": 345500000.0,
        "Diluted EPS": 2.08,
        "Basic EPS": 2.08,
        "Diluted NI Availto Com Stockholders": 720000000.0,
        "Net Income Common Stockholders": 720000000.0,
        "Net Income": 720000000.0,
        "Minority Interests": 0.0,
        "Net Income Including Noncontrolling Interests": 720000000.0,
        "Net Income Continuous Operations": 720000000.0,
        "Tax Provision": 184000000.0,
        "Pretax Income": 904000000.0,
        "Other Income Expense": 152000000.0,
        "Other Non Operating Income Expenses": 153000000.0,
        "Special Income Charges": -20000000.0,
        "Gain On Sale Of Business": -30000000.0,
        "Other Special Charges": -10000000.0,
        "Gain On Sale Of Security": 19000000.0,
        "Net Non Operating Interest Income Expense": -289000000.0,
        "Interest Expense Non Operating": 289000000.0,
        "Interest Income Non Operating": NaN,
        "Operating Income": 1041000000.0,
        "Operating Expense": 1347000000.0,
        "Other Taxes": 808000000.0,
        "Depreciation Amortization Depletion Income Statement": 539000000.0,
        "Depreciation And Amortization In Income Statement": 539000000.0,
        "Gross Profit": 2388000000.0,
        "Cost Of Revenue": 1892000000.0,
        "Total Revenue": 4280000000.0,
        "Operating Revenue": 4280000000.0
    }
}