{
    "2023-03-31": {
        "Tax Effect Of Unusual Items": 0.0,
        "Tax Rate For Calcs": 0.0,
        "Normalized EBITDA": -2359000.0,
        "Total Unusual Items": 70000.0,
        "Total Unusual Items Excluding Goodwill": 70000.0,
        "Net Income From Continuing Operation Net Minority Interest": -2879000.0,
        "Reconciled Depreciation": 356000.0,
        "Reconciled Cost Of Revenue": 2479000.0,
        "EBITDA": -2289000.0,
        "EBIT": -2645000.0,
        "Net Interest Income": -234000.0,
        "Interest Expense": 234000.0,
        "Normalized Income": -2949000.0,
        "Net Income From Continuing And Discontinued Operation": -2879000.0,
        "Total Expenses": 5170000.0,
        "Total Operating Income As Reported": -2715000.0,
        "Diluted Average Shares": 1302933.0,
        "Basic Average Shares": 1302933.0,
        "Basic EPS": -2.21,
        "Diluted NI Availto Com Stockholders": -2879000.0,
        "Net Income Common Stockholders": -2879000.0,
        "Net Income": -2879000.0,
        "Net Income Including Noncontrolling Interests": -2879000.0,
        "Net Income Continuous Operations": -2879000.0,
        "Pretax Income": -2879000.0,
        "Other Income Expense": 70000.0,
        "Other Non Operating Income Expenses": NaN,
        "Special Income Charges": 70000.0,
        "Other Special Charges": -70000.0,
        "Net Non Operating Interest Income Expense": -234000.0,
        "Interest Expense Non Operating": 234000.0,
        "Operating Income": -2715000.0,
        "Operating Expense": 2691000.0,
        "Selling General And Administration": 2691000.0,
        "Gross Profit": -24000.0,
        "Cost Of Revenue": 2479000.0,
        "Total Revenue": 2455000.0,
        "Operating Revenue": 2455000.0
    },
    "2022-12-31": {
        "Tax Effect Of Unusual Items": 0.0,
        "Tax Rate For Calcs": 0.0,
        "Normalized EBITDA": -2412000.0,
        "Total Unusual Items": 0.0,
        "Total Unusual Items Excluding Goodwill": 0.0,
        "Net Income From Continuing Operation Net Minority Interest": -3002000.0,
        "Reconciled Depreciation": 382000.0,
        "Reconciled Cost Of Revenue": 3005000.0,
        "EBITDA": -2412000.0,
        "EBIT": -2794000.0,
        "Net Interest Income": -208000.0,
        "Interest Expense": 208000.0,
        "Normalized Income": -3002000.0,
        "Net Income From Continuing And Discontinued Operation": -3002000.0,
        "Total Expenses": 6105000.0,
        "Total Operating Income As Reported": -3029000.0,
        "Diluted Average Shares": NaN,
        "Basic Average Shares": NaN,
        "Basic EPS": NaN,
        "Diluted NI Availto Com Stockholders": -3002000.0,
        "Net Income Common Stockholders": -3002000.0,
        "Net Income": -3002000.0,
        "Net Income Including Noncontrolling Interests": -3002000.0,
        "Net Income Continuous Operations": -3002000.0,
        "Pretax Income": -3002000.0,
        "Other Income Expense": 235000.0,
        "Other Non Operating Income Expenses": 235000.0,
        "Special Income Charges": 0.0,
        "Other Special Charges": 0.0,
        "Net Non Operating Interest Income Expense": -208000.0,
        "Interest Expense Non Operating": 208000.0,
        "Operating Income": -3029000.0,
        "Operating Expense": 3100000.0,
        "Selling General And Administration": 3100000.0,
        "Gross Profit": 71000.0,
        "Cost Of Revenue": 3005000.0,
        "Total Revenue": 3076000.0,
        "Operating Revenue": 3076000.0
    },
    "2022-09-30": {
        "Tax Effect Of Unusual Items": 0.0,
        "Tax Rate For Calcs": 0.0,
        "Normalized EBITDA": -1750000.0,
        "Total Unusual Items": 0.0,
        "Total Unusual Items Excluding Goodwill": 0.0,
        "Net Income From Continuing Operation Net Minority Interest": -2069000.0,
        "Reconciled Depreciation": 231000.0,
        "Reconciled Cost Of Revenue": 2572000.0,
        "EBITDA": -1750000.0,
        "EBIT": -1981000.0,
        "Net Interest Income": -88000.0,
        "Interest Expense": 88000.0,
        "Normalized Income": -2069000.0,
        "Net Income From Continuing And Discontinued Operation": -2069000.0,
        "Total Expenses": 4500000.0,
        "Total Operating Income As Reported": -1746000.0,
        "Diluted Average Shares": 290380.0,
        "Basic Average Shares": 290380.0,
        "Diluted EPS": -7.13,
        "Basic EPS": -7.13,
        "Diluted NI Availto Com Stockholders": -2069000.0,
        "Net Income Common Stockholders": -2069000.0,
        "Net Income": -2069000.0,
        "Net Income Including Noncontrolling Interests": -2069000.0,
        "Net Income Continuous Operations": -2069000.0,
        "Pretax Income": -2069000.0,
        "Other Income Expense": -235000.0,
        "Other Non Operating Income Expenses": -235000.0,
        "Special Income Charges": 0.0,
        "Other Special Charges": NaN,
        "Net Non Operating Interest Income Expense": -88000.0,
        "Interest Expense Non Operating": 88000.0,
        "Operating Income": -1746000.0,
        "Operating Expense": 1928000.0,
        "Selling General And Administration": 1928000.0,
        "Gross Profit": 182000.0,
        "Cost Of Revenue": 2572000.0,
        "Total Revenue": 2754000.0,
        "Operating Revenue": 2754000.0
    },
    "2022-06-30": {
        "Tax Effect Of Unusual Items": 0.0,
        "Tax Rate For Calcs": 0.0,
        "Normalized EBITDA": -2504000.0,
        "Total Unusual Items": -826000.0,
        "Total Unusual Items Excluding Goodwill": -826000.0,
        "Net Income From Continuing Operation Net Minority Interest": -4776000.0,
        "Reconciled Depreciation": 212000.0,
        "Reconciled Cost Of Revenue": 2779000.0,
        "EBITDA": -3330000.0,
        "EBIT": -3542000.0,
        "Net Interest Income": -1234000.0,
        "Interest Expense": 1234000.0,
        "Normalized Income": -3950000.0,
        "Net Income From Continuing And Discontinued Operation": -4776000.0,
        "Total Expenses": 5512000.0,
        "Total Operating Income As Reported": -2527000.0,
        "Diluted Average Shares": 233617.0,
        "Basic Average Shares": 233617.0,
        "Diluted EPS": -20.44,
        "Basic EPS": -20.44,
        "Diluted NI Availto Com Stockholders": -4776000.0,
        "Net Income Common Stockholders": -4776000.0,
        "Net Income": -4776000.0,
        "Net Income Including Noncontrolling Interests": -4776000.0,
        "Net Income Continuous Operations": -4776000.0,
        "Pretax Income": -4776000.0,
        "Other Income Expense": -1015000.0,
        "Other Non Operating Income Expenses": -189000.0,
        "Special Income Charges": -826000.0,
        "Other Special Charges": 826000.0,
        "Net Non Operating Interest Income Expense": -1234000.0,
        "Interest Expense Non Operating": 1234000.0,
        "Operating Income": -2527000.0,
        "Operating Expense": 2733000.0,
        "Selling General And Administration": 2733000.0,
        "Gross Profit": 206000.0,
        "Cost Of Revenue": 2779000.0,
        "Total Revenue": 2985000.0,
        "Operating Revenue": 2985000.0
    },
    "2022-03-31": {
        "Diluted EPS": -15.4,
        "Total Revenue": 3,
        "Gross Profit": 0,
        "Operating Income": -2,
        "EBIT": -2,
        "Net Income": -3
    },
    "2021-12-31": {
        "Diluted EPS": -13.15,
        "Total Revenue": 3,
        "Gross Profit": 0,
        "Operating Income": -2,
        "EBIT": -1,
        "Net Income": -2
    },
    "2021-09-30": {
        "Diluted EPS": -8.41,
        "Total Revenue": 2,
        "Gross Profit": 0,
        "Operating Income": -1,
        "EBIT": -1,
        "Net Income": -1
    },
    "2021-06-30": {
        "Diluted EPS": -8.71,
        "Total Revenue": 3,
        "Gross Profit": 0,
        "Operating Income": -1,
        "EBIT": -1,
        "Net Income": -1
    },
    "2021-03-31": {
        "Diluted EPS": -9.01,
        "Total Revenue": 2,
        "Gross Profit": 0,
        "Operating Income": -1,
        "EBIT": -1,
        "Net Income": -1
    },
    "2023-06-30": {
        "Tax Effect Of Unusual Items": 0.0,
        "Tax Rate For Calcs": 0.0,
        "Normalized EBITDA": -1432000.0,
        "Total Unusual Items": 1233000.0,
        "Total Unusual Items Excluding Goodwill": 1233000.0,
        "Net Income From Continuing Operation Net Minority Interest": -638000.0,
        "Reconciled Depreciation": 395000.0,
        "Reconciled Cost Of Revenue": 3668000.0,
        "EBITDA": -199000.0,
        "EBIT": -594000.0,
        "Net Interest Income": -44000.0,
        "Interest Expense": 44000.0,
        "Normalized Income": -1871000.0,
        "Net Income From Continuing And Discontinued Operation": -638000.0,
        "Total Expenses": 6048000.0,
        "Total Operating Income As Reported": -1827000.0,
        "Diluted Average Shares": NaN,
        "Basic Average Shares": 2641485.0,
        "Basic EPS": NaN,
        "Diluted NI Availto Com Stockholders": -638000.0,
        "Net Income Common Stockholders": -638000.0,
        "Net Income": -638000.0,
        "Net Income Including Noncontrolling Interests": -638000.0,
        "Net Income Continuous Operations": -638000.0,
        "Pretax Income": -638000.0,
        "Other Income Expense": 1233000.0,
        "Other Non Operating Income Expenses": NaN,
        "Special Income Charges": 1233000.0,
        "Other Special Charges": -1233000.0,
        "Net Non Operating Interest Income Expense": -44000.0,
        "Interest Expense Non Operating": 44000.0,
        "Operating Income": -1827000.0,
        "Operating Expense": 2380000.0,
        "Selling General And Administration": 2380000.0,
        "Gross Profit": 553000.0,
        "Cost Of Revenue": 3668000.0,
        "Total Revenue": 4221000.0,
        "Operating Revenue": 4221000.0
    },
    "2023-09-30": {
        "Tax Effect Of Unusual Items": 0.0,
        "Tax Rate For Calcs": 0.0,
        "Normalized EBITDA": -1964000.0,
        "Total Unusual Items": 0.0,
        "Total Unusual Items Excluding Goodwill": 0.0,
        "Net Income From Continuing Operation Net Minority Interest": -2431000.0,
        "Reconciled Depreciation": 410000.0,
        "Reconciled Cost Of Revenue": 3277000.0,
        "EBITDA": -1964000.0,
        "EBIT": -2374000.0,
        "Net Interest Income": -57000.0,
        "Interest Expense": 57000.0,
        "Normalized Income": -2431000.0,
        "Net Income From Continuing And Discontinued Operation": -2431000.0,
        "Total Expenses": 5664000.0,
        "Total Operating Income As Reported": -2375000.0,
        "Diluted Average Shares": NaN,
        "Basic Average Shares": 3515245.0,
        "Basic EPS": -0.69,
        "Diluted NI Availto Com Stockholders": -2431000.0,
        "Net Income Common Stockholders": -2431000.0,
        "Net Income": -2431000.0,
        "Net Income Including Noncontrolling Interests": -2431000.0,
        "Net Income Continuous Operations": -2431000.0,
        "Pretax Income": -2431000.0,
        "Other Income Expense": 1000.0,
        "Other Non Operating Income Expenses": 1000.0,
        "Special Income Charges": 0.0,
        "Other Special Charges": NaN,
        "Net Non Operating Interest Income Expense": -57000.0,
        "Interest Expense Non Operating": 57000.0,
        "Operating Income": -2375000.0,
        "Operating Expense": 2387000.0,
        "Selling General And Administration": 2387000.0,
        "Gross Profit": 12000.0,
        "Cost Of Revenue": 3277000.0,
        "Total Revenue": 3289000.0,
        "Operating Revenue": 3289000.0
    }
}