{
    "2023-03-31": {
        "Tax Effect Of Unusual Items": 0.0,
        "Tax Rate For Calcs": 0.0,
        "Normalized EBITDA": -49417000.0,
        "Net Income From Continuing Operation Net Minority Interest": -49036000.0,
        "Reconciled Depreciation": 1544000.0,
        "EBITDA": -49417000.0,
        "EBIT": -50961000.0,
        "Net Interest Income": 3509000.0,
        "Interest Income": NaN,
        "Normalized Income": -49036000.0,
        "Net Income From Continuing And Discontinued Operation": -49036000.0,
        "Total Expenses": 60812000.0,
        "Total Operating Income As Reported": -50961000.0,
        "Diluted Average Shares": 68924180.0,
        "Basic Average Shares": 68924180.0,
        "Diluted EPS": -0.71,
        "Basic EPS": -0.71,
        "Diluted NI Availto Com Stockholders": -49036000.0,
        "Net Income Common Stockholders": -49036000.0,
        "Net Income": -49036000.0,
        "Net Income Including Noncontrolling Interests": -49036000.0,
        "Net Income Continuous Operations": -49036000.0,
        "Pretax Income": -49036000.0,
        "Other Income Expense": -1584000.0,
        "Other Non Operating Income Expenses": -1584000.0,
        "Net Non Operating Interest Income Expense": 3509000.0,
        "Total Other Finance Cost": -3509000.0,
        "Interest Income Non Operating": NaN,
        "Operating Income": -50961000.0,
        "Operating Expense": 60812000.0,
        "Research And Development": 37804000.0,
        "Selling General And Administration": 23008000.0,
        "General And Administrative Expense": 23008000.0,
        "Other Gand A": 16460000.0,
        "Salaries And Wages": 6548000.0,
        "Total Revenue": 9851000.0,
        "Operating Revenue": 9851000.0
    },
    "2022-12-31": {
        "Tax Effect Of Unusual Items": 0.0,
        "Tax Rate For Calcs": 0.0,
        "Normalized EBITDA": -61869000.0,
        "Net Income From Continuing Operation Net Minority Interest": -60738000.0,
        "Reconciled Depreciation": 1577000.0,
        "EBITDA": -61869000.0,
        "EBIT": -63446000.0,
        "Net Interest Income": 1419000.0,
        "Interest Income": 1419000.0,
        "Normalized Income": -60738000.0,
        "Net Income From Continuing And Discontinued Operation": -60738000.0,
        "Total Expenses": 69982000.0,
        "Total Operating Income As Reported": -63446000.0,
        "Diluted Average Shares": 68793157.0,
        "Basic Average Shares": 68793157.0,
        "Diluted EPS": -0.88,
        "Basic EPS": -0.88,
        "Diluted NI Availto Com Stockholders": -60738000.0,
        "Net Income Common Stockholders": -60738000.0,
        "Net Income": -60738000.0,
        "Net Income Including Noncontrolling Interests": -60738000.0,
        "Net Income Continuous Operations": -60738000.0,
        "Pretax Income": -60738000.0,
        "Other Income Expense": 1289000.0,
        "Other Non Operating Income Expenses": 1289000.0,
        "Net Non Operating Interest Income Expense": 1419000.0,
        "Total Other Finance Cost": NaN,
        "Interest Income Non Operating": 1419000.0,
        "Operating Income": -63446000.0,
        "Operating Expense": 69982000.0,
        "Research And Development": 51998000.0,
        "Selling General And Administration": 17984000.0,
        "General And Administrative Expense": 17984000.0,
        "Other Gand A": 10988000.0,
        "Salaries And Wages": 6996000.0,
        "Total Revenue": 6536000.0,
        "Operating Revenue": 6536000.0
    },
    "2022-09-30": {
        "Tax Effect Of Unusual Items": 0.0,
        "Tax Rate For Calcs": 0.0,
        "Normalized EBITDA": -55916000.0,
        "Net Income From Continuing Operation Net Minority Interest": -55726000.0,
        "Reconciled Depreciation": 1604000.0,
        "EBITDA": -55916000.0,
        "EBIT": -57520000.0,
        "Net Interest Income": 1793000.0,
        "Interest Income": 1793000.0,
        "Normalized Income": -55726000.0,
        "Net Income From Continuing And Discontinued Operation": -55726000.0,
        "Total Expenses": 57562000.0,
        "Total Operating Income As Reported": -57520000.0,
        "Diluted Average Shares": 68736125.0,
        "Basic Average Shares": 68736125.0,
        "Diluted EPS": -0.81,
        "Basic EPS": -0.81,
        "Diluted NI Availto Com Stockholders": -55726000.0,
        "Net Income Common Stockholders": -55726000.0,
        "Net Income": -55726000.0,
        "Net Income Including Noncontrolling Interests": -55726000.0,
        "Net Income Continuous Operations": -55726000.0,
        "Pretax Income": -55726000.0,
        "Other Income Expense": 1000.0,
        "Other Non Operating Income Expenses": 1000.0,
        "Net Non Operating Interest Income Expense": 1793000.0,
        "Total Other Finance Cost": NaN,
        "Interest Income Non Operating": 1793000.0,
        "Operating Income": -57520000.0,
        "Operating Expense": 57562000.0,
        "Research And Development": 41326000.0,
        "Selling General And Administration": 16236000.0,
        "General And Administrative Expense": 16236000.0,
        "Other Gand A": 8691000.0,
        "Salaries And Wages": 7545000.0,
        "Total Revenue": 42000.0,
        "Operating Revenue": 42000.0
    },
    "2022-06-30": {
        "Tax Effect Of Unusual Items": 0.0,
        "Tax Rate For Calcs": 0.0,
        "Normalized EBITDA": -52636000.0,
        "Net Income From Continuing Operation Net Minority Interest": -53453000.0,
        "Reconciled Depreciation": 1598000.0,
        "EBITDA": -52636000.0,
        "EBIT": -54234000.0,
        "Net Interest Income": 546000.0,
        "Interest Income": 546000.0,
        "Normalized Income": -53453000.0,
        "Net Income From Continuing And Discontinued Operation": -53453000.0,
        "Total Expenses": 60596000.0,
        "Total Operating Income As Reported": -54234000.0,
        "Diluted Average Shares": 68640858.0,
        "Basic Average Shares": 68640858.0,
        "Diluted EPS": -0.78,
        "Basic EPS": -0.78,
        "Diluted NI Availto Com Stockholders": -53453000.0,
        "Net Income Common Stockholders": -53453000.0,
        "Net Income": -53453000.0,
        "Net Income Including Noncontrolling Interests": -53453000.0,
        "Net Income Continuous Operations": -53453000.0,
        "Pretax Income": -53453000.0,
        "Other Income Expense": 235000.0,
        "Other Non Operating Income Expenses": 235000.0,
        "Net Non Operating Interest Income Expense": 546000.0,
        "Total Other Finance Cost": NaN,
        "Interest Income Non Operating": 546000.0,
        "Operating Income": -54234000.0,
        "Operating Expense": 60596000.0,
        "Research And Development": 43659000.0,
        "Selling General And Administration": 16937000.0,
        "General And Administrative Expense": 16937000.0,
        "Other Gand A": 9150000.0,
        "Salaries And Wages": 7787000.0,
        "Total Revenue": 6362000.0,
        "Operating Revenue": 6362000.0
    },
    "2023-06-30": {
        "Tax Effect Of Unusual Items": 0.0,
        "Tax Rate For Calcs": 0.0,
        "Normalized EBITDA": -42554000.0,
        "Net Income From Continuing Operation Net Minority Interest": -40290000.0,
        "Reconciled Depreciation": 1540000.0,
        "EBITDA": -42554000.0,
        "EBIT": -44094000.0,
        "Net Interest Income": 3811000.0,
        "Interest Income": 3811000.0,
        "Normalized Income": -40290000.0,
        "Net Income From Continuing And Discontinued Operation": -40290000.0,
        "Total Expenses": 46981000.0,
        "Total Operating Income As Reported": -44094000.0,
        "Diluted Average Shares": 71376678.0,
        "Basic Average Shares": 71376678.0,
        "Diluted EPS": -0.56,
        "Basic EPS": -0.56,
        "Diluted NI Availto Com Stockholders": -40290000.0,
        "Net Income Common Stockholders": -40290000.0,
        "Net Income": -40290000.0,
        "Net Income Including Noncontrolling Interests": -40290000.0,
        "Net Income Continuous Operations": -40290000.0,
        "Pretax Income": -40290000.0,
        "Other Income Expense": -7000.0,
        "Other Non Operating Income Expenses": -7000.0,
        "Net Non Operating Interest Income Expense": 3811000.0,
        "Total Other Finance Cost": NaN,
        "Interest Income Non Operating": 3811000.0,
        "Operating Income": -44094000.0,
        "Operating Expense": 46981000.0,
        "Research And Development": 29779000.0,
        "Selling General And Administration": 17202000.0,
        "General And Administrative Expense": 17202000.0,
        "Other Gand A": 9887000.0,
        "Salaries And Wages": 7315000.0,
        "Total Revenue": 2887000.0,
        "Operating Revenue": 2887000.0
    },
    "2022-03-31": {
        "Diluted EPS": -0.74,
        "Total Revenue": 7,
        "Gross Profit": 7,
        "Operating Income": -51,
        "EBIT": -49,
        "Net Income": -51
    },
    "2021-12-31": {
        "Diluted EPS": -0.61,
        "Total Revenue": 12,
        "Gross Profit": 12,
        "Operating Income": -42,
        "EBIT": -40,
        "Net Income": -41
    },
    "2021-09-30": {
        "Diluted EPS": -0.57,
        "Total Revenue": 6,
        "Gross Profit": 6,
        "Operating Income": -39,
        "EBIT": -38,
        "Net Income": -39
    },
    "2021-06-30": {
        "Diluted EPS": -0.81,
        "Total Revenue": 0,
        "Gross Profit": 0,
        "Operating Income": -55,
        "EBIT": -54,
        "Net Income": -55
    },
    "2021-03-31": {
        "Diluted EPS": -0.86,
        "Total Revenue": 6,
        "Gross Profit": 6,
        "Operating Income": -57,
        "EBIT": -56,
        "Net Income": -57
    },
    "2020-12-31": {
        "Diluted EPS": -0.98,
        "Total Revenue": 11,
        "Gross Profit": 11,
        "Operating Income": -66,
        "EBIT": -65,
        "Net Income": -62
    },
    "2020-09-30": {
        "Diluted EPS": 0.12,
        "Total Revenue": 63,
        "Gross Profit": 63,
        "Operating Income": 9,
        "EBIT": 10,
        "Net Income": 8
    },
    "2020-06-30": {
        "Diluted EPS": -0.43,
        "Total Revenue": 11,
        "Gross Profit": 11,
        "Operating Income": -31,
        "EBIT": -30,
        "Net Income": -24
    },
    "2020-03-31": {
        "Diluted EPS": -0.69,
        "Total Revenue": 6,
        "Gross Profit": 6,
        "Operating Income": -47,
        "EBIT": -46,
        "Net Income": -38
    },
    "2019-12-31": {
        "Diluted EPS": -0.73,
        "Total Revenue": 12,
        "Gross Profit": 12,
        "Operating Income": -39,
        "EBIT": -39,
        "Net Income": -38
    },
    "2019-09-30": {
        "Diluted EPS": -0.66,
        "Total Revenue": 4,
        "Gross Profit": 4,
        "Operating Income": -35,
        "EBIT": -34,
        "Net Income": -33
    },
    "2019-06-30": {
        "Diluted EPS": -0.69,
        "Total Revenue": 2,
        "Gross Profit": 2,
        "Operating Income": -36,
        "EBIT": -35,
        "Net Income": -34
    },
    "2019-03-31": {
        "Diluted EPS": -0.6,
        "Total Revenue": 2,
        "Gross Profit": 2,
        "Operating Income": -31,
        "EBIT": -31,
        "Net Income": -29
    },
    "2018-12-31": {
        "Diluted EPS": -0.52,
        "Total Revenue": 6,
        "Gross Profit": 6,
        "Operating Income": -26,
        "EBIT": -25,
        "Net Income": -25
    },
    "2018-09-30": {
        "Diluted EPS": -0.32,
        "Total Revenue": 15,
        "Gross Profit": 15,
        "Operating Income": -16,
        "EBIT": -15,
        "Net Income": -15
    },
    "2018-06-30": {
        "Diluted EPS": -0.82,
        "Total Revenue": 7,
        "Gross Profit": 7,
        "Operating Income": -40,
        "EBIT": -39,
        "Net Income": -39
    },
    "2018-03-31": {
        "Diluted EPS": -0.67,
        "Total Revenue": 4,
        "Gross Profit": 4,
        "Operating Income": -32,
        "EBIT": -31,
        "Net Income": -31
    },
    "2017-12-31": {
        "Diluted EPS": -0.84,
        "Total Revenue": 4,
        "Gross Profit": 4,
        "Operating Income": -36,
        "EBIT": -36,
        "Net Income": -36
    },
    "2017-09-30": {
        "Diluted EPS": -0.64,
        "Total Revenue": 6,
        "Gross Profit": 6,
        "Operating Income": -27,
        "EBIT": -26,
        "Net Income": -27
    },
    "2017-06-30": {
        "Diluted EPS": -0.65,
        "Total Revenue": 3,
        "Gross Profit": 3,
        "Operating Income": -26,
        "EBIT": -25,
        "Net Income": -26
    },
    "2017-03-31": {
        "Diluted EPS": -0.85,
        "Total Revenue": 1,
        "Gross Profit": 1,
        "Operating Income": -31,
        "EBIT": -30,
        "Net Income": -31
    },
    "2016-12-31": {
        "Diluted EPS": -1.09,
        "Total Revenue": 1,
        "Gross Profit": 1,
        "Operating Income": -39,
        "EBIT": -38,
        "Net Income": -39
    },
    "2016-09-30": {
        "Diluted EPS": -0.59,
        "Total Revenue": 1,
        "Gross Profit": 1,
        "Operating Income": -21,
        "EBIT": -21,
        "Net Income": -21
    },
    "2016-06-30": {
        "Diluted EPS": -0.54,
        "Total Revenue": 3,
        "Gross Profit": 3,
        "Operating Income": -19,
        "EBIT": -19,
        "Net Income": -19
    },
    "2016-03-31": {
        "Diluted EPS": -0.8,
        "Total Revenue": 1,
        "Gross Profit": 1,
        "Operating Income": -18,
        "EBIT": -18,
        "Net Income": -18
    },
    "2015-12-31": {
        "Diluted EPS": -4.05,
        "Total Revenue": 1,
        "Gross Profit": 1,
        "Operating Income": -12,
        "EBIT": -12,
        "Net Income": -13
    },
    "2015-09-30": {
        "Diluted EPS": -2.57,
        "Total Revenue": 1,
        "Gross Profit": 1,
        "Operating Income": -7,
        "EBIT": -7,
        "Net Income": -8
    },
    "2015-06-30": {
        "Diluted EPS": -21.45,
        "Total Revenue": 0,
        "Gross Profit": 0,
        "Operating Income": -10,
        "EBIT": -10,
        "Net Income": -48
    },
    "2015-03-31": {
        "Diluted EPS": -2.75,
        "Total Revenue": NaN,
        "Gross Profit": NaN,
        "Operating Income": -5,
        "EBIT": -5,
        "Net Income": -5
    },
    "2014-12-31": {
        "Diluted EPS": 0.0,
        "Total Revenue": NaN,
        "Gross Profit": NaN,
        "Operating Income": NaN,
        "EBIT": NaN,
        "Net Income": NaN
    },
    "2023-09-30": {
        "Tax Effect Of Unusual Items": 0.0,
        "Tax Rate For Calcs": 0.0,
        "Normalized EBITDA": -48649000.0,
        "Net Income From Continuing Operation Net Minority Interest": -45019000.0,
        "Reconciled Depreciation": 1514000.0,
        "EBITDA": -48649000.0,
        "EBIT": -50163000.0,
        "Net Interest Income": 5144000.0,
        "Interest Income": 5144000.0,
        "Normalized Income": -45019000.0,
        "Net Income From Continuing And Discontinued Operation": -45019000.0,
        "Total Expenses": 55499000.0,
        "Total Operating Income As Reported": -50163000.0,
        "Diluted Average Shares": 81648250.0,
        "Basic Average Shares": 81648250.0,
        "Diluted EPS": -0.55,
        "Basic EPS": -0.55,
        "Diluted NI Availto Com Stockholders": -45019000.0,
        "Net Income Common Stockholders": -45019000.0,
        "Net Income": -45019000.0,
        "Net Income Including Noncontrolling Interests": -45019000.0,
        "Net Income Continuous Operations": -45019000.0,
        "Pretax Income": -45019000.0,
        "Other Income Expense": NaN,
        "Other Non Operating Income Expenses": NaN,
        "Net Non Operating Interest Income Expense": 5144000.0,
        "Total Other Finance Cost": NaN,
        "Interest Income Non Operating": 5144000.0,
        "Operating Income": -50163000.0,
        "Operating Expense": 55499000.0,
        "Research And Development": 40512000.0,
        "Selling General And Administration": 14987000.0,
        "General And Administrative Expense": 14987000.0,
        "Other Gand A": 8917000.0,
        "Salaries And Wages": 6070000.0,
        "Total Revenue": 5336000.0,
        "Operating Revenue": 5336000.0
    },
    "2023-12-31": {
        "Tax Effect Of Unusual Items": 0.0,
        "Tax Rate For Calcs": 0.0,
        "Normalized EBITDA": -22496000.0,
        "Net Income From Continuing Operation Net Minority Interest": -18874000.0,
        "Reconciled Depreciation": 1466000.0,
        "EBITDA": -22496000.0,
        "EBIT": -23962000.0,
        "Net Interest Income": 5102000.0,
        "Interest Income": 5102000.0,
        "Normalized Income": -18874000.0,
        "Net Income From Continuing And Discontinued Operation": -18874000.0,
        "Total Expenses": 84011000.0,
        "Total Operating Income As Reported": -23962000.0,
        "Diluted Average Shares": NaN,
        "Basic Average Shares": NaN,
        "Diluted EPS": NaN,
        "Basic EPS": NaN,
        "Diluted NI Availto Com Stockholders": -18874000.0,
        "Net Income Common Stockholders": -18874000.0,
        "Net Income": -18874000.0,
        "Net Income Including Noncontrolling Interests": -18874000.0,
        "Net Income Continuous Operations": -18874000.0,
        "Pretax Income": -18874000.0,
        "Other Income Expense": -14000.0,
        "Other Non Operating Income Expenses": -14000.0,
        "Net Non Operating Interest Income Expense": 5102000.0,
        "Total Other Finance Cost": NaN,
        "Interest Income Non Operating": 5102000.0,
        "Operating Income": -23962000.0,
        "Operating Expense": 84011000.0,
        "Research And Development": 69556000.0,
        "Selling General And Administration": 14455000.0,
        "General And Administrative Expense": 14455000.0,
        "Other Gand A": 7464000.0,
        "Salaries And Wages": 6991000.0,
        "Total Revenue": 60049000.0,
        "Operating Revenue": 60049000.0
    }
}