{
    "2023-03-31": {
        "Tax Effect Of Unusual Items": NaN,
        "Tax Rate For Calcs": NaN,
        "Normalized EBITDA": NaN,
        "Total Unusual Items": NaN,
        "Total Unusual Items Excluding Goodwill": NaN,
        "Net Income From Continuing Operation Net Minority Interest": NaN,
        "Reconciled Depreciation": NaN,
        "Reconciled Cost Of Revenue": NaN,
        "EBITDA": NaN,
        "EBIT": NaN,
        "Net Interest Income": NaN,
        "Interest Expense": NaN,
        "Normalized Income": NaN,
        "Net Income From Continuing And Discontinued Operation": NaN,
        "Total Expenses": NaN,
        "Total Operating Income As Reported": NaN,
        "Diluted Average Shares": NaN,
        "Basic Average Shares": NaN,
        "Diluted EPS": NaN,
        "Basic EPS": NaN,
        "Diluted NI Availto Com Stockholders": NaN,
        "Average Dilution Earnings": NaN,
        "Net Income Common Stockholders": NaN,
        "Otherunder Preferred Stock Dividend": NaN,
        "Net Income": NaN,
        "Minority Interests": NaN,
        "Net Income Including Noncontrolling Interests": NaN,
        "Net Income Discontinuous Operations": NaN,
        "Net Income Continuous Operations": NaN,
        "Earnings From Equity Interest Net Of Tax": NaN,
        "Tax Provision": NaN,
        "Pretax Income": NaN,
        "Other Income Expense": NaN,
        "Other Non Operating Income Expenses": NaN,
        "Special Income Charges": NaN,
        "Impairment Of Capital Assets": 0.0,
        "Net Non Operating Interest Income Expense": NaN,
        "Interest Expense Non Operating": NaN,
        "Operating Income": NaN,
        "Operating Expense": NaN,
        "Depreciation Amortization Depletion Income Statement": NaN,
        "Depreciation And Amortization In Income Statement": NaN,
        "Selling General And Administration": NaN,
        "Gross Profit": NaN,
        "Cost Of Revenue": NaN,
        "Total Revenue": NaN,
        "Operating Revenue": NaN
    },
    "2022-12-31": {
        "Tax Effect Of Unusual Items": NaN,
        "Tax Rate For Calcs": NaN,
        "Normalized EBITDA": NaN,
        "Total Unusual Items": NaN,
        "Total Unusual Items Excluding Goodwill": NaN,
        "Net Income From Continuing Operation Net Minority Interest": NaN,
        "Reconciled Depreciation": NaN,
        "Reconciled Cost Of Revenue": NaN,
        "EBITDA": NaN,
        "EBIT": NaN,
        "Net Interest Income": NaN,
        "Interest Expense": NaN,
        "Normalized Income": NaN,
        "Net Income From Continuing And Discontinued Operation": NaN,
        "Total Expenses": NaN,
        "Total Operating Income As Reported": NaN,
        "Diluted Average Shares": NaN,
        "Basic Average Shares": NaN,
        "Diluted EPS": NaN,
        "Basic EPS": NaN,
        "Diluted NI Availto Com Stockholders": NaN,
        "Average Dilution Earnings": NaN,
        "Net Income Common Stockholders": NaN,
        "Otherunder Preferred Stock Dividend": 4348000.0,
        "Net Income": NaN,
        "Minority Interests": NaN,
        "Net Income Including Noncontrolling Interests": NaN,
        "Net Income Discontinuous Operations": NaN,
        "Net Income Continuous Operations": NaN,
        "Earnings From Equity Interest Net Of Tax": NaN,
        "Tax Provision": NaN,
        "Pretax Income": NaN,
        "Other Income Expense": NaN,
        "Other Non Operating Income Expenses": NaN,
        "Special Income Charges": NaN,
        "Other Special Charges": -106000.0,
        "Impairment Of Capital Assets": 0.0,
        "Net Non Operating Interest Income Expense": NaN,
        "Interest Expense Non Operating": NaN,
        "Operating Income": NaN,
        "Operating Expense": NaN,
        "Depreciation Amortization Depletion Income Statement": NaN,
        "Depreciation And Amortization In Income Statement": NaN,
        "Selling General And Administration": NaN,
        "Gross Profit": NaN,
        "Cost Of Revenue": NaN,
        "Total Revenue": NaN,
        "Operating Revenue": NaN
    },
    "2022-09-30": {
        "Tax Effect Of Unusual Items": NaN,
        "Tax Rate For Calcs": NaN,
        "Normalized EBITDA": NaN,
        "Total Unusual Items": NaN,
        "Total Unusual Items Excluding Goodwill": NaN,
        "Net Income From Continuing Operation Net Minority Interest": NaN,
        "Reconciled Depreciation": NaN,
        "Reconciled Cost Of Revenue": NaN,
        "EBITDA": NaN,
        "EBIT": NaN,
        "Net Interest Income": NaN,
        "Interest Expense": NaN,
        "Normalized Income": NaN,
        "Net Income From Continuing And Discontinued Operation": NaN,
        "Total Expenses": NaN,
        "Total Operating Income As Reported": NaN,
        "Diluted Average Shares": NaN,
        "Basic Average Shares": NaN,
        "Diluted EPS": NaN,
        "Basic EPS": NaN,
        "Diluted NI Availto Com Stockholders": NaN,
        "Average Dilution Earnings": -1422000.0,
        "Net Income Common Stockholders": NaN,
        "Otherunder Preferred Stock Dividend": 0.0,
        "Net Income": NaN,
        "Minority Interests": NaN,
        "Net Income Including Noncontrolling Interests": NaN,
        "Net Income Continuous Operations": NaN,
        "Earnings From Equity Interest Net Of Tax": NaN,
        "Tax Provision": NaN,
        "Pretax Income": NaN,
        "Other Income Expense": NaN,
        "Other Non Operating Income Expenses": NaN,
        "Special Income Charges": NaN,
        "Other Special Charges": NaN,
        "Impairment Of Capital Assets": NaN,
        "Net Non Operating Interest Income Expense": NaN,
        "Interest Expense Non Operating": NaN,
        "Operating Income": NaN,
        "Operating Expense": NaN,
        "Depreciation Amortization Depletion Income Statement": NaN,
        "Depreciation And Amortization In Income Statement": NaN,
        "Selling General And Administration": NaN,
        "Gross Profit": NaN,
        "Cost Of Revenue": NaN,
        "Total Revenue": NaN,
        "Operating Revenue": NaN
    },
    "2022-06-30": {
        "Tax Effect Of Unusual Items": 0.0,
        "Tax Rate For Calcs": 0.031833,
        "Normalized EBITDA": 212903000.0,
        "Total Unusual Items": 0.0,
        "Total Unusual Items Excluding Goodwill": 0.0,
        "Net Income From Continuing Operation Net Minority Interest": 25806000.0,
        "Reconciled Depreciation": 65612000.0,
        "Reconciled Cost Of Revenue": 508385000.0,
        "EBITDA": 212903000.0,
        "EBIT": 147291000.0,
        "Net Interest Income": -62505000.0,
        "Interest Expense": 62505000.0,
        "Normalized Income": 25806000.0,
        "Net Income From Continuing And Discontinued Operation": 25806000.0,
        "Total Expenses": 1161496000.0,
        "Total Operating Income As Reported": 151019000.0,
        "Diluted Average Shares": 449733965.0,
        "Basic Average Shares": 281623228.0,
        "Diluted EPS": 0.09,
        "Basic EPS": 0.09,
        "Diluted NI Availto Com Stockholders": 25806000.0,
        "Average Dilution Earnings": NaN,
        "Net Income Common Stockholders": 25806000.0,
        "Otherunder Preferred Stock Dividend": 0.0,
        "Net Income": 25806000.0,
        "Minority Interests": -16414000.0,
        "Net Income Including Noncontrolling Interests": 42220000.0,
        "Net Income Continuous Operations": 42220000.0,
        "Earnings From Equity Interest Net Of Tax": -39867000.0,
        "Tax Provision": 2699000.0,
        "Pretax Income": 84786000.0,
        "Other Income Expense": -3728000.0,
        "Other Non Operating Income Expenses": -3728000.0,
        "Special Income Charges": 0.0,
        "Other Special Charges": NaN,
        "Write Off": NaN,
        "Impairment Of Capital Assets": 0.0,
        "Net Non Operating Interest Income Expense": -62505000.0,
        "Interest Expense Non Operating": 62505000.0,
        "Operating Income": 151019000.0,
        "Operating Expense": 653111000.0,
        "Depreciation Amortization Depletion Income Statement": 65612000.0,
        "Depreciation And Amortization In Income Statement": 65612000.0,
        "Selling General And Administration": 587499000.0,
        "Gross Profit": 804130000.0,
        "Cost Of Revenue": 508385000.0,
        "Total Revenue": 1312515000.0,
        "Operating Revenue": 1312515000.0
    },
    "2022-03-31": {
        "Diluted EPS": 1.16,
        "Total Revenue": NaN,
        "Gross Profit": 779,
        "Operating Income": 174,
        "EBIT": 255,
        "Net Income": 320
    },
    "2021-12-31": {
        "Diluted EPS": -0.06,
        "Total Revenue": NaN,
        "Gross Profit": 699,
        "Operating Income": 53,
        "EBIT": 398,
        "Net Income": -20
    },
    "2021-09-30": {
        "Diluted EPS": 0.16,
        "Total Revenue": NaN,
        "Gross Profit": 718,
        "Operating Income": 137,
        "EBIT": 461,
        "Net Income": 42
    },
    "2021-06-30": {
        "Diluted EPS": -1.24,
        "Total Revenue": NaN,
        "Gross Profit": 540,
        "Operating Income": -308,
        "EBIT": -154,
        "Net Income": -320
    },
    "2021-03-31": {
        "Diluted EPS": 0.0,
        "Total Revenue": NaN,
        "Gross Profit": 523,
        "Operating Income": 94,
        "EBIT": 180,
        "Net Income": NaN
    },
    "2020-12-31": {
        "Diluted EPS": 0.0,
        "Total Revenue": 961,
        "Gross Profit": 492,
        "Operating Income": -22,
        "EBIT": 62,
        "Net Income": -53
    },
    "2020-09-30": {
        "Diluted EPS": 0.0,
        "Total Revenue": 864,
        "Gross Profit": 442,
        "Operating Income": 67,
        "EBIT": 154,
        "Net Income": 0
    },
    "2020-06-30": {
        "Diluted EPS": 0.0,
        "Total Revenue": 463,
        "Gross Profit": 290,
        "Operating Income": -252,
        "EBIT": -152,
        "Net Income": 0
    },
    "2020-03-31": {
        "Diluted EPS": 0.0,
        "Total Revenue": NaN,
        "Gross Profit": 509,
        "Operating Income": 54,
        "EBIT": 155,
        "Net Income": -55
    },
    "2019-12-31": {
        "Diluted EPS": 0.0,
        "Total Revenue": NaN,
        "Gross Profit": NaN,
        "Operating Income": NaN,
        "EBIT": NaN,
        "Net Income": NaN
    },
    "2018-12-31": {
        "Diluted EPS": 0.0,
        "Total Revenue": NaN,
        "Gross Profit": NaN,
        "Operating Income": NaN,
        "EBIT": NaN,
        "Net Income": NaN
    },
    "2023-06-30": {
        "Tax Effect Of Unusual Items": NaN,
        "Tax Rate For Calcs": NaN,
        "Normalized EBITDA": NaN,
        "Total Unusual Items": 0.0,
        "Total Unusual Items Excluding Goodwill": 0.0,
        "Net Income From Continuing Operation Net Minority Interest": NaN,
        "Reconciled Depreciation": NaN,
        "Reconciled Cost Of Revenue": NaN,
        "EBITDA": NaN,
        "EBIT": NaN,
        "Net Interest Income": NaN,
        "Interest Expense": NaN,
        "Normalized Income": NaN,
        "Net Income From Continuing And Discontinued Operation": NaN,
        "Total Expenses": NaN,
        "Total Operating Income As Reported": NaN,
        "Diluted Average Shares": 311046135.0,
        "Basic Average Shares": 301011276.0,
        "Diluted EPS": 1.29,
        "Basic EPS": 1.34,
        "Diluted NI Availto Com Stockholders": NaN,
        "Average Dilution Earnings": 0.0,
        "Net Income Common Stockholders": NaN,
        "Otherunder Preferred Stock Dividend": 0.0,
        "Net Income": NaN,
        "Minority Interests": NaN,
        "Net Income Including Noncontrolling Interests": NaN,
        "Net Income Discontinuous Operations": 2832000.0,
        "Net Income Continuous Operations": NaN,
        "Earnings From Equity Interest Net Of Tax": NaN,
        "Tax Provision": NaN,
        "Pretax Income": NaN,
        "Other Income Expense": NaN,
        "Other Non Operating Income Expenses": NaN,
        "Special Income Charges": 0.0,
        "Impairment Of Capital Assets": NaN,
        "Net Non Operating Interest Income Expense": NaN,
        "Interest Expense Non Operating": NaN,
        "Operating Income": NaN,
        "Operating Expense": NaN,
        "Depreciation Amortization Depletion Income Statement": NaN,
        "Depreciation And Amortization In Income Statement": NaN,
        "Selling General And Administration": NaN,
        "Gross Profit": NaN,
        "Cost Of Revenue": NaN,
        "Total Revenue": NaN,
        "Operating Revenue": NaN
    },
    "2023-09-30": {
        "Tax Effect Of Unusual Items": -5921160.0,
        "Tax Rate For Calcs": 0.21,
        "Normalized EBITDA": 83680000.0,
        "Total Unusual Items": -28196000.0,
        "Total Unusual Items Excluding Goodwill": -28196000.0,
        "Net Income From Continuing Operation Net Minority Interest": -70214000.0,
        "Reconciled Depreciation": 66602000.0,
        "Reconciled Cost Of Revenue": 431076000.0,
        "EBITDA": 55484000.0,
        "EBIT": -11118000.0,
        "Net Interest Income": -82271000.0,
        "Interest Expense": 82271000.0,
        "Normalized Income": -47939160.0,
        "Net Income From Continuing And Discontinued Operation": -69208000.0,
        "Total Expenses": 1169183000.0,
        "Total Operating Income As Reported": 22168000.0,
        "Diluted Average Shares": 301876322.0,
        "Basic Average Shares": 301876322.0,
        "Diluted EPS": -0.25,
        "Basic EPS": -0.23,
        "Diluted NI Availto Com Stockholders": -69208000.0,
        "Average Dilution Earnings": -6890000.0,
        "Net Income Common Stockholders": -69208000.0,
        "Otherunder Preferred Stock Dividend": NaN,
        "Net Income": -69208000.0,
        "Minority Interests": 46776000.0,
        "Net Income Including Noncontrolling Interests": -115984000.0,
        "Net Income Discontinuous Operations": 1006000.0,
        "Net Income Continuous Operations": -116990000.0,
        "Earnings From Equity Interest Net Of Tax": -2748000.0,
        "Tax Provision": 20853000.0,
        "Pretax Income": -93389000.0,
        "Other Income Expense": -61482000.0,
        "Other Non Operating Income Expenses": -33286000.0,
        "Special Income Charges": -28196000.0,
        "Impairment Of Capital Assets": 28196000.0,
        "Net Non Operating Interest Income Expense": -82271000.0,
        "Interest Expense Non Operating": 82271000.0,
        "Operating Income": 50364000.0,
        "Operating Expense": 738107000.0,
        "Depreciation Amortization Depletion Income Statement": 66602000.0,
        "Depreciation And Amortization In Income Statement": 66602000.0,
        "Selling General And Administration": 671505000.0,
        "Gross Profit": 788471000.0,
        "Cost Of Revenue": 431076000.0,
        "Total Revenue": 1219547000.0,
        "Operating Revenue": 1232431000.0
    },
    "2023-12-31": {
        "Tax Effect Of Unusual Items": -9810360.0,
        "Tax Rate For Calcs": 0.21,
        "Normalized EBITDA": 270838000.0,
        "Total Unusual Items": -46716000.0,
        "Total Unusual Items Excluding Goodwill": -46716000.0,
        "Net Income From Continuing Operation Net Minority Interest": 14519000.0,
        "Reconciled Depreciation": 152475000.0,
        "Reconciled Cost Of Revenue": 645437000.0,
        "EBITDA": 224122000.0,
        "EBIT": 71647000.0,
        "Net Interest Income": -88323000.0,
        "Interest Expense": 88323000.0,
        "Normalized Income": 51424640.0,
        "Net Income From Continuing And Discontinued Operation": 14519000.0,
        "Total Expenses": 1543355000.0,
        "Total Operating Income As Reported": -7358000.0,
        "Diluted Average Shares": NaN,
        "Basic Average Shares": NaN,
        "Diluted EPS": NaN,
        "Basic EPS": NaN,
        "Diluted NI Availto Com Stockholders": 18749000.0,
        "Average Dilution Earnings": NaN,
        "Net Income Common Stockholders": 16971000.0,
        "Otherunder Preferred Stock Dividend": -2452000.0,
        "Net Income": 14519000.0,
        "Minority Interests": 43856000.0,
        "Net Income Including Noncontrolling Interests": -29337000.0,
        "Net Income Discontinuous Operations": NaN,
        "Net Income Continuous Operations": -29337000.0,
        "Earnings From Equity Interest Net Of Tax": 1273000.0,
        "Tax Provision": 13934000.0,
        "Pretax Income": -16676000.0,
        "Other Income Expense": 32289000.0,
        "Other Non Operating Income Expenses": 79005000.0,
        "Special Income Charges": -46716000.0,
        "Impairment Of Capital Assets": 46716000.0,
        "Net Non Operating Interest Income Expense": -88323000.0,
        "Interest Expense Non Operating": 88323000.0,
        "Operating Income": 39358000.0,
        "Operating Expense": 897918000.0,
        "Depreciation Amortization Depletion Income Statement": 152475000.0,
        "Depreciation And Amortization In Income Statement": 152475000.0,
        "Selling General And Administration": 745443000.0,
        "Gross Profit": 937276000.0,
        "Cost Of Revenue": 645437000.0,
        "Total Revenue": 1582713000.0,
        "Operating Revenue": 1582713000.0
    },
    "2024-03-31": {
        "Tax Effect Of Unusual Items": -17397116.0,
        "Tax Rate For Calcs": 0.271,
        "Normalized EBITDA": -95938000.0,
        "Total Unusual Items": -64196000.0,
        "Total Unusual Items Excluding Goodwill": -64196000.0,
        "Net Income From Continuing Operation Net Minority Interest": -137340000.0,
        "Reconciled Depreciation": 156349000.0,
        "Reconciled Cost Of Revenue": 844610000.0,
        "EBITDA": -160134000.0,
        "EBIT": -316483000.0,
        "Net Interest Income": -96559000.0,
        "Interest Expense": 96559000.0,
        "Normalized Income": -90541116.0,
        "Net Income From Continuing And Discontinued Operation": -137340000.0,
        "Total Expenses": 2097205000.0,
        "Total Operating Income As Reported": -311117000.0,
        "Diluted Average Shares": 300460640.0,
        "Basic Average Shares": 300460640.0,
        "Diluted EPS": -0.46,
        "Basic EPS": -0.46,
        "Diluted NI Availto Com Stockholders": -137340000.0,
        "Average Dilution Earnings": NaN,
        "Net Income Common Stockholders": -137340000.0,
        "Otherunder Preferred Stock Dividend": NaN,
        "Net Income": -137340000.0,
        "Minority Interests": 166131000.0,
        "Net Income Including Noncontrolling Interests": -303471000.0,
        "Net Income Discontinuous Operations": NaN,
        "Net Income Continuous Operations": -303471000.0,
        "Earnings From Equity Interest Net Of Tax": -2263000.0,
        "Tax Provision": -111834000.0,
        "Pretax Income": -413042000.0,
        "Other Income Expense": -69562000.0,
        "Other Non Operating Income Expenses": -5366000.0,
        "Special Income Charges": -64196000.0,
        "Impairment Of Capital Assets": 64196000.0,
        "Net Non Operating Interest Income Expense": -96559000.0,
        "Interest Expense Non Operating": 96559000.0,
        "Operating Income": -246921000.0,
        "Operating Expense": 1252595000.0,
        "Depreciation Amortization Depletion Income Statement": 156349000.0,
        "Depreciation And Amortization In Income Statement": 156349000.0,
        "Selling General And Administration": 1096246000.0,
        "Gross Profit": 1005674000.0,
        "Cost Of Revenue": 844610000.0,
        "Total Revenue": 1850284000.0,
        "Operating Revenue": 1850284000.0
    },
    "2024-06-30": {
        "Tax Effect Of Unusual Items": 0.0,
        "Tax Rate For Calcs": 0.21,
        "Normalized EBITDA": 250723000.0,
        "Total Unusual Items": NaN,
        "Total Unusual Items Excluding Goodwill": NaN,
        "Net Income From Continuing Operation Net Minority Interest": 194408000.0,
        "Reconciled Depreciation": 124683000.0,
        "Reconciled Cost Of Revenue": 755868000.0,
        "EBITDA": 250723000.0,
        "EBIT": 112161000.0,
        "Net Interest Income": -97551000.0,
        "Interest Expense": 97551000.0,
        "Normalized Income": 194408000.0,
        "Net Income From Continuing And Discontinued Operation": -214518000.0,
        "Total Expenses": 1639795000.0,
        "Total Operating Income As Reported": 111479000.0,
        "Diluted Average Shares": 309319813.0,
        "Basic Average Shares": 304193981.0,
        "Diluted EPS": -0.7,
        "Basic EPS": -0.7,
        "Diluted NI Availto Com Stockholders": -214518000.0,
        "Average Dilution Earnings": NaN,
        "Net Income Common Stockholders": -214518000.0,
        "Otherunder Preferred Stock Dividend": NaN,
        "Net Income": -214518000.0,
        "Minority Interests": 39254000.0,
        "Net Income Including Noncontrolling Interests": -253772000.0,
        "Net Income Discontinuous Operations": -408926000.0,
        "Net Income Continuous Operations": 155154000.0,
        "Earnings From Equity Interest Net Of Tax": -2833000.0,
        "Tax Provision": -143377000.0,
        "Pretax Income": 14610000.0,
        "Other Income Expense": 682000.0,
        "Other Non Operating Income Expenses": 682000.0,
        "Special Income Charges": NaN,
        "Impairment Of Capital Assets": NaN,
        "Net Non Operating Interest Income Expense": -97551000.0,
        "Interest Expense Non Operating": 97551000.0,
        "Operating Income": 111479000.0,
        "Operating Expense": 897806000.0,
        "Depreciation Amortization Depletion Income Statement": 138562000.0,
        "Depreciation And Amortization In Income Statement": 138562000.0,
        "Selling General And Administration": 759244000.0,
        "Gross Profit": 1009285000.0,
        "Cost Of Revenue": 741989000.0,
        "Total Revenue": 1751274000.0,
        "Operating Revenue": 1777692000.0
    },
    "2024-09-30": {
        "Tax Effect Of Unusual Items": 0.0,
        "Tax Rate For Calcs": 0.21,
        "Normalized EBITDA": 176339000.0,
        "Total Unusual Items": 0.0,
        "Total Unusual Items Excluding Goodwill": 0.0,
        "Net Income From Continuing Operation Net Minority Interest": -30619000.0,
        "Reconciled Depreciation": 135524000.0,
        "Reconciled Cost Of Revenue": 1097631000.0,
        "EBITDA": 176339000.0,
        "EBIT": 40815000.0,
        "Net Interest Income": -108134000.0,
        "Interest Expense": 108134000.0,
        "Normalized Income": -30619000.0,
        "Net Income From Continuing And Discontinued Operation": -264669000.0,
        "Total Expenses": 2024805000.0,
        "Total Operating Income As Reported": 6985000.0,
        "Diluted Average Shares": 306992963.0,
        "Basic Average Shares": 306992963.0,
        "Diluted EPS": -0.86,
        "Basic EPS": -0.86,
        "Diluted NI Availto Com Stockholders": -264669000.0,
        "Average Dilution Earnings": NaN,
        "Net Income Common Stockholders": -264669000.0,
        "Otherunder Preferred Stock Dividend": NaN,
        "Net Income": -264669000.0,
        "Minority Interests": 155693000.0,
        "Net Income Including Noncontrolling Interests": -420362000.0,
        "Net Income Discontinuous Operations": -234050000.0,
        "Net Income Continuous Operations": -186312000.0,
        "Earnings From Equity Interest Net Of Tax": -5219000.0,
        "Tax Provision": 113774000.0,
        "Pretax Income": -67319000.0,
        "Other Income Expense": 33830000.0,
        "Other Non Operating Income Expenses": 33830000.0,
        "Special Income Charges": 0.0,
        "Impairment Of Capital Assets": 0.0,
        "Net Non Operating Interest Income Expense": -108134000.0,
        "Interest Expense Non Operating": 108134000.0,
        "Operating Income": 6985000.0,
        "Operating Expense": 927174000.0,
        "Depreciation Amortization Depletion Income Statement": 135524000.0,
        "Depreciation And Amortization In Income Statement": 135524000.0,
        "Selling General And Administration": 791650000.0,
        "Gross Profit": 934159000.0,
        "Cost Of Revenue": 1097631000.0,
        "Total Revenue": 2031790000.0,
        "Operating Revenue": 2064173000.0
    }
}