{
    "2023-03-31": {
        "Tax Effect Of Unusual Items": 0.0,
        "Tax Rate For Calcs": 0.0,
        "Normalized EBITDA": 2373538.0,
        "Total Unusual Items": 87510.0,
        "Total Unusual Items Excluding Goodwill": 87510.0,
        "Net Income From Continuing Operation Net Minority Interest": -1540340.0,
        "Reconciled Depreciation": 2534469.0,
        "Reconciled Cost Of Revenue": 10168104.0,
        "EBITDA": 2461048.0,
        "EBIT": -73421.0,
        "Net Interest Income": -1234710.0,
        "Interest Expense": 1466919.0,
        "Interest Income": 232209.0,
        "Normalized Income": -1627850.0,
        "Net Income From Continuing And Discontinued Operation": -1540340.0,
        "Total Expenses": 11735108.0,
        "Total Operating Income As Reported": -393140.0,
        "Diluted Average Shares": 2803049.0,
        "Basic Average Shares": 2803049.0,
        "Diluted EPS": -0.55,
        "Basic EPS": -0.55,
        "Diluted NI Availto Com Stockholders": -1540340.0,
        "Net Income Common Stockholders": -1540340.0,
        "Net Income": -1540340.0,
        "Net Income Including Noncontrolling Interests": -1540340.0,
        "Net Income Continuous Operations": -1540340.0,
        "Pretax Income": -1540340.0,
        "Other Income Expense": 87510.0,
        "Gain On Sale Of Security": 87510.0,
        "Net Non Operating Interest Income Expense": -1234710.0,
        "Interest Expense Non Operating": 1466919.0,
        "Interest Income Non Operating": 232209.0,
        "Operating Income": -393140.0,
        "Operating Expense": 1567004.0,
        "Other Operating Expenses": 767455.0,
        "Selling General And Administration": 799549.0,
        "General And Administrative Expense": 799549.0,
        "Other Gand A": 799549.0,
        "Gross Profit": 1173864.0,
        "Cost Of Revenue": 10168104.0,
        "Total Revenue": 11341968.0,
        "Operating Revenue": 11927625.0
    },
    "2022-12-31": {
        "Tax Effect Of Unusual Items": 657402.02,
        "Tax Rate For Calcs": 0.22,
        "Normalized EBITDA": 7335987.0,
        "Total Unusual Items": 2988191.0,
        "Total Unusual Items Excluding Goodwill": 2988191.0,
        "Net Income From Continuing Operation Net Minority Interest": 6268386.0,
        "Reconciled Depreciation": 2574285.0,
        "Reconciled Cost Of Revenue": 8717653.0,
        "EBITDA": 10324178.0,
        "EBIT": 7749893.0,
        "Net Interest Income": -1436825.0,
        "Interest Expense": 1481507.0,
        "Interest Income": 44682.0,
        "Normalized Income": 3937597.02,
        "Net Income From Continuing And Discontinued Operation": 6268386.0,
        "Total Expenses": 10399899.0,
        "Total Operating Income As Reported": 7573545.0,
        "Diluted Average Shares": 2853273.0,
        "Basic Average Shares": 2833440.0,
        "Diluted EPS": 2.2,
        "Basic EPS": 2.21,
        "Diluted NI Availto Com Stockholders": 6268386.0,
        "Net Income Common Stockholders": 6268386.0,
        "Net Income": 6268386.0,
        "Net Income Including Noncontrolling Interests": 6268386.0,
        "Net Income Continuous Operations": 6268386.0,
        "Pretax Income": 6268386.0,
        "Other Income Expense": 2988191.0,
        "Special Income Charges": 2856525.0,
        "Gain On Sale Of Security": 131666.0,
        "Net Non Operating Interest Income Expense": -1436825.0,
        "Interest Expense Non Operating": 1481507.0,
        "Interest Income Non Operating": 44682.0,
        "Operating Income": 4717020.0,
        "Operating Expense": 1682246.0,
        "Other Operating Expenses": 749892.0,
        "Selling General And Administration": 932354.0,
        "General And Administrative Expense": 932354.0,
        "Other Gand A": 932354.0,
        "Gross Profit": 6399266.0,
        "Cost Of Revenue": 8717653.0,
        "Total Revenue": 15116919.0,
        "Operating Revenue": 16081592.0
    },
    "2022-09-30": {
        "Tax Effect Of Unusual Items": 639141.2,
        "Tax Rate For Calcs": 0.4,
        "Normalized EBITDA": 8387079.0,
        "Total Unusual Items": 1597853.0,
        "Total Unusual Items Excluding Goodwill": 1597853.0,
        "Net Income From Continuing Operation Net Minority Interest": 6161757.0,
        "Reconciled Depreciation": 2857258.0,
        "Reconciled Cost Of Revenue": 6095107.0,
        "EBITDA": 9984932.0,
        "EBIT": 7127674.0,
        "Net Interest Income": -964686.0,
        "Interest Expense": 965917.0,
        "Interest Income": 1231.0,
        "Normalized Income": 5203045.2,
        "Net Income From Continuing And Discontinued Operation": 6161757.0,
        "Total Expenses": 10285483.0,
        "Total Operating Income As Reported": 5528590.0,
        "Diluted Average Shares": 2930909.0,
        "Basic Average Shares": 2925799.0,
        "Diluted EPS": 2.1,
        "Basic EPS": 2.11,
        "Diluted NI Availto Com Stockholders": 6161757.0,
        "Net Income Common Stockholders": 6161757.0,
        "Net Income": 6161757.0,
        "Net Income Including Noncontrolling Interests": 6161757.0,
        "Net Income Continuous Operations": 6161757.0,
        "Pretax Income": 6161757.0,
        "Other Income Expense": 1597853.0,
        "Special Income Charges": 0.0,
        "Gain On Sale Of Ppe": NaN,
        "Gain On Sale Of Security": 1597853.0,
        "Net Non Operating Interest Income Expense": -964686.0,
        "Interest Expense Non Operating": 965917.0,
        "Interest Income Non Operating": 1231.0,
        "Operating Income": 5528590.0,
        "Operating Expense": 4190376.0,
        "Other Operating Expenses": 754117.0,
        "Selling General And Administration": 4190376.0,
        "General And Administrative Expense": 4190376.0,
        "Other Gand A": 4190376.0,
        "Gross Profit": 9718966.0,
        "Cost Of Revenue": 6095107.0,
        "Total Revenue": 15814073.0,
        "Operating Revenue": 16799698.0
    },
    "2022-06-30": {
        "Tax Effect Of Unusual Items": 241048.4,
        "Tax Rate For Calcs": 0.4,
        "Normalized EBITDA": 13639667.0,
        "Total Unusual Items": 602621.0,
        "Total Unusual Items Excluding Goodwill": 602621.0,
        "Net Income From Continuing Operation Net Minority Interest": 10617595.0,
        "Reconciled Depreciation": 2867388.0,
        "Reconciled Cost Of Revenue": 7970291.0,
        "EBITDA": 14242288.0,
        "EBIT": 11374900.0,
        "Net Interest Income": -757090.0,
        "Interest Expense": 757305.0,
        "Interest Income": 215.0,
        "Normalized Income": 10256022.4,
        "Net Income From Continuing And Discontinued Operation": 10617595.0,
        "Total Expenses": 10201613.0,
        "Total Operating Income As Reported": 10772064.0,
        "Diluted Average Shares": 2942123.0,
        "Basic Average Shares": 2898557.0,
        "Diluted EPS": 3.61,
        "Basic EPS": 3.66,
        "Diluted NI Availto Com Stockholders": 10617595.0,
        "Net Income Common Stockholders": 10617595.0,
        "Net Income": 10617595.0,
        "Net Income Including Noncontrolling Interests": 10617595.0,
        "Net Income Continuous Operations": 10617595.0,
        "Pretax Income": 10617595.0,
        "Other Income Expense": 602621.0,
        "Special Income Charges": 0.0,
        "Gain On Sale Of Ppe": NaN,
        "Gain On Sale Of Security": 602621.0,
        "Net Non Operating Interest Income Expense": -757090.0,
        "Interest Expense Non Operating": 757305.0,
        "Interest Income Non Operating": 215.0,
        "Operating Income": 10772064.0,
        "Operating Expense": 2231322.0,
        "Other Operating Expenses": 1548765.0,
        "Selling General And Administration": 2231322.0,
        "General And Administrative Expense": 2231322.0,
        "Other Gand A": 2231322.0,
        "Gross Profit": 13003386.0,
        "Cost Of Revenue": 7970291.0,
        "Total Revenue": 20973677.0,
        "Operating Revenue": 22266855.0
    },
    "2022-03-31": {
        "Diluted EPS": 3.64,
        "Total Revenue": 18,
        "Gross Profit": 15,
        "Operating Income": 10,
        "EBIT": 13,
        "Net Income": 10
    },
    "2021-12-31": {
        "Diluted EPS": 6.13,
        "Total Revenue": 22,
        "Gross Profit": 19,
        "Operating Income": 15,
        "EBIT": 17,
        "Net Income": 15
    },
    "2021-09-30": {
        "Diluted EPS": 4.41,
        "Total Revenue": 19,
        "Gross Profit": 16,
        "Operating Income": 13,
        "EBIT": 15,
        "Net Income": 12
    },
    "2021-06-30": {
        "Diluted EPS": 0.81,
        "Total Revenue": 14,
        "Gross Profit": 11,
        "Operating Income": 8,
        "EBIT": 10,
        "Net Income": 2
    },
    "2021-03-31": {
        "Diluted EPS": 0.19,
        "Total Revenue": 9,
        "Gross Profit": 6,
        "Operating Income": 3,
        "EBIT": 5,
        "Net Income": 0
    },
    "2020-12-31": {
        "Diluted EPS": -0.31,
        "Total Revenue": 6,
        "Gross Profit": 3,
        "Operating Income": 0,
        "EBIT": 2,
        "Net Income": -1
    },
    "2020-09-30": {
        "Diluted EPS": 0.06,
        "Total Revenue": 7,
        "Gross Profit": 4,
        "Operating Income": 1,
        "EBIT": 3,
        "Net Income": 0
    },
    "2020-06-30": {
        "Diluted EPS": -1.86,
        "Total Revenue": 4,
        "Gross Profit": 1,
        "Operating Income": -3,
        "EBIT": -1,
        "Net Income": -4
    },
    "2020-03-31": {
        "Diluted EPS": -1.17,
        "Total Revenue": 5,
        "Gross Profit": 2,
        "Operating Income": -1,
        "EBIT": 0,
        "Net Income": -3
    },
    "2019-12-31": {
        "Diluted EPS": 0.46,
        "Total Revenue": 8,
        "Gross Profit": 5,
        "Operating Income": 2,
        "EBIT": 4,
        "Net Income": 1
    },
    "2019-09-30": {
        "Diluted EPS": -0.35,
        "Total Revenue": 8,
        "Gross Profit": 4,
        "Operating Income": 1,
        "EBIT": 3,
        "Net Income": -1
    },
    "2019-06-30": {
        "Diluted EPS": -1.14,
        "Total Revenue": 6,
        "Gross Profit": 3,
        "Operating Income": 0,
        "EBIT": 1,
        "Net Income": -3
    },
    "2019-03-31": {
        "Diluted EPS": 0.18,
        "Total Revenue": 6,
        "Gross Profit": 3,
        "Operating Income": 0,
        "EBIT": 2,
        "Net Income": 0
    },
    "2018-12-31": {
        "Diluted EPS": 0.1,
        "Total Revenue": 7,
        "Gross Profit": 4,
        "Operating Income": 2,
        "EBIT": 3,
        "Net Income": 0
    },
    "2018-09-30": {
        "Diluted EPS": 0.63,
        "Total Revenue": 7,
        "Gross Profit": 5,
        "Operating Income": 2,
        "EBIT": 4,
        "Net Income": 1
    },
    "2018-06-30": {
        "Diluted EPS": 0.17,
        "Total Revenue": 6,
        "Gross Profit": 4,
        "Operating Income": 1,
        "EBIT": 2,
        "Net Income": 0
    },
    "2018-03-31": {
        "Diluted EPS": -0.65,
        "Total Revenue": 5,
        "Gross Profit": 2,
        "Operating Income": -1,
        "EBIT": 0,
        "Net Income": -1
    },
    "2017-12-31": {
        "Diluted EPS": 0.0,
        "Total Revenue": NaN,
        "Gross Profit": NaN,
        "Operating Income": NaN,
        "EBIT": NaN,
        "Net Income": NaN
    },
    "2017-09-30": {
        "Diluted EPS": 0.29,
        "Total Revenue": 5,
        "Gross Profit": 3,
        "Operating Income": 1,
        "EBIT": 2,
        "Net Income": 1
    },
    "2017-06-30": {
        "Diluted EPS": -0.13,
        "Total Revenue": 5,
        "Gross Profit": 2,
        "Operating Income": 0,
        "EBIT": 0,
        "Net Income": 0
    },
    "2016-12-31": {
        "Diluted EPS": 0.0,
        "Total Revenue": NaN,
        "Gross Profit": NaN,
        "Operating Income": NaN,
        "EBIT": NaN,
        "Net Income": NaN
    },
    "2023-06-30": {
        "Tax Effect Of Unusual Items": 0.0,
        "Tax Rate For Calcs": 0.0,
        "Normalized EBITDA": 315450.0,
        "Total Unusual Items": 2469427.0,
        "Total Unusual Items Excluding Goodwill": 2469427.0,
        "Net Income From Continuing Operation Net Minority Interest": -1184232.0,
        "Reconciled Depreciation": 2576820.0,
        "Reconciled Cost Of Revenue": 10671591.0,
        "EBITDA": 2784877.0,
        "EBIT": 208057.0,
        "Net Interest Income": -1253020.0,
        "Interest Expense": 1392289.0,
        "Interest Income": 139269.0,
        "Normalized Income": -3653659.0,
        "Net Income From Continuing And Discontinued Operation": -1184232.0,
        "Total Expenses": 12743057.0,
        "Total Operating Income As Reported": -2400639.0,
        "Diluted Average Shares": 2761182.0,
        "Basic Average Shares": 2761182.0,
        "Diluted EPS": -0.43,
        "Basic EPS": -0.43,
        "Diluted NI Availto Com Stockholders": -1184232.0,
        "Net Income Common Stockholders": -1184232.0,
        "Net Income": -1184232.0,
        "Net Income Including Noncontrolling Interests": -1184232.0,
        "Net Income Continuous Operations": -1184232.0,
        "Pretax Income": -1184232.0,
        "Other Income Expense": 2469427.0,
        "Gain On Sale Of Security": 2469427.0,
        "Net Non Operating Interest Income Expense": -1253020.0,
        "Interest Expense Non Operating": 1392289.0,
        "Interest Income Non Operating": 139269.0,
        "Operating Income": -2400639.0,
        "Operating Expense": 2071466.0,
        "Other Operating Expenses": 1273900.0,
        "Selling General And Administration": 797566.0,
        "General And Administrative Expense": 797566.0,
        "Other Gand A": 797566.0,
        "Gross Profit": -329173.0,
        "Cost Of Revenue": 10671591.0,
        "Total Revenue": 10342418.0,
        "Operating Revenue": 10971323.0
    },
    "2023-09-30": {
        "Tax Effect Of Unusual Items": 0.0,
        "Tax Rate For Calcs": 0.0,
        "Normalized EBITDA": 3486657.0,
        "Total Unusual Items": 189500.0,
        "Total Unusual Items Excluding Goodwill": 189500.0,
        "Net Income From Continuing Operation Net Minority Interest": -532037.0,
        "Reconciled Depreciation": 2619171.0,
        "Reconciled Cost Of Revenue": 8092497.0,
        "EBITDA": 3676157.0,
        "EBIT": 1056986.0,
        "Net Interest Income": -1226917.0,
        "Interest Expense": 1589023.0,
        "Interest Income": 362106.0,
        "Normalized Income": -721537.0,
        "Net Income From Continuing And Discontinued Operation": -532037.0,
        "Total Expenses": 9503374.0,
        "Total Operating Income As Reported": 505380.0,
        "Diluted Average Shares": 2758013.0,
        "Basic Average Shares": 2758013.0,
        "Diluted EPS": -0.19,
        "Basic EPS": -0.19,
        "Diluted NI Availto Com Stockholders": -532037.0,
        "Net Income Common Stockholders": -532037.0,
        "Net Income": -532037.0,
        "Net Income Including Noncontrolling Interests": -532037.0,
        "Net Income Continuous Operations": -532037.0,
        "Pretax Income": -532037.0,
        "Other Income Expense": 189500.0,
        "Gain On Sale Of Security": 189500.0,
        "Net Non Operating Interest Income Expense": -1226917.0,
        "Interest Expense Non Operating": 1589023.0,
        "Interest Income Non Operating": 362106.0,
        "Operating Income": 505380.0,
        "Operating Expense": 1410877.0,
        "Other Operating Expenses": 788110.0,
        "Selling General And Administration": 622767.0,
        "General And Administrative Expense": 622767.0,
        "Other Gand A": 622767.0,
        "Gross Profit": 1916257.0,
        "Cost Of Revenue": 8092497.0,
        "Total Revenue": 10008754.0,
        "Operating Revenue": 10665929.0
    },
    "2023-12-31": {
        "Tax Effect Of Unusual Items": NaN,
        "Tax Rate For Calcs": NaN,
        "Normalized EBITDA": NaN,
        "Total Unusual Items": NaN,
        "Total Unusual Items Excluding Goodwill": NaN,
        "Net Income From Continuing Operation Net Minority Interest": NaN,
        "Reconciled Depreciation": NaN,
        "Reconciled Cost Of Revenue": NaN,
        "EBITDA": NaN,
        "EBIT": NaN,
        "Net Interest Income": NaN,
        "Interest Expense": NaN,
        "Interest Income": NaN,
        "Normalized Income": NaN,
        "Net Income From Continuing And Discontinued Operation": NaN,
        "Total Expenses": NaN,
        "Total Operating Income As Reported": NaN,
        "Diluted Average Shares": 2760685.0,
        "Basic Average Shares": 2731088.0,
        "Diluted EPS": 0.13,
        "Basic EPS": 0.13,
        "Diluted NI Availto Com Stockholders": NaN,
        "Net Income Common Stockholders": NaN,
        "Net Income": NaN,
        "Net Income Including Noncontrolling Interests": NaN,
        "Net Income Continuous Operations": NaN,
        "Pretax Income": NaN,
        "Other Income Expense": NaN,
        "Gain On Sale Of Security": NaN,
        "Net Non Operating Interest Income Expense": NaN,
        "Interest Expense Non Operating": NaN,
        "Interest Income Non Operating": NaN,
        "Operating Income": NaN,
        "Operating Expense": NaN,
        "Other Operating Expenses": NaN,
        "Selling General And Administration": NaN,
        "General And Administrative Expense": NaN,
        "Other Gand A": NaN,
        "Gross Profit": NaN,
        "Cost Of Revenue": NaN,
        "Total Revenue": NaN,
        "Operating Revenue": NaN
    }
}