{
    "2023-03-31": {
        "Tax Effect Of Unusual Items": NaN,
        "Tax Rate For Calcs": NaN,
        "Normalized EBITDA": NaN,
        "Total Unusual Items": NaN,
        "Total Unusual Items Excluding Goodwill": NaN,
        "Net Income From Continuing Operation Net Minority Interest": NaN,
        "Reconciled Depreciation": NaN,
        "EBITDA": NaN,
        "EBIT": NaN,
        "Net Interest Income": NaN,
        "Interest Income": NaN,
        "Normalized Income": NaN,
        "Net Income From Continuing And Discontinued Operation": NaN,
        "Total Expenses": NaN,
        "Total Operating Income As Reported": NaN,
        "Diluted Average Shares": 2853331.0,
        "Basic Average Shares": 2853331.0,
        "Diluted EPS": -0.82,
        "Basic EPS": -0.82,
        "Diluted NI Availto Com Stockholders": NaN,
        "Net Income Common Stockholders": NaN,
        "Net Income": NaN,
        "Net Income Including Noncontrolling Interests": NaN,
        "Net Income Continuous Operations": NaN,
        "Tax Provision": 800.0,
        "Pretax Income": NaN,
        "Other Income Expense": NaN,
        "Other Non Operating Income Expenses": NaN,
        "Gain On Sale Of Security": NaN,
        "Net Non Operating Interest Income Expense": NaN,
        "Interest Income Non Operating": NaN,
        "Operating Income": NaN,
        "Operating Expense": NaN,
        "Other Operating Expenses": NaN,
        "Research And Development": NaN,
        "Selling General And Administration": NaN,
        "General And Administrative Expense": NaN,
        "Other Gand A": NaN,
        "Total Revenue": NaN,
        "Operating Revenue": NaN
    },
    "2022-12-31": {
        "Tax Effect Of Unusual Items": NaN,
        "Tax Rate For Calcs": NaN,
        "Normalized EBITDA": NaN,
        "Total Unusual Items": NaN,
        "Total Unusual Items Excluding Goodwill": NaN,
        "Net Income From Continuing Operation Net Minority Interest": NaN,
        "Reconciled Depreciation": NaN,
        "EBITDA": NaN,
        "EBIT": NaN,
        "Net Interest Income": NaN,
        "Interest Income": NaN,
        "Normalized Income": NaN,
        "Net Income From Continuing And Discontinued Operation": NaN,
        "Total Expenses": NaN,
        "Total Operating Income As Reported": NaN,
        "Diluted Average Shares": 2626847.0,
        "Basic Average Shares": 2626847.0,
        "Diluted EPS": -0.89,
        "Basic EPS": -0.89,
        "Diluted NI Availto Com Stockholders": NaN,
        "Net Income Common Stockholders": NaN,
        "Net Income": NaN,
        "Net Income Including Noncontrolling Interests": NaN,
        "Net Income Continuous Operations": NaN,
        "Tax Provision": NaN,
        "Pretax Income": NaN,
        "Other Income Expense": NaN,
        "Other Non Operating Income Expenses": NaN,
        "Gain On Sale Of Security": NaN,
        "Net Non Operating Interest Income Expense": NaN,
        "Interest Income Non Operating": NaN,
        "Operating Income": NaN,
        "Operating Expense": NaN,
        "Other Operating Expenses": NaN,
        "Research And Development": NaN,
        "Selling General And Administration": NaN,
        "General And Administrative Expense": NaN,
        "Other Gand A": NaN,
        "Total Revenue": NaN,
        "Operating Revenue": NaN
    },
    "2022-09-30": {
        "Tax Effect Of Unusual Items": NaN,
        "Tax Rate For Calcs": NaN,
        "Normalized EBITDA": NaN,
        "Total Unusual Items": NaN,
        "Total Unusual Items Excluding Goodwill": NaN,
        "Net Income From Continuing Operation Net Minority Interest": NaN,
        "Reconciled Depreciation": NaN,
        "EBITDA": NaN,
        "EBIT": NaN,
        "Net Interest Income": NaN,
        "Interest Income": NaN,
        "Normalized Income": NaN,
        "Net Income From Continuing And Discontinued Operation": NaN,
        "Total Expenses": NaN,
        "Total Operating Income As Reported": NaN,
        "Diluted Average Shares": NaN,
        "Basic Average Shares": NaN,
        "Diluted EPS": NaN,
        "Basic EPS": NaN,
        "Diluted NI Availto Com Stockholders": NaN,
        "Net Income Common Stockholders": NaN,
        "Net Income": NaN,
        "Net Income Including Noncontrolling Interests": NaN,
        "Net Income Continuous Operations": NaN,
        "Tax Provision": 0.0,
        "Pretax Income": NaN,
        "Other Income Expense": NaN,
        "Other Non Operating Income Expenses": NaN,
        "Gain On Sale Of Security": NaN,
        "Net Non Operating Interest Income Expense": NaN,
        "Interest Income Non Operating": NaN,
        "Operating Income": NaN,
        "Operating Expense": NaN,
        "Other Operating Expenses": 0.0,
        "Research And Development": NaN,
        "Selling General And Administration": NaN,
        "General And Administrative Expense": NaN,
        "Other Gand A": NaN,
        "Total Revenue": NaN,
        "Operating Revenue": NaN
    },
    "2022-06-30": {
        "Tax Effect Of Unusual Items": 0.0,
        "Tax Rate For Calcs": 0.0,
        "Normalized EBITDA": -5760917.0,
        "Total Unusual Items": -7013.0,
        "Total Unusual Items Excluding Goodwill": -7013.0,
        "Net Income From Continuing Operation Net Minority Interest": -5787020.0,
        "Reconciled Depreciation": 29595.0,
        "EBITDA": -5767930.0,
        "EBIT": -5797525.0,
        "Net Interest Income": 17518.0,
        "Interest Income": 17518.0,
        "Normalized Income": -5780007.0,
        "Net Income From Continuing And Discontinued Operation": -5787020.0,
        "Total Expenses": 5797525.0,
        "Total Operating Income As Reported": -5797525.0,
        "Diluted Average Shares": 15462287.0,
        "Basic Average Shares": 15462287.0,
        "Diluted EPS": -0.37,
        "Basic EPS": -0.37,
        "Diluted NI Availto Com Stockholders": -5787020.0,
        "Net Income Common Stockholders": -5787020.0,
        "Net Income": -5787020.0,
        "Net Income Including Noncontrolling Interests": -5787020.0,
        "Net Income Continuous Operations": -5787020.0,
        "Tax Provision": 0.0,
        "Pretax Income": -5787020.0,
        "Other Income Expense": -7013.0,
        "Other Non Operating Income Expenses": NaN,
        "Gain On Sale Of Security": -7013.0,
        "Net Non Operating Interest Income Expense": 17518.0,
        "Interest Income Non Operating": 17518.0,
        "Operating Income": -5797525.0,
        "Operating Expense": 5797525.0,
        "Other Operating Expenses": NaN,
        "Research And Development": 4547543.0,
        "Selling General And Administration": 1249982.0,
        "General And Administrative Expense": 1249982.0,
        "Other Gand A": 1249982.0,
        "Total Revenue": 0.0,
        "Operating Revenue": 0.0
    },
    "2022-03-31": {
        "Diluted EPS": -0.33,
        "Total Revenue": NaN,
        "Gross Profit": NaN,
        "Operating Income": -5,
        "EBIT": -5,
        "Net Income": -5
    },
    "2021-12-31": {
        "Diluted EPS": -0.33,
        "Total Revenue": NaN,
        "Gross Profit": NaN,
        "Operating Income": -5,
        "EBIT": -5,
        "Net Income": -4
    },
    "2021-09-30": {
        "Diluted EPS": -0.29,
        "Total Revenue": NaN,
        "Gross Profit": NaN,
        "Operating Income": -5,
        "EBIT": -5,
        "Net Income": -4
    },
    "2021-06-30": {
        "Diluted EPS": -0.36,
        "Total Revenue": NaN,
        "Gross Profit": NaN,
        "Operating Income": -6,
        "EBIT": -6,
        "Net Income": -5
    },
    "2021-03-31": {
        "Diluted EPS": -0.19,
        "Total Revenue": NaN,
        "Gross Profit": NaN,
        "Operating Income": -10,
        "EBIT": -9,
        "Net Income": -2
    },
    "2020-12-31": {
        "Diluted EPS": -0.26,
        "Total Revenue": NaN,
        "Gross Profit": NaN,
        "Operating Income": -3,
        "EBIT": -3,
        "Net Income": -3
    },
    "2020-09-30": {
        "Diluted EPS": -0.22,
        "Total Revenue": 0,
        "Gross Profit": 0,
        "Operating Income": -2,
        "EBIT": -2,
        "Net Income": -2
    },
    "2020-06-30": {
        "Diluted EPS": -0.2,
        "Total Revenue": 0,
        "Gross Profit": 0,
        "Operating Income": -2,
        "EBIT": -2,
        "Net Income": -2
    },
    "2020-03-31": {
        "Diluted EPS": -0.17,
        "Total Revenue": 0,
        "Gross Profit": 0,
        "Operating Income": -2,
        "EBIT": -2,
        "Net Income": -1
    },
    "2019-12-31": {
        "Diluted EPS": -0.15,
        "Total Revenue": 0,
        "Gross Profit": 0,
        "Operating Income": -1,
        "EBIT": -1,
        "Net Income": -1
    },
    "2019-09-30": {
        "Diluted EPS": 0.02,
        "Total Revenue": 0,
        "Gross Profit": 0,
        "Operating Income": -1,
        "EBIT": -1,
        "Net Income": -1
    },
    "2019-06-30": {
        "Diluted EPS": -0.3,
        "Total Revenue": 0,
        "Gross Profit": 0,
        "Operating Income": -1,
        "EBIT": -1,
        "Net Income": -1
    },
    "2019-03-31": {
        "Diluted EPS": -0.16,
        "Total Revenue": NaN,
        "Gross Profit": NaN,
        "Operating Income": -1,
        "EBIT": -1,
        "Net Income": -1
    },
    "2018-12-31": {
        "Diluted EPS": -0.11,
        "Total Revenue": NaN,
        "Gross Profit": NaN,
        "Operating Income": 0,
        "EBIT": 0,
        "Net Income": 0
    },
    "2018-09-30": {
        "Diluted EPS": 0.55,
        "Total Revenue": 0,
        "Gross Profit": 0,
        "Operating Income": -2,
        "EBIT": -2,
        "Net Income": -2
    },
    "2018-06-30": {
        "Diluted EPS": -0.13,
        "Total Revenue": NaN,
        "Gross Profit": NaN,
        "Operating Income": 0,
        "EBIT": -1,
        "Net Income": 0
    },
    "2018-03-31": {
        "Diluted EPS": -5.4,
        "Total Revenue": 0,
        "Gross Profit": 0,
        "Operating Income": -1,
        "EBIT": -1,
        "Net Income": -1
    },
    "2017-12-31": {
        "Diluted EPS": -5.58,
        "Total Revenue": 0,
        "Gross Profit": 0,
        "Operating Income": -1,
        "EBIT": -1,
        "Net Income": -1
    },
    "2017-09-30": {
        "Diluted EPS": 22.6,
        "Total Revenue": 0,
        "Gross Profit": 0,
        "Operating Income": -1,
        "EBIT": -1,
        "Net Income": -1
    },
    "2017-06-30": {
        "Diluted EPS": -5.04,
        "Total Revenue": 0,
        "Gross Profit": 0,
        "Operating Income": -1,
        "EBIT": -1,
        "Net Income": -1
    },
    "2017-03-31": {
        "Diluted EPS": -31.9,
        "Total Revenue": 0,
        "Gross Profit": 0,
        "Operating Income": -1,
        "EBIT": -1,
        "Net Income": -1
    },
    "2016-12-31": {
        "Diluted EPS": -6.3,
        "Total Revenue": 0,
        "Gross Profit": 0,
        "Operating Income": -1,
        "EBIT": -1,
        "Net Income": -1
    },
    "2016-09-30": {
        "Diluted EPS": -5.88,
        "Total Revenue": 0,
        "Gross Profit": 0,
        "Operating Income": -1,
        "EBIT": -1,
        "Net Income": -1
    },
    "2016-06-30": {
        "Diluted EPS": -5.88,
        "Total Revenue": 0,
        "Gross Profit": 0,
        "Operating Income": -1,
        "EBIT": -1,
        "Net Income": -1
    },
    "2016-03-31": {
        "Diluted EPS": -4.2,
        "Total Revenue": 0,
        "Gross Profit": 0,
        "Operating Income": -1,
        "EBIT": -1,
        "Net Income": -1
    },
    "2015-12-31": {
        "Diluted EPS": -7.98,
        "Total Revenue": 0,
        "Gross Profit": 0,
        "Operating Income": -1,
        "EBIT": -1,
        "Net Income": -2
    },
    "2015-09-30": {
        "Diluted EPS": -7.98,
        "Total Revenue": 0,
        "Gross Profit": 0,
        "Operating Income": -1,
        "EBIT": -1,
        "Net Income": -2
    },
    "2015-06-30": {
        "Diluted EPS": 2.1,
        "Total Revenue": 0,
        "Gross Profit": 0,
        "Operating Income": -1,
        "EBIT": -1,
        "Net Income": 0
    },
    "2015-03-31": {
        "Diluted EPS": -2.1,
        "Total Revenue": 0,
        "Gross Profit": 0,
        "Operating Income": -1,
        "EBIT": -1,
        "Net Income": 0
    },
    "2014-12-31": {
        "Diluted EPS": -7.14,
        "Total Revenue": 0,
        "Gross Profit": 0,
        "Operating Income": -1,
        "EBIT": -1,
        "Net Income": -1
    },
    "2014-09-30": {
        "Diluted EPS": -25.19,
        "Total Revenue": 0,
        "Gross Profit": 1,
        "Operating Income": 3,
        "EBIT": 3,
        "Net Income": -5
    },
    "2014-08-31": {
        "Diluted EPS": 0.0,
        "Total Revenue": NaN,
        "Gross Profit": NaN,
        "Operating Income": NaN,
        "EBIT": NaN,
        "Net Income": NaN
    },
    "2014-06-30": {
        "Diluted EPS": 16.79,
        "Total Revenue": 0,
        "Gross Profit": 0,
        "Operating Income": -1,
        "EBIT": -1,
        "Net Income": 3
    },
    "2014-05-31": {
        "Diluted EPS": 0.0,
        "Total Revenue": NaN,
        "Gross Profit": NaN,
        "Operating Income": NaN,
        "EBIT": NaN,
        "Net Income": NaN
    },
    "2014-03-31": {
        "Diluted EPS": -8.4,
        "Total Revenue": 0,
        "Gross Profit": 0,
        "Operating Income": -1,
        "EBIT": -1,
        "Net Income": -1
    },
    "2013-12-31": {
        "Diluted EPS": -33.58,
        "Total Revenue": 0,
        "Gross Profit": 0,
        "Operating Income": -2,
        "EBIT": -2,
        "Net Income": -6
    },
    "2013-09-30": {
        "Diluted EPS": -75.56,
        "Total Revenue": 0,
        "Gross Profit": 0,
        "Operating Income": 0,
        "EBIT": 0,
        "Net Income": -9
    },
    "2013-08-31": {
        "Diluted EPS": 0.0,
        "Total Revenue": NaN,
        "Gross Profit": 0,
        "Operating Income": -2,
        "EBIT": -2,
        "Net Income": NaN
    },
    "2013-06-30": {
        "Diluted EPS": -8.4,
        "Total Revenue": 0,
        "Gross Profit": 0,
        "Operating Income": -1,
        "EBIT": -1,
        "Net Income": -1
    },
    "2013-03-31": {
        "Diluted EPS": -29.39,
        "Total Revenue": 0,
        "Gross Profit": 0,
        "Operating Income": -1,
        "EBIT": -1,
        "Net Income": -4
    },
    "2012-12-31": {
        "Diluted EPS": -8.4,
        "Total Revenue": 0,
        "Gross Profit": 0,
        "Operating Income": -1,
        "EBIT": -1,
        "Net Income": -1
    },
    "2012-09-30": {
        "Diluted EPS": 0.0,
        "Total Revenue": NaN,
        "Gross Profit": NaN,
        "Operating Income": NaN,
        "EBIT": NaN,
        "Net Income": NaN
    },
    "2012-06-30": {
        "Diluted EPS": -12.59,
        "Total Revenue": 0,
        "Gross Profit": 0,
        "Operating Income": -1,
        "EBIT": -1,
        "Net Income": -1
    },
    "2012-03-31": {
        "Diluted EPS": -12.59,
        "Total Revenue": 0,
        "Gross Profit": 0,
        "Operating Income": -1,
        "EBIT": -1,
        "Net Income": -1
    },
    "2023-06-30": {
        "Tax Effect Of Unusual Items": 0.0,
        "Tax Rate For Calcs": 0.0,
        "Normalized EBITDA": -1977759.0,
        "Total Unusual Items": -3451.0,
        "Total Unusual Items Excluding Goodwill": -3451.0,
        "Net Income From Continuing Operation Net Minority Interest": -1984906.0,
        "Reconciled Depreciation": 82999.0,
        "EBITDA": -1981210.0,
        "EBIT": -2064209.0,
        "Net Interest Income": 82754.0,
        "Interest Income": 82754.0,
        "Normalized Income": -1981455.0,
        "Net Income From Continuing And Discontinued Operation": -1984906.0,
        "Total Expenses": 2064209.0,
        "Total Operating Income As Reported": -2064209.0,
        "Diluted Average Shares": 2930681.0,
        "Basic Average Shares": 2930681.0,
        "Diluted EPS": -0.68,
        "Basic EPS": -0.68,
        "Diluted NI Availto Com Stockholders": -1984906.0,
        "Net Income Common Stockholders": -1984906.0,
        "Net Income": -1984906.0,
        "Net Income Including Noncontrolling Interests": -1984906.0,
        "Net Income Continuous Operations": -1984906.0,
        "Tax Provision": 0.0,
        "Pretax Income": -1984906.0,
        "Other Income Expense": -3451.0,
        "Other Non Operating Income Expenses": NaN,
        "Gain On Sale Of Security": -3451.0,
        "Net Non Operating Interest Income Expense": 82754.0,
        "Interest Income Non Operating": 82754.0,
        "Operating Income": -2064209.0,
        "Operating Expense": 2064209.0,
        "Other Operating Expenses": NaN,
        "Research And Development": 1025622.0,
        "Selling General And Administration": 1038587.0,
        "General And Administrative Expense": 1038587.0,
        "Other Gand A": 1038587.0,
        "Total Revenue": 0.0,
        "Operating Revenue": 0.0
    },
    "2023-09-30": {
        "Tax Effect Of Unusual Items": 0.0,
        "Tax Rate For Calcs": 0.0,
        "Normalized EBITDA": -1738990.0,
        "Total Unusual Items": -3664.0,
        "Total Unusual Items Excluding Goodwill": -3664.0,
        "Net Income From Continuing Operation Net Minority Interest": -1720343.0,
        "Reconciled Depreciation": 45970.0,
        "EBITDA": -1742654.0,
        "EBIT": -1788624.0,
        "Net Interest Income": 71945.0,
        "Interest Income": 71945.0,
        "Normalized Income": -1716679.0,
        "Net Income From Continuing And Discontinued Operation": -1720343.0,
        "Total Expenses": 1788624.0,
        "Total Operating Income As Reported": -2369663.0,
        "Diluted Average Shares": NaN,
        "Basic Average Shares": NaN,
        "Diluted EPS": NaN,
        "Basic EPS": NaN,
        "Diluted NI Availto Com Stockholders": -1720343.0,
        "Net Income Common Stockholders": -1720343.0,
        "Net Income": -1720343.0,
        "Net Income Including Noncontrolling Interests": -1720343.0,
        "Net Income Continuous Operations": -1720343.0,
        "Tax Provision": 0.0,
        "Pretax Income": -1720343.0,
        "Other Income Expense": -3664.0,
        "Other Non Operating Income Expenses": NaN,
        "Gain On Sale Of Security": -3664.0,
        "Net Non Operating Interest Income Expense": 71945.0,
        "Interest Income Non Operating": 71945.0,
        "Operating Income": -1788624.0,
        "Operating Expense": 1788624.0,
        "Other Operating Expenses": NaN,
        "Research And Development": 953399.0,
        "Selling General And Administration": 1416264.0,
        "General And Administrative Expense": 1416264.0,
        "Other Gand A": 1416264.0,
        "Total Revenue": 0.0,
        "Operating Revenue": 0.0
    },
    "2023-12-31": {
        "Tax Effect Of Unusual Items": 0.0,
        "Tax Rate For Calcs": 0.0,
        "Normalized EBITDA": -1688742.0,
        "Total Unusual Items": -2822.0,
        "Total Unusual Items Excluding Goodwill": -2822.0,
        "Net Income From Continuing Operation Net Minority Interest": -1678451.0,
        "Reconciled Depreciation": 45031.0,
        "EBITDA": -1691564.0,
        "EBIT": -1736595.0,
        "Net Interest Income": 60966.0,
        "Interest Income": 60966.0,
        "Normalized Income": -1675629.0,
        "Net Income From Continuing And Discontinued Operation": -1678451.0,
        "Total Expenses": 1736595.0,
        "Total Operating Income As Reported": -1857429.0,
        "Diluted Average Shares": 3128024.0,
        "Basic Average Shares": 3128024.0,
        "Diluted EPS": -0.54,
        "Basic EPS": -0.54,
        "Diluted NI Availto Com Stockholders": -1678451.0,
        "Net Income Common Stockholders": -1678451.0,
        "Net Income": -1678451.0,
        "Net Income Including Noncontrolling Interests": -1678451.0,
        "Net Income Continuous Operations": -1678451.0,
        "Tax Provision": NaN,
        "Pretax Income": -1678451.0,
        "Other Income Expense": -2822.0,
        "Other Non Operating Income Expenses": NaN,
        "Gain On Sale Of Security": -2822.0,
        "Net Non Operating Interest Income Expense": 60966.0,
        "Interest Income Non Operating": 60966.0,
        "Operating Income": -1736595.0,
        "Operating Expense": 1736595.0,
        "Other Operating Expenses": -120834.0,
        "Research And Development": 704458.0,
        "Selling General And Administration": 1152971.0,
        "General And Administrative Expense": 1152971.0,
        "Other Gand A": 1152971.0,
        "Total Revenue": 0.0,
        "Operating Revenue": 0.0
    },
    "2024-03-31": {
        "Tax Effect Of Unusual Items": -302.7,
        "Tax Rate For Calcs": 0.15,
        "Normalized EBITDA": -1869057.0,
        "Total Unusual Items": -2018.0,
        "Total Unusual Items Excluding Goodwill": -2018.0,
        "Net Income From Continuing Operation Net Minority Interest": -1861331.0,
        "Reconciled Depreciation": 45397.0,
        "EBITDA": -1871075.0,
        "EBIT": -1916472.0,
        "Net Interest Income": 43193.0,
        "Interest Income": 43193.0,
        "Normalized Income": -1859615.7,
        "Net Income From Continuing And Discontinued Operation": -1861331.0,
        "Total Expenses": 1916472.0,
        "Total Operating Income As Reported": -2220474.0,
        "Diluted Average Shares": 3192688.0,
        "Basic Average Shares": 3192688.0,
        "Diluted EPS": -0.58,
        "Basic EPS": -0.58,
        "Diluted NI Availto Com Stockholders": -1861331.0,
        "Net Income Common Stockholders": -1861331.0,
        "Net Income": -1861331.0,
        "Net Income Including Noncontrolling Interests": -1861331.0,
        "Net Income Continuous Operations": -1861331.0,
        "Tax Provision": 800.0,
        "Pretax Income": -1860531.0,
        "Other Income Expense": 12748.0,
        "Other Non Operating Income Expenses": 14766.0,
        "Gain On Sale Of Security": -2018.0,
        "Net Non Operating Interest Income Expense": 43193.0,
        "Interest Income Non Operating": 43193.0,
        "Operating Income": -1916472.0,
        "Operating Expense": 1916472.0,
        "Other Operating Expenses": -304002.0,
        "Research And Development": 1176337.0,
        "Selling General And Administration": 1044137.0,
        "General And Administrative Expense": 1044137.0,
        "Other Gand A": 1044137.0,
        "Total Revenue": 0.0,
        "Operating Revenue": 0.0
    },
    "2024-06-30": {
        "Tax Effect Of Unusual Items": 0.0,
        "Tax Rate For Calcs": 0.0,
        "Normalized EBITDA": -1639963.0,
        "Total Unusual Items": -4841.0,
        "Total Unusual Items Excluding Goodwill": -4841.0,
        "Net Income From Continuing Operation Net Minority Interest": -1668212.0,
        "Reconciled Depreciation": 51415.0,
        "EBITDA": -1644804.0,
        "EBIT": -1696219.0,
        "Net Interest Income": 32848.0,
        "Interest Income": 32848.0,
        "Normalized Income": -1663371.0,
        "Net Income From Continuing And Discontinued Operation": -1668212.0,
        "Total Expenses": 1696219.0,
        "Total Operating Income As Reported": -1932445.0,
        "Diluted Average Shares": 3221806.0,
        "Basic Average Shares": 3221806.0,
        "Diluted EPS": -0.52,
        "Basic EPS": -0.52,
        "Diluted NI Availto Com Stockholders": -1668212.0,
        "Net Income Common Stockholders": -1668212.0,
        "Net Income": -1668212.0,
        "Net Income Including Noncontrolling Interests": -1668212.0,
        "Net Income Continuous Operations": -1668212.0,
        "Tax Provision": 0.0,
        "Pretax Income": -1668212.0,
        "Other Income Expense": -4841.0,
        "Other Non Operating Income Expenses": NaN,
        "Gain On Sale Of Security": -4841.0,
        "Net Non Operating Interest Income Expense": 32848.0,
        "Interest Income Non Operating": 32848.0,
        "Operating Income": -1696219.0,
        "Operating Expense": 1696219.0,
        "Other Operating Expenses": -236226.0,
        "Research And Development": 897305.0,
        "Selling General And Administration": 1035140.0,
        "General And Administrative Expense": 1035140.0,
        "Other Gand A": 1035140.0,
        "Total Revenue": 0.0,
        "Operating Revenue": 0.0
    }
}