{
    "2023-03-31": {
        "Tax Effect Of Unusual Items": NaN,
        "Tax Rate For Calcs": NaN,
        "Normalized EBITDA": NaN,
        "Total Unusual Items": 0.0,
        "Total Unusual Items Excluding Goodwill": 0.0,
        "Net Income From Continuing Operation Net Minority Interest": NaN,
        "Reconciled Depreciation": NaN,
        "Reconciled Cost Of Revenue": NaN,
        "EBITDA": NaN,
        "EBIT": NaN,
        "Net Interest Income": NaN,
        "Interest Expense": NaN,
        "Normalized Income": NaN,
        "Net Income From Continuing And Discontinued Operation": NaN,
        "Total Expenses": NaN,
        "Total Operating Income As Reported": NaN,
        "Diluted Average Shares": NaN,
        "Basic Average Shares": NaN,
        "Diluted EPS": NaN,
        "Basic EPS": NaN,
        "Diluted NI Availto Com Stockholders": NaN,
        "Net Income Common Stockholders": NaN,
        "Otherunder Preferred Stock Dividend": 0.0,
        "Net Income": NaN,
        "Minority Interests": NaN,
        "Net Income Including Noncontrolling Interests": NaN,
        "Net Income Continuous Operations": NaN,
        "Tax Provision": NaN,
        "Pretax Income": NaN,
        "Other Income Expense": NaN,
        "Other Non Operating Income Expenses": NaN,
        "Special Income Charges": 0.0,
        "Other Special Charges": NaN,
        "Restructuring And Mergern Acquisition": 0.0,
        "Earnings From Equity Interest": NaN,
        "Net Non Operating Interest Income Expense": NaN,
        "Interest Expense Non Operating": NaN,
        "Operating Income": NaN,
        "Operating Expense": NaN,
        "Depreciation Amortization Depletion Income Statement": 25193000.0,
        "Depreciation And Amortization In Income Statement": 25193000.0,
        "Selling General And Administration": NaN,
        "Gross Profit": NaN,
        "Cost Of Revenue": NaN,
        "Total Revenue": NaN,
        "Operating Revenue": NaN
    },
    "2022-12-31": {
        "Tax Effect Of Unusual Items": NaN,
        "Tax Rate For Calcs": NaN,
        "Normalized EBITDA": NaN,
        "Total Unusual Items": -220000.0,
        "Total Unusual Items Excluding Goodwill": -220000.0,
        "Net Income From Continuing Operation Net Minority Interest": NaN,
        "Reconciled Depreciation": NaN,
        "Reconciled Cost Of Revenue": NaN,
        "EBITDA": NaN,
        "EBIT": NaN,
        "Net Interest Income": NaN,
        "Interest Expense": NaN,
        "Normalized Income": NaN,
        "Net Income From Continuing And Discontinued Operation": NaN,
        "Total Expenses": NaN,
        "Total Operating Income As Reported": NaN,
        "Diluted Average Shares": NaN,
        "Basic Average Shares": NaN,
        "Diluted EPS": NaN,
        "Basic EPS": NaN,
        "Diluted NI Availto Com Stockholders": NaN,
        "Net Income Common Stockholders": NaN,
        "Otherunder Preferred Stock Dividend": 0.0,
        "Net Income": NaN,
        "Minority Interests": NaN,
        "Net Income Including Noncontrolling Interests": NaN,
        "Net Income Continuous Operations": NaN,
        "Tax Provision": NaN,
        "Pretax Income": NaN,
        "Other Income Expense": NaN,
        "Other Non Operating Income Expenses": NaN,
        "Special Income Charges": -220000.0,
        "Other Special Charges": 0.0,
        "Restructuring And Mergern Acquisition": 220000.0,
        "Earnings From Equity Interest": NaN,
        "Net Non Operating Interest Income Expense": NaN,
        "Interest Expense Non Operating": NaN,
        "Operating Income": NaN,
        "Operating Expense": NaN,
        "Depreciation Amortization Depletion Income Statement": 24626000.0,
        "Depreciation And Amortization In Income Statement": 24626000.0,
        "Selling General And Administration": NaN,
        "Gross Profit": NaN,
        "Cost Of Revenue": NaN,
        "Total Revenue": NaN,
        "Operating Revenue": NaN
    },
    "2022-09-30": {
        "Tax Effect Of Unusual Items": -8355.819224,
        "Tax Rate For Calcs": 0.006213,
        "Normalized EBITDA": 85116000.0,
        "Total Unusual Items": -1345000.0,
        "Total Unusual Items Excluding Goodwill": -1345000.0,
        "Net Income From Continuing Operation Net Minority Interest": 8828000.0,
        "Reconciled Depreciation": 32577000.0,
        "Reconciled Cost Of Revenue": 700649000.0,
        "EBITDA": 83771000.0,
        "EBIT": 51194000.0,
        "Net Interest Income": -13689000.0,
        "Interest Expense": 13689000.0,
        "Normalized Income": 10164644.180776,
        "Net Income From Continuing And Discontinued Operation": 8828000.0,
        "Total Expenses": 752004000.0,
        "Total Operating Income As Reported": 49912000.0,
        "Diluted Average Shares": 26260861.0,
        "Basic Average Shares": 26254167.0,
        "Diluted EPS": 0.34,
        "Basic EPS": 0.34,
        "Diluted NI Availto Com Stockholders": 8828000.0,
        "Net Income Common Stockholders": 8828000.0,
        "Otherunder Preferred Stock Dividend": 0.0,
        "Net Income": 8828000.0,
        "Minority Interests": -28444000.0,
        "Net Income Including Noncontrolling Interests": 37272000.0,
        "Net Income Continuous Operations": 37272000.0,
        "Tax Provision": 233000.0,
        "Pretax Income": 37505000.0,
        "Other Income Expense": -63000.0,
        "Other Non Operating Income Expenses": 657000.0,
        "Special Income Charges": -1345000.0,
        "Other Special Charges": NaN,
        "Restructuring And Mergern Acquisition": 1345000.0,
        "Earnings From Equity Interest": 625000.0,
        "Net Non Operating Interest Income Expense": -13689000.0,
        "Interest Expense Non Operating": 13689000.0,
        "Operating Income": 51257000.0,
        "Operating Expense": 43426000.0,
        "Depreciation Amortization Depletion Income Statement": 24648000.0,
        "Depreciation And Amortization In Income Statement": 24648000.0,
        "Selling General And Administration": 18778000.0,
        "Gross Profit": 94683000.0,
        "Cost Of Revenue": 708578000.0,
        "Total Revenue": 803261000.0,
        "Operating Revenue": 803261000.0
    },
    "2022-06-30": {
        "Tax Effect Of Unusual Items": -9766400.0,
        "Tax Rate For Calcs": 0.4,
        "Normalized EBITDA": 73599000.0,
        "Total Unusual Items": -24416000.0,
        "Total Unusual Items Excluding Goodwill": -24416000.0,
        "Net Income From Continuing Operation Net Minority Interest": -2978000.0,
        "Reconciled Depreciation": 32080000.0,
        "Reconciled Cost Of Revenue": 535912000.0,
        "EBITDA": 49183000.0,
        "EBIT": 17103000.0,
        "Net Interest Income": -13293000.0,
        "Interest Expense": 13293000.0,
        "Normalized Income": 11671600.0,
        "Net Income From Continuing And Discontinued Operation": -2978000.0,
        "Total Expenses": 581056000.0,
        "Total Operating Income As Reported": 39291000.0,
        "Diluted Average Shares": 26254167.0,
        "Basic Average Shares": 26254167.0,
        "Diluted EPS": -0.08,
        "Basic EPS": -0.08,
        "Diluted NI Availto Com Stockholders": -2031000.0,
        "Net Income Common Stockholders": -2031000.0,
        "Otherunder Preferred Stock Dividend": -947000.0,
        "Net Income": -2978000.0,
        "Minority Interests": 1012000.0,
        "Net Income Including Noncontrolling Interests": -3990000.0,
        "Net Income Continuous Operations": -3990000.0,
        "Tax Provision": 7800000.0,
        "Pretax Income": 3810000.0,
        "Other Income Expense": -24770000.0,
        "Other Non Operating Income Expenses": -1086000.0,
        "Special Income Charges": -24416000.0,
        "Other Special Charges": 21834000.0,
        "Restructuring And Mergern Acquisition": 2582000.0,
        "Earnings From Equity Interest": 732000.0,
        "Net Non Operating Interest Income Expense": -13293000.0,
        "Interest Expense Non Operating": 13293000.0,
        "Operating Income": 41873000.0,
        "Operating Expense": 37360000.0,
        "Depreciation Amortization Depletion Income Statement": 24296000.0,
        "Depreciation And Amortization In Income Statement": 24296000.0,
        "Selling General And Administration": 13064000.0,
        "Gross Profit": 79233000.0,
        "Cost Of Revenue": 543696000.0,
        "Total Revenue": 622929000.0,
        "Operating Revenue": 622929000.0
    },
    "2023-06-30": {
        "Tax Effect Of Unusual Items": 0.0,
        "Tax Rate For Calcs": 0.247326,
        "Normalized EBITDA": 89358000.0,
        "Total Unusual Items": 0.0,
        "Total Unusual Items Excluding Goodwill": 0.0,
        "Net Income From Continuing Operation Net Minority Interest": 5968000.0,
        "Reconciled Depreciation": 33018000.0,
        "Reconciled Cost Of Revenue": 357129000.0,
        "EBITDA": 89358000.0,
        "EBIT": 56340000.0,
        "Net Interest Income": -17072000.0,
        "Interest Expense": 17072000.0,
        "Normalized Income": 5968000.0,
        "Net Income From Continuing And Discontinued Operation": 5968000.0,
        "Total Expenses": 378692000.0,
        "Total Operating Income As Reported": 53680000.0,
        "Diluted Average Shares": 26266312.0,
        "Basic Average Shares": 26254167.0,
        "Diluted EPS": 0.23,
        "Basic EPS": 0.23,
        "Diluted NI Availto Com Stockholders": 5968000.0,
        "Net Income Common Stockholders": 5968000.0,
        "Otherunder Preferred Stock Dividend": 0.0,
        "Net Income": 5968000.0,
        "Minority Interests": -23588000.0,
        "Net Income Including Noncontrolling Interests": 29556000.0,
        "Net Income Continuous Operations": 29556000.0,
        "Tax Provision": 9712000.0,
        "Pretax Income": 39268000.0,
        "Other Income Expense": 2660000.0,
        "Other Non Operating Income Expenses": 2268000.0,
        "Special Income Charges": 0.0,
        "Other Special Charges": NaN,
        "Restructuring And Mergern Acquisition": 0.0,
        "Earnings From Equity Interest": 392000.0,
        "Net Non Operating Interest Income Expense": -17072000.0,
        "Interest Expense Non Operating": 17072000.0,
        "Operating Income": 53680000.0,
        "Operating Expense": 21563000.0,
        "Depreciation Amortization Depletion Income Statement": 30772000.0,
        "Depreciation And Amortization In Income Statement": 30772000.0,
        "Selling General And Administration": 21563000.0,
        "Gross Profit": 75243000.0,
        "Cost Of Revenue": 357129000.0,
        "Total Revenue": 432372000.0,
        "Operating Revenue": 432372000.0
    },
    "2023-09-30": {
        "Tax Effect Of Unusual Items": 0.0,
        "Tax Rate For Calcs": 0.15,
        "Normalized EBITDA": 107704000.0,
        "Total Unusual Items": 0.0,
        "Total Unusual Items Excluding Goodwill": 0.0,
        "Net Income From Continuing Operation Net Minority Interest": 13892000.0,
        "Reconciled Depreciation": 35493000.0,
        "Reconciled Cost Of Revenue": 188460000.0,
        "EBITDA": 107704000.0,
        "EBIT": 72211000.0,
        "Net Interest Income": -17518000.0,
        "Interest Expense": 17518000.0,
        "Normalized Income": 13892000.0,
        "Net Income From Continuing And Discontinued Operation": 13892000.0,
        "Total Expenses": 207973000.0,
        "Total Operating Income As Reported": 67498000.0,
        "Diluted Average Shares": 108295819.0,
        "Basic Average Shares": 26254243.0,
        "Diluted EPS": 0.128278,
        "Basic EPS": 0.53,
        "Diluted NI Availto Com Stockholders": 13892000.0,
        "Net Income Common Stockholders": 13892000.0,
        "Otherunder Preferred Stock Dividend": 0.0,
        "Net Income": 13892000.0,
        "Minority Interests": -32613000.0,
        "Net Income Including Noncontrolling Interests": 46505000.0,
        "Net Income Continuous Operations": 46505000.0,
        "Tax Provision": 8188000.0,
        "Pretax Income": 54693000.0,
        "Other Income Expense": 4713000.0,
        "Other Non Operating Income Expenses": 5263000.0,
        "Special Income Charges": 0.0,
        "Other Special Charges": NaN,
        "Restructuring And Mergern Acquisition": 0.0,
        "Earnings From Equity Interest": -550000.0,
        "Net Non Operating Interest Income Expense": -17518000.0,
        "Interest Expense Non Operating": 17518000.0,
        "Operating Income": 67498000.0,
        "Operating Expense": 19513000.0,
        "Depreciation Amortization Depletion Income Statement": 33161000.0,
        "Depreciation And Amortization In Income Statement": 33161000.0,
        "Selling General And Administration": 19513000.0,
        "Gross Profit": 87011000.0,
        "Cost Of Revenue": 188460000.0,
        "Total Revenue": 275471000.0,
        "Operating Revenue": 275471000.0
    },
    "2023-12-31": {
        "Tax Effect Of Unusual Items": 0.0,
        "Tax Rate For Calcs": 0.278681,
        "Normalized EBITDA": 72500000.0,
        "Total Unusual Items": 0.0,
        "Total Unusual Items Excluding Goodwill": 0.0,
        "Net Income From Continuing Operation Net Minority Interest": 3708000.0,
        "Reconciled Depreciation": 27854000.0,
        "Reconciled Cost Of Revenue": 176123000.0,
        "EBITDA": 72500000.0,
        "EBIT": 44646000.0,
        "Net Interest Income": -16858000.0,
        "Interest Expense": 16858000.0,
        "Normalized Income": 3708000.0,
        "Net Income From Continuing And Discontinued Operation": 3708000.0,
        "Total Expenses": 200206000.0,
        "Total Operating Income As Reported": 39858000.0,
        "Diluted Average Shares": 26261774.0,
        "Basic Average Shares": 26261774.0,
        "Diluted EPS": 0.14,
        "Basic EPS": 0.14,
        "Diluted NI Availto Com Stockholders": 3708000.0,
        "Net Income Common Stockholders": 3708000.0,
        "Otherunder Preferred Stock Dividend": 0.0,
        "Net Income": 3708000.0,
        "Minority Interests": -16336000.0,
        "Net Income Including Noncontrolling Interests": 20044000.0,
        "Net Income Continuous Operations": 20044000.0,
        "Tax Provision": 7744000.0,
        "Pretax Income": 27788000.0,
        "Other Income Expense": 4788000.0,
        "Other Non Operating Income Expenses": 4163000.0,
        "Special Income Charges": 0.0,
        "Other Special Charges": NaN,
        "Restructuring And Mergern Acquisition": 0.0,
        "Earnings From Equity Interest": 625000.0,
        "Net Non Operating Interest Income Expense": -16858000.0,
        "Interest Expense Non Operating": 16858000.0,
        "Operating Income": 39858000.0,
        "Operating Expense": 24083000.0,
        "Depreciation Amortization Depletion Income Statement": 25197000.0,
        "Depreciation And Amortization In Income Statement": 25197000.0,
        "Selling General And Administration": 24083000.0,
        "Gross Profit": 63941000.0,
        "Cost Of Revenue": 176123000.0,
        "Total Revenue": 240064000.0,
        "Operating Revenue": 240064000.0
    },
    "2024-03-31": {
        "Tax Effect Of Unusual Items": 0.0,
        "Tax Rate For Calcs": 0.197,
        "Normalized EBITDA": 73986000.0,
        "Total Unusual Items": NaN,
        "Total Unusual Items Excluding Goodwill": NaN,
        "Net Income From Continuing Operation Net Minority Interest": 6324000.0,
        "Reconciled Depreciation": 23339000.0,
        "Reconciled Cost Of Revenue": 133402000.0,
        "EBITDA": 73986000.0,
        "EBIT": 50647000.0,
        "Net Interest Income": -15606000.0,
        "Interest Expense": 15606000.0,
        "Normalized Income": 6324000.0,
        "Net Income From Continuing And Discontinued Operation": 6324000.0,
        "Total Expenses": 154954000.0,
        "Total Operating Income As Reported": 45159000.0,
        "Diluted Average Shares": 26182050.0,
        "Basic Average Shares": 26161691.0,
        "Diluted EPS": 0.24,
        "Basic EPS": 0.24,
        "Diluted NI Availto Com Stockholders": 6324000.0,
        "Net Income Common Stockholders": 6324000.0,
        "Otherunder Preferred Stock Dividend": NaN,
        "Net Income": 6324000.0,
        "Minority Interests": -21816000.0,
        "Net Income Including Noncontrolling Interests": 28140000.0,
        "Net Income Continuous Operations": 28140000.0,
        "Tax Provision": 6901000.0,
        "Pretax Income": 35041000.0,
        "Other Income Expense": 5488000.0,
        "Other Non Operating Income Expenses": 4957000.0,
        "Special Income Charges": NaN,
        "Other Special Charges": NaN,
        "Restructuring And Mergern Acquisition": NaN,
        "Earnings From Equity Interest": 531000.0,
        "Net Non Operating Interest Income Expense": -15606000.0,
        "Interest Expense Non Operating": 15606000.0,
        "Operating Income": 45159000.0,
        "Operating Expense": 21552000.0,
        "Depreciation Amortization Depletion Income Statement": NaN,
        "Depreciation And Amortization In Income Statement": NaN,
        "Selling General And Administration": 21552000.0,
        "Gross Profit": 66711000.0,
        "Cost Of Revenue": 133402000.0,
        "Total Revenue": 200113000.0,
        "Operating Revenue": 200113000.0
    },
    "2024-06-30": {
        "Tax Effect Of Unusual Items": 0.0,
        "Tax Rate For Calcs": 0.182464,
        "Normalized EBITDA": 87011000.0,
        "Total Unusual Items": NaN,
        "Total Unusual Items Excluding Goodwill": NaN,
        "Net Income From Continuing Operation Net Minority Interest": 6672000.0,
        "Reconciled Depreciation": 30831000.0,
        "Reconciled Cost Of Revenue": 108152000.0,
        "EBITDA": 87011000.0,
        "EBIT": 56180000.0,
        "Net Interest Income": -15476000.0,
        "Interest Expense": 15476000.0,
        "Normalized Income": 6672000.0,
        "Net Income From Continuing And Discontinued Operation": 6672000.0,
        "Total Expenses": 133452000.0,
        "Total Operating Income As Reported": 49881000.0,
        "Diluted Average Shares": 25338067.0,
        "Basic Average Shares": 25175057.0,
        "Diluted EPS": 0.26,
        "Basic EPS": 0.27,
        "Diluted NI Availto Com Stockholders": 6672000.0,
        "Net Income Common Stockholders": 6672000.0,
        "Otherunder Preferred Stock Dividend": NaN,
        "Net Income": 6672000.0,
        "Minority Interests": -26605000.0,
        "Net Income Including Noncontrolling Interests": 33277000.0,
        "Net Income Continuous Operations": 33277000.0,
        "Tax Provision": 7427000.0,
        "Pretax Income": 40704000.0,
        "Other Income Expense": 6299000.0,
        "Other Non Operating Income Expenses": 5707000.0,
        "Special Income Charges": NaN,
        "Other Special Charges": NaN,
        "Restructuring And Mergern Acquisition": NaN,
        "Earnings From Equity Interest": 592000.0,
        "Net Non Operating Interest Income Expense": -15476000.0,
        "Interest Expense Non Operating": 15476000.0,
        "Operating Income": 49881000.0,
        "Operating Expense": 25300000.0,
        "Depreciation Amortization Depletion Income Statement": NaN,
        "Depreciation And Amortization In Income Statement": NaN,
        "Selling General And Administration": 25300000.0,
        "Gross Profit": 75181000.0,
        "Cost Of Revenue": 108152000.0,
        "Total Revenue": 183333000.0,
        "Operating Revenue": 183333000.0
    }
}