{
    "2023-03-31": {
        "Tax Effect Of Unusual Items": 0.0,
        "Tax Rate For Calcs": 0.0,
        "Normalized EBITDA": -1202000.0,
        "Total Unusual Items": NaN,
        "Total Unusual Items Excluding Goodwill": NaN,
        "Net Income From Continuing Operation Net Minority Interest": -1333000.0,
        "Reconciled Depreciation": 8000.0,
        "Reconciled Cost Of Revenue": 913000.0,
        "EBITDA": -1202000.0,
        "EBIT": -1210000.0,
        "Net Interest Income": -123000.0,
        "Interest Expense": 123000.0,
        "Normalized Income": -1333000.0,
        "Net Income From Continuing And Discontinued Operation": -1333000.0,
        "Total Expenses": 2133000.0,
        "Total Operating Income As Reported": -1203000.0,
        "Diluted NI Availto Com Stockholders": -1333000.0,
        "Net Income Common Stockholders": -1333000.0,
        "Net Income": -1333000.0,
        "Net Income Including Noncontrolling Interests": -1333000.0,
        "Net Income Continuous Operations": -1333000.0,
        "Pretax Income": -1333000.0,
        "Other Income Expense": -7000.0,
        "Other Non Operating Income Expenses": -7000.0,
        "Special Income Charges": NaN,
        "Impairment Of Capital Assets": NaN,
        "Restructuring And Mergern Acquisition": NaN,
        "Net Non Operating Interest Income Expense": -123000.0,
        "Interest Expense Non Operating": 123000.0,
        "Operating Income": -1203000.0,
        "Operating Expense": 1220000.0,
        "Research And Development": 154000.0,
        "Selling General And Administration": 1066000.0,
        "Gross Profit": 17000.0,
        "Cost Of Revenue": 913000.0,
        "Total Revenue": 930000.0,
        "Operating Revenue": 930000.0
    },
    "2022-12-31": {
        "Tax Effect Of Unusual Items": 0.0,
        "Tax Rate For Calcs": 0.0,
        "Normalized EBITDA": -1739000.0,
        "Total Unusual Items": -262000.0,
        "Total Unusual Items Excluding Goodwill": -262000.0,
        "Net Income From Continuing Operation Net Minority Interest": -2310000.0,
        "Reconciled Depreciation": 30000.0,
        "Reconciled Cost Of Revenue": 901000.0,
        "EBITDA": -2001000.0,
        "EBIT": -2031000.0,
        "Net Interest Income": -275000.0,
        "Interest Expense": 275000.0,
        "Normalized Income": -2048000.0,
        "Net Income From Continuing And Discontinued Operation": -2310000.0,
        "Total Expenses": 2425000.0,
        "Total Operating Income As Reported": -2024000.0,
        "Diluted NI Availto Com Stockholders": -2310000.0,
        "Net Income Common Stockholders": -2310000.0,
        "Net Income": -2310000.0,
        "Net Income Including Noncontrolling Interests": -2310000.0,
        "Net Income Continuous Operations": -2310000.0,
        "Pretax Income": -2306000.0,
        "Other Income Expense": -269000.0,
        "Other Non Operating Income Expenses": -7000.0,
        "Special Income Charges": -262000.0,
        "Impairment Of Capital Assets": NaN,
        "Restructuring And Mergern Acquisition": 0.0,
        "Net Non Operating Interest Income Expense": -275000.0,
        "Interest Expense Non Operating": 275000.0,
        "Operating Income": -1762000.0,
        "Operating Expense": 1524000.0,
        "Research And Development": 269000.0,
        "Selling General And Administration": 1255000.0,
        "Gross Profit": -238000.0,
        "Cost Of Revenue": 901000.0,
        "Total Revenue": 663000.0,
        "Operating Revenue": 663000.0
    },
    "2022-09-30": {
        "Tax Effect Of Unusual Items": 0.0,
        "Tax Rate For Calcs": 0.0,
        "Normalized EBITDA": -2309000.0,
        "Total Unusual Items": -76000.0,
        "Total Unusual Items Excluding Goodwill": -76000.0,
        "Net Income From Continuing Operation Net Minority Interest": -2662000.0,
        "Reconciled Depreciation": 42000.0,
        "Reconciled Cost Of Revenue": 1927000.0,
        "EBITDA": -2385000.0,
        "EBIT": -2427000.0,
        "Net Interest Income": -235000.0,
        "Interest Expense": 235000.0,
        "Normalized Income": -2586000.0,
        "Net Income From Continuing And Discontinued Operation": -2662000.0,
        "Total Expenses": 4095000.0,
        "Total Operating Income As Reported": -2407000.0,
        "Diluted Average Shares": 1313000.0,
        "Basic Average Shares": 1313000.0,
        "Diluted EPS": -2.03,
        "Basic EPS": -2.03,
        "Diluted NI Availto Com Stockholders": -2662000.0,
        "Net Income Common Stockholders": -2662000.0,
        "Net Income": -2662000.0,
        "Net Income Including Noncontrolling Interests": -2662000.0,
        "Net Income Continuous Operations": -2662000.0,
        "Tax Provision": NaN,
        "Pretax Income": -2662000.0,
        "Other Income Expense": -96000.0,
        "Other Non Operating Income Expenses": -20000.0,
        "Special Income Charges": -76000.0,
        "Write Off": NaN,
        "Impairment Of Capital Assets": 76000.0,
        "Restructuring And Mergern Acquisition": 0.0,
        "Net Non Operating Interest Income Expense": -235000.0,
        "Interest Expense Non Operating": 235000.0,
        "Operating Income": -2331000.0,
        "Operating Expense": 2168000.0,
        "Research And Development": 366000.0,
        "Selling General And Administration": 1802000.0,
        "Gross Profit": -163000.0,
        "Cost Of Revenue": 1927000.0,
        "Total Revenue": 1764000.0,
        "Operating Revenue": 1764000.0
    },
    "2022-06-30": {
        "Tax Effect Of Unusual Items": 0.0,
        "Tax Rate For Calcs": 0.0,
        "Normalized EBITDA": -2183000.0,
        "Total Unusual Items": 0.0,
        "Total Unusual Items Excluding Goodwill": 0.0,
        "Net Income From Continuing Operation Net Minority Interest": -2486000.0,
        "Reconciled Depreciation": 43000.0,
        "Reconciled Cost Of Revenue": 1371000.0,
        "EBITDA": -2183000.0,
        "EBIT": -2226000.0,
        "Net Interest Income": -260000.0,
        "Interest Expense": 260000.0,
        "Normalized Income": -2486000.0,
        "Net Income From Continuing And Discontinued Operation": -2486000.0,
        "Total Expenses": 3688000.0,
        "Total Operating Income As Reported": -2208000.0,
        "Diluted Average Shares": 1024000.0,
        "Basic Average Shares": 1024000.0,
        "Diluted EPS": -2.43,
        "Basic EPS": -2.43,
        "Diluted NI Availto Com Stockholders": -2486000.0,
        "Net Income Common Stockholders": -2486000.0,
        "Net Income": -2486000.0,
        "Net Income Including Noncontrolling Interests": -2486000.0,
        "Net Income Continuous Operations": -2486000.0,
        "Tax Provision": NaN,
        "Pretax Income": -2486000.0,
        "Other Income Expense": -18000.0,
        "Other Non Operating Income Expenses": -18000.0,
        "Special Income Charges": 0.0,
        "Write Off": NaN,
        "Impairment Of Capital Assets": NaN,
        "Restructuring And Mergern Acquisition": 0.0,
        "Net Non Operating Interest Income Expense": -260000.0,
        "Interest Expense Non Operating": 260000.0,
        "Operating Income": -2208000.0,
        "Operating Expense": 2317000.0,
        "Research And Development": 353000.0,
        "Selling General And Administration": 1964000.0,
        "Gross Profit": 109000.0,
        "Cost Of Revenue": 1371000.0,
        "Total Revenue": 1480000.0,
        "Operating Revenue": 1480000.0
    },
    "2022-03-31": {
        "Diluted EPS": -3.08,
        "Total Revenue": 2,
        "Gross Profit": 0,
        "Operating Income": -3,
        "EBIT": -3,
        "Net Income": -3
    },
    "2021-12-31": {
        "Diluted EPS": -3.29,
        "Total Revenue": 2,
        "Gross Profit": 0,
        "Operating Income": -2,
        "EBIT": -2,
        "Net Income": -3
    },
    "2021-09-30": {
        "Diluted EPS": -1.54,
        "Total Revenue": 3,
        "Gross Profit": 1,
        "Operating Income": -2,
        "EBIT": -2,
        "Net Income": -1
    },
    "2021-06-30": {
        "Diluted EPS": -4.13,
        "Total Revenue": 2,
        "Gross Profit": 0,
        "Operating Income": -2,
        "EBIT": -2,
        "Net Income": -2
    },
    "2021-03-31": {
        "Diluted EPS": -3.15,
        "Total Revenue": 3,
        "Gross Profit": 1,
        "Operating Income": -2,
        "EBIT": -2,
        "Net Income": -2
    },
    "2020-12-31": {
        "Diluted EPS": 0.42,
        "Total Revenue": 4,
        "Gross Profit": 1,
        "Operating Income": -1,
        "EBIT": -1,
        "Net Income": 0
    },
    "2020-09-30": {
        "Diluted EPS": -2.45,
        "Total Revenue": 6,
        "Gross Profit": 1,
        "Operating Income": -1,
        "EBIT": -1,
        "Net Income": -1
    },
    "2020-06-30": {
        "Diluted EPS": -9.52,
        "Total Revenue": 3,
        "Gross Profit": 1,
        "Operating Income": -1,
        "EBIT": -1,
        "Net Income": -4
    },
    "2020-03-31": {
        "Diluted EPS": -1.26,
        "Total Revenue": 4,
        "Gross Profit": 1,
        "Operating Income": -1,
        "EBIT": -1,
        "Net Income": -1
    },
    "2019-12-31": {
        "Diluted EPS": -3.5,
        "Total Revenue": 4,
        "Gross Profit": 1,
        "Operating Income": -1,
        "EBIT": -1,
        "Net Income": -1
    },
    "2019-09-30": {
        "Diluted EPS": -2.66,
        "Total Revenue": 3,
        "Gross Profit": 1,
        "Operating Income": -1,
        "EBIT": -1,
        "Net Income": -1
    },
    "2019-06-30": {
        "Diluted EPS": -6.37,
        "Total Revenue": 3,
        "Gross Profit": 0,
        "Operating Income": -2,
        "EBIT": -2,
        "Net Income": -2
    },
    "2019-03-31": {
        "Diluted EPS": -8.4,
        "Total Revenue": 3,
        "Gross Profit": 0,
        "Operating Income": -3,
        "EBIT": -3,
        "Net Income": -3
    },
    "2018-12-31": {
        "Diluted EPS": -8.75,
        "Total Revenue": 3,
        "Gross Profit": 0,
        "Operating Income": -3,
        "EBIT": -3,
        "Net Income": -3
    },
    "2018-09-30": {
        "Diluted EPS": -5.6,
        "Total Revenue": 5,
        "Gross Profit": 1,
        "Operating Income": -2,
        "EBIT": -2,
        "Net Income": -2
    },
    "2018-06-30": {
        "Diluted EPS": -5.25,
        "Total Revenue": 5,
        "Gross Profit": 1,
        "Operating Income": -2,
        "EBIT": -2,
        "Net Income": -2
    },
    "2018-03-31": {
        "Diluted EPS": -7.0,
        "Total Revenue": 5,
        "Gross Profit": 1,
        "Operating Income": -2,
        "EBIT": -2,
        "Net Income": -2
    },
    "2017-12-31": {
        "Diluted EPS": -5.25,
        "Total Revenue": 5,
        "Gross Profit": 2,
        "Operating Income": -2,
        "EBIT": -2,
        "Net Income": -2
    },
    "2017-09-30": {
        "Diluted EPS": -5.25,
        "Total Revenue": 5,
        "Gross Profit": 1,
        "Operating Income": -2,
        "EBIT": -2,
        "Net Income": -2
    },
    "2017-06-30": {
        "Diluted EPS": -9.1,
        "Total Revenue": 6,
        "Gross Profit": 2,
        "Operating Income": -3,
        "EBIT": -3,
        "Net Income": -3
    },
    "2017-03-31": {
        "Diluted EPS": -13.65,
        "Total Revenue": 4,
        "Gross Profit": 1,
        "Operating Income": -5,
        "EBIT": -4,
        "Net Income": -5
    },
    "2016-12-31": {
        "Diluted EPS": -23.44,
        "Total Revenue": 7,
        "Gross Profit": -1,
        "Operating Income": -8,
        "EBIT": -8,
        "Net Income": -8
    },
    "2016-09-30": {
        "Diluted EPS": -9.45,
        "Total Revenue": 8,
        "Gross Profit": 3,
        "Operating Income": -3,
        "EBIT": -3,
        "Net Income": -3
    },
    "2016-06-30": {
        "Diluted EPS": -11.9,
        "Total Revenue": 7,
        "Gross Profit": 3,
        "Operating Income": -4,
        "EBIT": -4,
        "Net Income": -4
    },
    "2016-03-31": {
        "Diluted EPS": -5.95,
        "Total Revenue": 8,
        "Gross Profit": 3,
        "Operating Income": -2,
        "EBIT": -2,
        "Net Income": -2
    },
    "2015-12-31": {
        "Diluted EPS": 3.5,
        "Total Revenue": 17,
        "Gross Profit": 8,
        "Operating Income": 1,
        "EBIT": 2,
        "Net Income": 1
    },
    "2015-09-30": {
        "Diluted EPS": 14.0,
        "Total Revenue": 18,
        "Gross Profit": 9,
        "Operating Income": 4,
        "EBIT": 4,
        "Net Income": 4
    },
    "2015-06-30": {
        "Diluted EPS": 7.35,
        "Total Revenue": 16,
        "Gross Profit": 7,
        "Operating Income": 3,
        "EBIT": 3,
        "Net Income": 2
    },
    "2015-03-31": {
        "Diluted EPS": 3.85,
        "Total Revenue": 13,
        "Gross Profit": 5,
        "Operating Income": 1,
        "EBIT": 1,
        "Net Income": 1
    },
    "2014-12-31": {
        "Diluted EPS": 5.95,
        "Total Revenue": 4,
        "Gross Profit": 2,
        "Operating Income": 0,
        "EBIT": 0,
        "Net Income": -1
    },
    "2014-09-30": {
        "Diluted EPS": -1.75,
        "Total Revenue": 7,
        "Gross Profit": 2,
        "Operating Income": 0,
        "EBIT": 0,
        "Net Income": 0
    },
    "2014-06-30": {
        "Diluted EPS": -2.8,
        "Total Revenue": 7,
        "Gross Profit": 2,
        "Operating Income": -1,
        "EBIT": 0,
        "Net Income": -1
    },
    "2014-03-31": {
        "Diluted EPS": -27.64,
        "Total Revenue": 5,
        "Gross Profit": 1,
        "Operating Income": -1,
        "EBIT": 2,
        "Net Income": -4
    },
    "2013-12-31": {
        "Diluted EPS": 7.0,
        "Total Revenue": 7,
        "Gross Profit": 2,
        "Operating Income": -2,
        "EBIT": -2,
        "Net Income": 1
    },
    "2013-09-30": {
        "Diluted EPS": -11.9,
        "Total Revenue": 5,
        "Gross Profit": 1,
        "Operating Income": -2,
        "EBIT": -1,
        "Net Income": -2
    },
    "2013-06-30": {
        "Diluted EPS": -5.25,
        "Total Revenue": 6,
        "Gross Profit": 1,
        "Operating Income": -2,
        "EBIT": -1,
        "Net Income": -1
    },
    "2013-03-31": {
        "Diluted EPS": -10.5,
        "Total Revenue": 4,
        "Gross Profit": 1,
        "Operating Income": -1,
        "EBIT": -1,
        "Net Income": -1
    },
    "2012-12-31": {
        "Diluted EPS": -17.5,
        "Total Revenue": 7,
        "Gross Profit": 1,
        "Operating Income": -2,
        "EBIT": -2,
        "Net Income": -2
    },
    "2012-09-30": {
        "Diluted EPS": -7.0,
        "Total Revenue": 8,
        "Gross Profit": 2,
        "Operating Income": -1,
        "EBIT": 0,
        "Net Income": -1
    },
    "2012-06-30": {
        "Diluted EPS": -7.0,
        "Total Revenue": 8,
        "Gross Profit": 2,
        "Operating Income": -1,
        "EBIT": 0,
        "Net Income": -1
    },
    "2012-03-31": {
        "Diluted EPS": -20.99,
        "Total Revenue": 5,
        "Gross Profit": 1,
        "Operating Income": -2,
        "EBIT": -1,
        "Net Income": -2
    },
    "2011-12-31": {
        "Diluted EPS": -7.0,
        "Total Revenue": 6,
        "Gross Profit": 5,
        "Operating Income": 5,
        "EBIT": 6,
        "Net Income": -1
    },
    "2011-09-30": {
        "Diluted EPS": -20.99,
        "Total Revenue": 6,
        "Gross Profit": 1,
        "Operating Income": -1,
        "EBIT": -1,
        "Net Income": -1
    },
    "2011-06-30": {
        "Diluted EPS": -14.0,
        "Total Revenue": 8,
        "Gross Profit": 2,
        "Operating Income": -1,
        "EBIT": -1,
        "Net Income": -1
    },
    "2011-03-31": {
        "Diluted EPS": -41.99,
        "Total Revenue": 5,
        "Gross Profit": 1,
        "Operating Income": -3,
        "EBIT": -2,
        "Net Income": -3
    },
    "2010-12-31": {
        "Diluted EPS": -20.99,
        "Total Revenue": 9,
        "Gross Profit": 2,
        "Operating Income": -3,
        "EBIT": -3,
        "Net Income": -2
    },
    "2010-09-30": {
        "Diluted EPS": -24.49,
        "Total Revenue": 9,
        "Gross Profit": 2,
        "Operating Income": -1,
        "EBIT": -1,
        "Net Income": -2
    },
    "2010-06-30": {
        "Diluted EPS": -27.99,
        "Total Revenue": 9,
        "Gross Profit": 2,
        "Operating Income": -1,
        "EBIT": -1,
        "Net Income": -2
    },
    "2010-03-31": {
        "Diluted EPS": -59.48,
        "Total Revenue": 8,
        "Gross Profit": 1,
        "Operating Income": -2,
        "EBIT": -1,
        "Net Income": -4
    },
    "2009-12-31": {
        "Diluted EPS": -59.48,
        "Total Revenue": 4,
        "Gross Profit": 1,
        "Operating Income": -1,
        "EBIT": -1,
        "Net Income": -3
    },
    "2009-09-30": {
        "Diluted EPS": -59.48,
        "Total Revenue": 3,
        "Gross Profit": 0,
        "Operating Income": -3,
        "EBIT": -2,
        "Net Income": -3
    },
    "2009-06-30": {
        "Diluted EPS": -55.98,
        "Total Revenue": 4,
        "Gross Profit": 1,
        "Operating Income": -2,
        "EBIT": -2,
        "Net Income": -2
    },
    "2009-03-31": {
        "Diluted EPS": -73.48,
        "Total Revenue": 3,
        "Gross Profit": 0,
        "Operating Income": -3,
        "EBIT": -3,
        "Net Income": -3
    },
    "2023-06-30": {
        "Tax Effect Of Unusual Items": 0.0,
        "Tax Rate For Calcs": 0.0,
        "Normalized EBITDA": -1090000.0,
        "Total Unusual Items": NaN,
        "Total Unusual Items Excluding Goodwill": NaN,
        "Net Income From Continuing Operation Net Minority Interest": -1167000.0,
        "Reconciled Depreciation": 8000.0,
        "Reconciled Cost Of Revenue": 876000.0,
        "EBITDA": -1090000.0,
        "EBIT": -1098000.0,
        "Net Interest Income": -69000.0,
        "Interest Expense": 69000.0,
        "Normalized Income": -1167000.0,
        "Net Income From Continuing And Discontinued Operation": -1167000.0,
        "Total Expenses": 2155000.0,
        "Total Operating Income As Reported": -1100000.0,
        "Diluted NI Availto Com Stockholders": -1167000.0,
        "Net Income Common Stockholders": -1167000.0,
        "Net Income": -1167000.0,
        "Net Income Including Noncontrolling Interests": -1167000.0,
        "Net Income Continuous Operations": -1167000.0,
        "Pretax Income": -1167000.0,
        "Other Income Expense": 2000.0,
        "Other Non Operating Income Expenses": 2000.0,
        "Special Income Charges": NaN,
        "Impairment Of Capital Assets": NaN,
        "Restructuring And Mergern Acquisition": NaN,
        "Net Non Operating Interest Income Expense": -69000.0,
        "Interest Expense Non Operating": 69000.0,
        "Operating Income": -1100000.0,
        "Operating Expense": 1279000.0,
        "Research And Development": 147000.0,
        "Selling General And Administration": 1132000.0,
        "Gross Profit": 179000.0,
        "Cost Of Revenue": 876000.0,
        "Total Revenue": 1055000.0,
        "Operating Revenue": 1055000.0
    },
    "2023-09-30": {
        "Tax Effect Of Unusual Items": 0.0,
        "Tax Rate For Calcs": 0.0,
        "Normalized EBITDA": -902000.0,
        "Total Unusual Items": 0.0,
        "Total Unusual Items Excluding Goodwill": 0.0,
        "Net Income From Continuing Operation Net Minority Interest": -944000.0,
        "Reconciled Depreciation": 8000.0,
        "Reconciled Cost Of Revenue": 1387000.0,
        "EBITDA": -902000.0,
        "EBIT": -910000.0,
        "Net Interest Income": -34000.0,
        "Interest Expense": 34000.0,
        "Normalized Income": -944000.0,
        "Net Income From Continuing And Discontinued Operation": -944000.0,
        "Total Expenses": 2242000.0,
        "Total Operating Income As Reported": -903000.0,
        "Diluted NI Availto Com Stockholders": -944000.0,
        "Net Income Common Stockholders": -944000.0,
        "Net Income": -944000.0,
        "Net Income Including Noncontrolling Interests": -944000.0,
        "Net Income Continuous Operations": -944000.0,
        "Pretax Income": -944000.0,
        "Other Income Expense": -7000.0,
        "Other Non Operating Income Expenses": -7000.0,
        "Special Income Charges": 0.0,
        "Impairment Of Capital Assets": 0.0,
        "Restructuring And Mergern Acquisition": NaN,
        "Net Non Operating Interest Income Expense": -34000.0,
        "Interest Expense Non Operating": 34000.0,
        "Operating Income": -903000.0,
        "Operating Expense": 855000.0,
        "Research And Development": 142000.0,
        "Selling General And Administration": 713000.0,
        "Gross Profit": -48000.0,
        "Cost Of Revenue": 1387000.0,
        "Total Revenue": 1339000.0,
        "Operating Revenue": 1339000.0
    }
}