{
    "2023-03-31": {
        "Tax Effect Of Unusual Items": 0.0,
        "Tax Rate For Calcs": 0.0,
        "Normalized EBITDA": -9297000.0,
        "Total Unusual Items": 0.0,
        "Total Unusual Items Excluding Goodwill": 0.0,
        "Net Income From Continuing Operation Net Minority Interest": -10014000.0,
        "Reconciled Depreciation": 28000.0,
        "EBITDA": -9297000.0,
        "EBIT": -9325000.0,
        "Net Interest Income": -463000.0,
        "Interest Expense": 689000.0,
        "Interest Income": 226000.0,
        "Normalized Income": -10014000.0,
        "Net Income From Continuing And Discontinued Operation": -10014000.0,
        "Total Expenses": 9536000.0,
        "Total Operating Income As Reported": -9536000.0,
        "Diluted Average Shares": 1680032.0,
        "Basic Average Shares": 1680032.0,
        "Diluted EPS": -5.96,
        "Basic EPS": -5.96,
        "Diluted NI Availto Com Stockholders": -10014000.0,
        "Net Income Common Stockholders": -10014000.0,
        "Net Income": -10014000.0,
        "Net Income Including Noncontrolling Interests": -10014000.0,
        "Net Income Continuous Operations": -10014000.0,
        "Pretax Income": -10014000.0,
        "Other Income Expense": -15000.0,
        "Other Non Operating Income Expenses": -15000.0,
        "Special Income Charges": 0.0,
        "Restructuring And Mergern Acquisition": 0.0,
        "Net Non Operating Interest Income Expense": -463000.0,
        "Interest Expense Non Operating": 689000.0,
        "Interest Income Non Operating": 226000.0,
        "Operating Income": -9536000.0,
        "Operating Expense": 9536000.0,
        "Research And Development": 6609000.0,
        "Selling General And Administration": 2927000.0,
        "General And Administrative Expense": 2927000.0,
        "Other Gand A": 2927000.0,
        "Total Revenue": 0.0,
        "Operating Revenue": 0.0
    },
    "2022-12-31": {
        "Tax Effect Of Unusual Items": 0.0,
        "Tax Rate For Calcs": 0.0,
        "Normalized EBITDA": -8536000.0,
        "Total Unusual Items": 0.0,
        "Total Unusual Items Excluding Goodwill": 0.0,
        "Net Income From Continuing Operation Net Minority Interest": -9260000.0,
        "Reconciled Depreciation": 27000.0,
        "EBITDA": -8536000.0,
        "EBIT": -8563000.0,
        "Net Interest Income": -488000.0,
        "Interest Expense": 697000.0,
        "Interest Income": 209000.0,
        "Normalized Income": -9260000.0,
        "Net Income From Continuing And Discontinued Operation": -9260000.0,
        "Total Expenses": 8723000.0,
        "Total Operating Income As Reported": -8723000.0,
        "Diluted Average Shares": 1662882.0,
        "Basic Average Shares": 1662882.0,
        "Diluted EPS": -5.5,
        "Basic EPS": -5.5,
        "Diluted NI Availto Com Stockholders": -9260000.0,
        "Net Income Common Stockholders": -9260000.0,
        "Net Income": -9260000.0,
        "Net Income Including Noncontrolling Interests": -9260000.0,
        "Net Income Continuous Operations": -9260000.0,
        "Pretax Income": -9260000.0,
        "Other Income Expense": -49000.0,
        "Other Non Operating Income Expenses": -49000.0,
        "Special Income Charges": 0.0,
        "Restructuring And Mergern Acquisition": 0.0,
        "Net Non Operating Interest Income Expense": -488000.0,
        "Interest Expense Non Operating": 697000.0,
        "Interest Income Non Operating": 209000.0,
        "Operating Income": -8723000.0,
        "Operating Expense": 8723000.0,
        "Other Operating Expenses": -675000.0,
        "Research And Development": 6650000.0,
        "Selling General And Administration": 2748000.0,
        "General And Administrative Expense": 2748000.0,
        "Other Gand A": 2748000.0,
        "Total Revenue": 0.0,
        "Operating Revenue": 0.0
    },
    "2022-09-30": {
        "Tax Effect Of Unusual Items": 0.0,
        "Tax Rate For Calcs": 0.0,
        "Normalized EBITDA": -9053000.0,
        "Total Unusual Items": 82000.0,
        "Total Unusual Items Excluding Goodwill": 82000.0,
        "Net Income From Continuing Operation Net Minority Interest": -9559000.0,
        "Reconciled Depreciation": 18000.0,
        "EBITDA": -8971000.0,
        "EBIT": -8989000.0,
        "Net Interest Income": -428000.0,
        "Interest Expense": 570000.0,
        "Interest Income": 142000.0,
        "Normalized Income": -9641000.0,
        "Net Income From Continuing And Discontinued Operation": -9559000.0,
        "Total Expenses": 9251000.0,
        "Total Operating Income As Reported": -9251000.0,
        "Diluted Average Shares": 41171990.0,
        "Basic Average Shares": 41171990.0,
        "Diluted EPS": -0.23,
        "Basic EPS": -0.23,
        "Diluted NI Availto Com Stockholders": -9559000.0,
        "Average Dilution Earnings": 0.0,
        "Net Income Common Stockholders": -9559000.0,
        "Net Income": -9559000.0,
        "Net Income Including Noncontrolling Interests": -9559000.0,
        "Net Income Continuous Operations": -9559000.0,
        "Pretax Income": -9559000.0,
        "Other Income Expense": 120000.0,
        "Other Non Operating Income Expenses": 38000.0,
        "Special Income Charges": 82000.0,
        "Restructuring And Mergern Acquisition": -82000.0,
        "Net Non Operating Interest Income Expense": -428000.0,
        "Interest Expense Non Operating": 570000.0,
        "Interest Income Non Operating": 142000.0,
        "Operating Income": -9251000.0,
        "Operating Expense": 9251000.0,
        "Other Operating Expenses": -867000.0,
        "Research And Development": 6632000.0,
        "Selling General And Administration": 3486000.0,
        "General And Administrative Expense": 3486000.0,
        "Other Gand A": 3486000.0,
        "Total Revenue": 0.0,
        "Operating Revenue": 0.0
    },
    "2022-06-30": {
        "Tax Effect Of Unusual Items": 0.0,
        "Tax Rate For Calcs": 0.0,
        "Normalized EBITDA": -7691000.0,
        "Total Unusual Items": 1284000.0,
        "Total Unusual Items Excluding Goodwill": 1284000.0,
        "Net Income From Continuing Operation Net Minority Interest": -6915000.0,
        "Reconciled Depreciation": 3000.0,
        "EBITDA": -6407000.0,
        "EBIT": -6410000.0,
        "Net Interest Income": -441000.0,
        "Interest Expense": 505000.0,
        "Interest Income": 64000.0,
        "Normalized Income": -8199000.0,
        "Net Income From Continuing And Discontinued Operation": -6915000.0,
        "Total Expenses": 7881000.0,
        "Total Operating Income As Reported": -7881000.0,
        "Diluted Average Shares": 41118727.0,
        "Basic Average Shares": 41118727.0,
        "Diluted EPS": -0.17,
        "Basic EPS": -0.17,
        "Diluted NI Availto Com Stockholders": -6915000.0,
        "Average Dilution Earnings": NaN,
        "Net Income Common Stockholders": -6915000.0,
        "Net Income": -6915000.0,
        "Net Income Including Noncontrolling Interests": -6915000.0,
        "Net Income Continuous Operations": -6915000.0,
        "Pretax Income": -6915000.0,
        "Other Income Expense": 1407000.0,
        "Other Non Operating Income Expenses": 123000.0,
        "Special Income Charges": 1284000.0,
        "Restructuring And Mergern Acquisition": -1284000.0,
        "Net Non Operating Interest Income Expense": -441000.0,
        "Interest Expense Non Operating": 505000.0,
        "Interest Income Non Operating": 64000.0,
        "Operating Income": -7881000.0,
        "Operating Expense": 7881000.0,
        "Other Operating Expenses": -2011000.0,
        "Research And Development": 6919000.0,
        "Selling General And Administration": 2973000.0,
        "General And Administrative Expense": 2973000.0,
        "Other Gand A": 2973000.0,
        "Total Revenue": 0.0,
        "Operating Revenue": 0.0
    },
    "2022-03-31": {
        "Diluted EPS": 0.07,
        "Total Revenue": NaN,
        "Gross Profit": NaN,
        "Operating Income": -7,
        "EBIT": -6,
        "Net Income": 3
    },
    "2021-12-31": {
        "Diluted EPS": 8.4,
        "Total Revenue": 0,
        "Gross Profit": 0,
        "Operating Income": -12,
        "EBIT": -12,
        "Net Income": 19
    },
    "2021-09-30": {
        "Diluted EPS": 0.42,
        "Total Revenue": 0,
        "Gross Profit": 0,
        "Operating Income": -9,
        "EBIT": -9,
        "Net Income": 9
    },
    "2021-06-30": {
        "Diluted EPS": -3.83,
        "Total Revenue": 1,
        "Gross Profit": 1,
        "Operating Income": -5,
        "EBIT": -5,
        "Net Income": -6
    },
    "2021-03-31": {
        "Diluted EPS": -4.55,
        "Total Revenue": NaN,
        "Gross Profit": NaN,
        "Operating Income": -6,
        "EBIT": -6,
        "Net Income": -7
    },
    "2020-12-31": {
        "Diluted EPS": 0.0,
        "Total Revenue": NaN,
        "Gross Profit": NaN,
        "Operating Income": NaN,
        "EBIT": NaN,
        "Net Income": NaN
    },
    "2020-09-30": {
        "Diluted EPS": -5.29,
        "Total Revenue": 1,
        "Gross Profit": 1,
        "Operating Income": -7,
        "EBIT": -7,
        "Net Income": -8
    },
    "2023-06-30": {
        "Tax Effect Of Unusual Items": 0.0,
        "Tax Rate For Calcs": 0.0,
        "Normalized EBITDA": -7615000.0,
        "Total Unusual Items": 0.0,
        "Total Unusual Items Excluding Goodwill": 0.0,
        "Net Income From Continuing Operation Net Minority Interest": -8364000.0,
        "Reconciled Depreciation": 27000.0,
        "EBITDA": -7615000.0,
        "EBIT": -7642000.0,
        "Net Interest Income": -495000.0,
        "Interest Expense": 722000.0,
        "Interest Income": 227000.0,
        "Normalized Income": -8364000.0,
        "Net Income From Continuing And Discontinued Operation": -8364000.0,
        "Total Expenses": 7855000.0,
        "Total Operating Income As Reported": -7855000.0,
        "Diluted Average Shares": 1913145.0,
        "Basic Average Shares": 1913145.0,
        "Diluted EPS": -4.25,
        "Basic EPS": -4.25,
        "Diluted NI Availto Com Stockholders": -8364000.0,
        "Net Income Common Stockholders": -8364000.0,
        "Net Income": -8364000.0,
        "Net Income Including Noncontrolling Interests": -8364000.0,
        "Net Income Continuous Operations": -8364000.0,
        "Pretax Income": -8364000.0,
        "Other Income Expense": -14000.0,
        "Other Non Operating Income Expenses": -14000.0,
        "Special Income Charges": 0.0,
        "Restructuring And Mergern Acquisition": 0.0,
        "Net Non Operating Interest Income Expense": -495000.0,
        "Interest Expense Non Operating": 722000.0,
        "Interest Income Non Operating": 227000.0,
        "Operating Income": -7855000.0,
        "Operating Expense": 7855000.0,
        "Research And Development": 4881000.0,
        "Selling General And Administration": 2974000.0,
        "General And Administrative Expense": 2974000.0,
        "Other Gand A": 2974000.0,
        "Total Revenue": 0.0,
        "Operating Revenue": 0.0
    },
    "2023-09-30": {
        "Tax Effect Of Unusual Items": 0.0,
        "Tax Rate For Calcs": 0.0,
        "Normalized EBITDA": -7533000.0,
        "Total Unusual Items": 6000.0,
        "Total Unusual Items Excluding Goodwill": 6000.0,
        "Net Income From Continuing Operation Net Minority Interest": -8303000.0,
        "Reconciled Depreciation": 26000.0,
        "EBITDA": -7527000.0,
        "EBIT": -7553000.0,
        "Net Interest Income": -454000.0,
        "Interest Expense": 750000.0,
        "Interest Income": 296000.0,
        "Normalized Income": -8309000.0,
        "Net Income From Continuing And Discontinued Operation": -8303000.0,
        "Total Expenses": 7855000.0,
        "Total Operating Income As Reported": -7855000.0,
        "Diluted Average Shares": 2470718.0,
        "Basic Average Shares": 2470718.0,
        "Diluted EPS": -3.25,
        "Basic EPS": -3.25,
        "Diluted NI Availto Com Stockholders": -8303000.0,
        "Net Income Common Stockholders": -8303000.0,
        "Net Income": -8303000.0,
        "Net Income Including Noncontrolling Interests": -8303000.0,
        "Net Income Continuous Operations": -8303000.0,
        "Pretax Income": -8303000.0,
        "Other Income Expense": 6000.0,
        "Other Non Operating Income Expenses": NaN,
        "Special Income Charges": 6000.0,
        "Restructuring And Mergern Acquisition": -6000.0,
        "Net Non Operating Interest Income Expense": -454000.0,
        "Interest Expense Non Operating": 750000.0,
        "Interest Income Non Operating": 296000.0,
        "Operating Income": -7855000.0,
        "Operating Expense": 7855000.0,
        "Research And Development": 5355000.0,
        "Selling General And Administration": 2500000.0,
        "General And Administrative Expense": 2500000.0,
        "Other Gand A": 2500000.0,
        "Total Revenue": 0.0,
        "Operating Revenue": 0.0
    },
    "2023-12-31": {
        "Tax Effect Of Unusual Items": 0.0,
        "Tax Rate For Calcs": 0.0,
        "Normalized EBITDA": -8342000.0,
        "Total Unusual Items": 0.0,
        "Total Unusual Items Excluding Goodwill": 0.0,
        "Net Income From Continuing Operation Net Minority Interest": -9130000.0,
        "Reconciled Depreciation": 30000.0,
        "EBITDA": -8342000.0,
        "EBIT": -8372000.0,
        "Net Interest Income": -535000.0,
        "Interest Expense": 758000.0,
        "Interest Income": 223000.0,
        "Normalized Income": -9130000.0,
        "Net Income From Continuing And Discontinued Operation": -9130000.0,
        "Total Expenses": 8598000.0,
        "Total Operating Income As Reported": -8598000.0,
        "Diluted Average Shares": 2669960.0,
        "Basic Average Shares": 2669960.0,
        "Diluted EPS": -3.42,
        "Basic EPS": -3.42,
        "Diluted NI Availto Com Stockholders": -9130000.0,
        "Net Income Common Stockholders": -9130000.0,
        "Net Income": -9130000.0,
        "Net Income Including Noncontrolling Interests": -9130000.0,
        "Net Income Continuous Operations": -9130000.0,
        "Pretax Income": -9130000.0,
        "Other Income Expense": 3000.0,
        "Other Non Operating Income Expenses": 3000.0,
        "Special Income Charges": 0.0,
        "Restructuring And Mergern Acquisition": 0.0,
        "Net Non Operating Interest Income Expense": -535000.0,
        "Interest Expense Non Operating": 758000.0,
        "Interest Income Non Operating": 223000.0,
        "Operating Income": -8598000.0,
        "Operating Expense": 8598000.0,
        "Research And Development": 6074000.0,
        "Selling General And Administration": 2524000.0,
        "General And Administrative Expense": 2524000.0,
        "Other Gand A": 2524000.0,
        "Total Revenue": 0.0,
        "Operating Revenue": 0.0
    },
    "2024-03-31": {
        "Tax Effect Of Unusual Items": 0.0,
        "Tax Rate For Calcs": 0.0,
        "Normalized EBITDA": -8057000.0,
        "Total Unusual Items": NaN,
        "Total Unusual Items Excluding Goodwill": NaN,
        "Net Income From Continuing Operation Net Minority Interest": -8834000.0,
        "Reconciled Depreciation": 28000.0,
        "EBITDA": -8057000.0,
        "EBIT": -8085000.0,
        "Net Interest Income": -426000.0,
        "Interest Expense": 749000.0,
        "Interest Income": 323000.0,
        "Normalized Income": -8834000.0,
        "Net Income From Continuing And Discontinued Operation": -8834000.0,
        "Total Expenses": 8396000.0,
        "Total Operating Income As Reported": -8396000.0,
        "Diluted Average Shares": 4081580.0,
        "Basic Average Shares": 4081580.0,
        "Diluted EPS": -2.16,
        "Basic EPS": -2.16,
        "Diluted NI Availto Com Stockholders": -8834000.0,
        "Net Income Common Stockholders": -8834000.0,
        "Net Income": -8834000.0,
        "Net Income Including Noncontrolling Interests": -8834000.0,
        "Net Income Continuous Operations": -8834000.0,
        "Pretax Income": -8834000.0,
        "Other Income Expense": -12000.0,
        "Other Non Operating Income Expenses": -12000.0,
        "Special Income Charges": NaN,
        "Restructuring And Mergern Acquisition": NaN,
        "Net Non Operating Interest Income Expense": -426000.0,
        "Interest Expense Non Operating": 749000.0,
        "Interest Income Non Operating": 323000.0,
        "Operating Income": -8396000.0,
        "Operating Expense": 8396000.0,
        "Research And Development": 5306000.0,
        "Selling General And Administration": 3090000.0,
        "General And Administrative Expense": 3090000.0,
        "Other Gand A": 3090000.0,
        "Total Revenue": 0.0,
        "Operating Revenue": 0.0
    }
}