{
    "2023-03-31": {
        "Tax Effect Of Unusual Items": -24000.0,
        "Tax Rate For Calcs": 0.25,
        "Normalized EBITDA": -74112000.0,
        "Total Unusual Items": -96000.0,
        "Total Unusual Items Excluding Goodwill": -96000.0,
        "Net Income From Continuing Operation Net Minority Interest": -86825000.0,
        "Reconciled Cost Of Revenue": 8007000.0,
        "EBITDA": -74208000.0,
        "EBIT": -74208000.0,
        "Net Interest Income": -11754000.0,
        "Interest Expense": 12737000.0,
        "Interest Income": 983000.0,
        "Normalized Income": -86753000.0,
        "Net Income From Continuing And Discontinued Operation": -86825000.0,
        "Total Expenses": 97947000.0,
        "Total Operating Income As Reported": -75746000.0,
        "Diluted Average Shares": 58774500.0,
        "Basic Average Shares": 58774500.0,
        "Diluted EPS": -1.48,
        "Basic EPS": -1.48,
        "Diluted NI Availto Com Stockholders": -86825000.0,
        "Net Income Common Stockholders": -86825000.0,
        "Net Income": -86825000.0,
        "Minority Interests": 211000.0,
        "Net Income Including Noncontrolling Interests": -87036000.0,
        "Net Income Continuous Operations": -87036000.0,
        "Earnings From Equity Interest Net Of Tax": -90000.0,
        "Tax Provision": 1000.0,
        "Pretax Income": -86945000.0,
        "Other Income Expense": 555000.0,
        "Other Non Operating Income Expenses": 651000.0,
        "Gain On Sale Of Security": -96000.0,
        "Net Non Operating Interest Income Expense": -11754000.0,
        "Interest Expense Non Operating": 12737000.0,
        "Interest Income Non Operating": 983000.0,
        "Operating Income": -75746000.0,
        "Operating Expense": 89940000.0,
        "Other Operating Expenses": -1605000.0,
        "Research And Development": 54075000.0,
        "Selling General And Administration": 37470000.0,
        "Selling And Marketing Expense": 12474000.0,
        "General And Administrative Expense": 24996000.0,
        "Other Gand A": 24996000.0,
        "Gross Profit": 14194000.0,
        "Cost Of Revenue": 8007000.0,
        "Total Revenue": 22201000.0,
        "Operating Revenue": 22201000.0
    },
    "2022-12-31": {
        "Tax Effect Of Unusual Items": 188500.0,
        "Tax Rate For Calcs": 0.25,
        "Normalized EBITDA": -108571000.0,
        "Total Unusual Items": 754000.0,
        "Total Unusual Items Excluding Goodwill": 754000.0,
        "Net Income From Continuing Operation Net Minority Interest": -109882000.0,
        "Reconciled Cost Of Revenue": 5318000.0,
        "EBITDA": -107817000.0,
        "EBIT": -107817000.0,
        "Net Interest Income": -1185000.0,
        "Interest Expense": 2361000.0,
        "Interest Income": 1176000.0,
        "Normalized Income": -110447500.0,
        "Net Income From Continuing And Discontinued Operation": -109882000.0,
        "Total Expenses": 107860000.0,
        "Total Operating Income As Reported": -92177000.0,
        "Diluted Average Shares": 57633000.0,
        "Basic Average Shares": 57633000.0,
        "Diluted EPS": -1.9,
        "Basic EPS": -1.9,
        "Diluted NI Availto Com Stockholders": -109882000.0,
        "Net Income Common Stockholders": -109882000.0,
        "Net Income": -109882000.0,
        "Minority Interests": 221000.0,
        "Net Income Including Noncontrolling Interests": -110103000.0,
        "Net Income Continuous Operations": -110103000.0,
        "Earnings From Equity Interest Net Of Tax": 82000.0,
        "Tax Provision": 7000.0,
        "Pretax Income": -110178000.0,
        "Other Income Expense": -16816000.0,
        "Other Non Operating Income Expenses": -17570000.0,
        "Gain On Sale Of Security": 754000.0,
        "Net Non Operating Interest Income Expense": -1185000.0,
        "Interest Expense Non Operating": 2361000.0,
        "Interest Income Non Operating": 1176000.0,
        "Operating Income": -92177000.0,
        "Operating Expense": 102542000.0,
        "Other Operating Expenses": -1499000.0,
        "Research And Development": 37097000.0,
        "Selling General And Administration": 66944000.0,
        "Selling And Marketing Expense": 15507000.0,
        "General And Administrative Expense": 51437000.0,
        "Other Gand A": 51437000.0,
        "Gross Profit": 10365000.0,
        "Cost Of Revenue": 5318000.0,
        "Total Revenue": 15683000.0,
        "Operating Revenue": 15683000.0
    },
    "2022-09-30": {
        "Tax Effect Of Unusual Items": -320400.0,
        "Tax Rate For Calcs": 0.4,
        "Normalized EBITDA": -75201000.0,
        "Total Unusual Items": -801000.0,
        "Total Unusual Items Excluding Goodwill": -801000.0,
        "Net Income From Continuing Operation Net Minority Interest": -76125000.0,
        "Reconciled Cost Of Revenue": 2801000.0,
        "EBITDA": -76002000.0,
        "EBIT": -76002000.0,
        "Net Interest Income": 441000.0,
        "Interest Expense": 543000.0,
        "Interest Income": 984000.0,
        "Normalized Income": -75644400.0,
        "Net Income From Continuing And Discontinued Operation": -76125000.0,
        "Total Expenses": 81889000.0,
        "Total Operating Income As Reported": -73663000.0,
        "Diluted Average Shares": 57367000.0,
        "Basic Average Shares": 57367000.0,
        "Diluted EPS": -1.32,
        "Basic EPS": -1.32,
        "Diluted NI Availto Com Stockholders": -76125000.0,
        "Net Income Common Stockholders": -76125000.0,
        "Net Income": -76125000.0,
        "Minority Interests": 422000.0,
        "Net Income Including Noncontrolling Interests": -76547000.0,
        "Net Income Continuous Operations": -76547000.0,
        "Earnings From Equity Interest Net Of Tax": 71000.0,
        "Tax Provision": 73000.0,
        "Pretax Income": -76545000.0,
        "Other Income Expense": -3323000.0,
        "Other Non Operating Income Expenses": -2522000.0,
        "Gain On Sale Of Security": -801000.0,
        "Net Non Operating Interest Income Expense": 441000.0,
        "Interest Expense Non Operating": 543000.0,
        "Interest Income Non Operating": 984000.0,
        "Operating Income": -73663000.0,
        "Operating Expense": 79088000.0,
        "Other Operating Expenses": -1393000.0,
        "Research And Development": 31257000.0,
        "Selling General And Administration": 49224000.0,
        "Selling And Marketing Expense": 12669000.0,
        "General And Administrative Expense": 36555000.0,
        "Other Gand A": 36555000.0,
        "Gross Profit": 5425000.0,
        "Cost Of Revenue": 2801000.0,
        "Total Revenue": 8226000.0,
        "Operating Revenue": 8226000.0
    },
    "2022-06-30": {
        "Tax Effect Of Unusual Items": -407200.0,
        "Tax Rate For Calcs": 0.4,
        "Normalized EBITDA": -72436000.0,
        "Total Unusual Items": -1018000.0,
        "Total Unusual Items Excluding Goodwill": -1018000.0,
        "Net Income From Continuing Operation Net Minority Interest": -73553000.0,
        "Reconciled Cost Of Revenue": 4805000.0,
        "EBITDA": -73454000.0,
        "EBIT": -73454000.0,
        "Net Interest Income": 699000.0,
        "Interest Expense": 440000.0,
        "Interest Income": 1139000.0,
        "Normalized Income": -72942200.0,
        "Net Income From Continuing And Discontinued Operation": -73553000.0,
        "Total Expenses": 88914000.0,
        "Total Operating Income As Reported": -74296000.0,
        "Diluted Average Shares": 57205000.0,
        "Basic Average Shares": 57205000.0,
        "Diluted EPS": -1.28,
        "Basic EPS": -1.28,
        "Diluted NI Availto Com Stockholders": -73553000.0,
        "Net Income Common Stockholders": -73553000.0,
        "Net Income": -73553000.0,
        "Minority Interests": 312000.0,
        "Net Income Including Noncontrolling Interests": -73865000.0,
        "Net Income Continuous Operations": -73865000.0,
        "Earnings From Equity Interest Net Of Tax": 30000.0,
        "Tax Provision": 1000.0,
        "Pretax Income": -73894000.0,
        "Other Income Expense": -297000.0,
        "Other Non Operating Income Expenses": 721000.0,
        "Gain On Sale Of Security": -1018000.0,
        "Net Non Operating Interest Income Expense": 699000.0,
        "Interest Expense Non Operating": 440000.0,
        "Interest Income Non Operating": 1139000.0,
        "Operating Income": -74296000.0,
        "Operating Expense": 84109000.0,
        "Other Operating Expenses": -2424000.0,
        "Research And Development": 34727000.0,
        "Selling General And Administration": 51806000.0,
        "Selling And Marketing Expense": 12243000.0,
        "General And Administrative Expense": 39563000.0,
        "Other Gand A": 39563000.0,
        "Gross Profit": 9813000.0,
        "Cost Of Revenue": 4805000.0,
        "Total Revenue": 14618000.0,
        "Operating Revenue": 14618000.0
    },
    "2023-06-30": {
        "Tax Effect Of Unusual Items": -257000.0,
        "Tax Rate For Calcs": 0.25,
        "Normalized EBITDA": -72264000.0,
        "Total Unusual Items": -1028000.0,
        "Total Unusual Items Excluding Goodwill": -1028000.0,
        "Net Income From Continuing Operation Net Minority Interest": -75563000.0,
        "Reconciled Cost Of Revenue": 3986000.0,
        "EBITDA": -73292000.0,
        "EBIT": -73292000.0,
        "Net Interest Income": 150000.0,
        "Interest Expense": 816000.0,
        "Interest Income": 966000.0,
        "Normalized Income": -74792000.0,
        "Net Income From Continuing And Discontinued Operation": -75563000.0,
        "Total Expenses": 85311000.0,
        "Total Operating Income As Reported": -75305000.0,
        "Diluted Average Shares": 60079500.0,
        "Basic Average Shares": 60079500.0,
        "Diluted EPS": -1.26,
        "Basic EPS": -1.26,
        "Diluted NI Availto Com Stockholders": -75563000.0,
        "Net Income Common Stockholders": -75563000.0,
        "Net Income": -75563000.0,
        "Minority Interests": 165000.0,
        "Net Income Including Noncontrolling Interests": -75728000.0,
        "Net Income Continuous Operations": -75728000.0,
        "Earnings From Equity Interest Net Of Tax": -1607000.0,
        "Tax Provision": 13000.0,
        "Pretax Income": -74108000.0,
        "Other Income Expense": 1047000.0,
        "Other Non Operating Income Expenses": 2075000.0,
        "Gain On Sale Of Security": -1028000.0,
        "Net Non Operating Interest Income Expense": 150000.0,
        "Interest Expense Non Operating": 816000.0,
        "Interest Income Non Operating": 966000.0,
        "Operating Income": -75305000.0,
        "Operating Expense": 81325000.0,
        "Other Operating Expenses": -676000.0,
        "Research And Development": 37414000.0,
        "Selling General And Administration": 44587000.0,
        "Selling And Marketing Expense": 13526000.0,
        "General And Administrative Expense": 31061000.0,
        "Other Gand A": 31061000.0,
        "Gross Profit": 6020000.0,
        "Cost Of Revenue": 3986000.0,
        "Total Revenue": 10006000.0,
        "Operating Revenue": 10006000.0
    },
    "2023-09-30": {
        "Tax Effect Of Unusual Items": 205250.0,
        "Tax Rate For Calcs": 0.25,
        "Normalized EBITDA": -66839000.0,
        "Total Unusual Items": 821000.0,
        "Total Unusual Items Excluding Goodwill": 821000.0,
        "Net Income From Continuing Operation Net Minority Interest": -67048000.0,
        "Reconciled Cost Of Revenue": 10136000.0,
        "EBITDA": -66018000.0,
        "EBIT": -66018000.0,
        "Net Interest Income": 1478000.0,
        "Interest Expense": 718000.0,
        "Interest Income": 2196000.0,
        "Normalized Income": -67663750.0,
        "Net Income From Continuing And Discontinued Operation": -67048000.0,
        "Total Expenses": 98624000.0,
        "Total Operating Income As Reported": -70009000.0,
        "Diluted Average Shares": 61933000.0,
        "Basic Average Shares": 61933000.0,
        "Diluted EPS": -1.08,
        "Basic EPS": -1.08,
        "Diluted NI Availto Com Stockholders": -67048000.0,
        "Net Income Common Stockholders": -67048000.0,
        "Net Income": -67048000.0,
        "Minority Interests": 68000.0,
        "Net Income Including Noncontrolling Interests": -67116000.0,
        "Net Income Continuous Operations": -67116000.0,
        "Earnings From Equity Interest Net Of Tax": -262000.0,
        "Tax Provision": 118000.0,
        "Pretax Income": -66736000.0,
        "Other Income Expense": 1795000.0,
        "Other Non Operating Income Expenses": 974000.0,
        "Gain On Sale Of Security": 821000.0,
        "Net Non Operating Interest Income Expense": 1478000.0,
        "Interest Expense Non Operating": 718000.0,
        "Interest Income Non Operating": 2196000.0,
        "Operating Income": -70009000.0,
        "Operating Expense": 88488000.0,
        "Other Operating Expenses": -1284000.0,
        "Research And Development": 37686000.0,
        "Selling General And Administration": 52086000.0,
        "Selling And Marketing Expense": 13677000.0,
        "General And Administrative Expense": 38409000.0,
        "Other Gand A": 38409000.0,
        "Gross Profit": 18479000.0,
        "Cost Of Revenue": 10136000.0,
        "Total Revenue": 28615000.0,
        "Operating Revenue": 28615000.0
    },
    "2023-12-31": {
        "Tax Effect Of Unusual Items": 174250.0,
        "Tax Rate For Calcs": 0.25,
        "Normalized EBITDA": -72801000.0,
        "Total Unusual Items": 697000.0,
        "Total Unusual Items Excluding Goodwill": 697000.0,
        "Net Income From Continuing Operation Net Minority Interest": -72264000.0,
        "Reconciled Cost Of Revenue": 19986000.0,
        "EBITDA": -72104000.0,
        "EBIT": -72104000.0,
        "Net Interest Income": 3657000.0,
        "Interest Expense": 682000.0,
        "Interest Income": 4339000.0,
        "Normalized Income": -72786750.0,
        "Net Income From Continuing And Discontinued Operation": -72264000.0,
        "Total Expenses": 131796000.0,
        "Total Operating Income As Reported": -75192000.0,
        "Diluted Average Shares": 63505741.0,
        "Basic Average Shares": 63505741.0,
        "Diluted EPS": -1.137913,
        "Basic EPS": -1.137913,
        "Diluted NI Availto Com Stockholders": -72264000.0,
        "Net Income Common Stockholders": -72264000.0,
        "Net Income": -72264000.0,
        "Minority Interests": 197000.0,
        "Net Income Including Noncontrolling Interests": -72461000.0,
        "Net Income Continuous Operations": -72461000.0,
        "Earnings From Equity Interest Net Of Tax": 399000.0,
        "Tax Provision": 74000.0,
        "Pretax Income": -72786000.0,
        "Other Income Expense": -1251000.0,
        "Other Non Operating Income Expenses": -1948000.0,
        "Gain On Sale Of Security": 697000.0,
        "Net Non Operating Interest Income Expense": 3657000.0,
        "Interest Expense Non Operating": 682000.0,
        "Interest Income Non Operating": 4339000.0,
        "Operating Income": -75192000.0,
        "Operating Expense": 111810000.0,
        "Other Operating Expenses": -2668000.0,
        "Research And Development": 38140000.0,
        "Selling General And Administration": 76338000.0,
        "Selling And Marketing Expense": 20712000.0,
        "General And Administrative Expense": 55626000.0,
        "Other Gand A": 55626000.0,
        "Gross Profit": 36618000.0,
        "Cost Of Revenue": 19986000.0,
        "Total Revenue": 56604000.0,
        "Operating Revenue": 56604000.0
    },
    "2024-03-31": {
        "Tax Effect Of Unusual Items": -98000.0,
        "Tax Rate For Calcs": 0.4,
        "Normalized EBITDA": -61937000.0,
        "Total Unusual Items": -245000.0,
        "Total Unusual Items Excluding Goodwill": -245000.0,
        "Net Income From Continuing Operation Net Minority Interest": -63325000.0,
        "Reconciled Cost Of Revenue": 23536000.0,
        "EBITDA": -62182000.0,
        "EBIT": -62182000.0,
        "Net Interest Income": 2005000.0,
        "Interest Expense": 859000.0,
        "Interest Income": 2864000.0,
        "Normalized Income": -63178000.0,
        "Net Income From Continuing And Discontinued Operation": -63325000.0,
        "Total Expenses": 127565000.0,
        "Total Operating Income As Reported": -65838000.0,
        "Diluted Average Shares": 63352000.0,
        "Basic Average Shares": 63352000.0,
        "Diluted EPS": -1.0,
        "Basic EPS": -1.0,
        "Diluted NI Availto Com Stockholders": -63325000.0,
        "Net Income Common Stockholders": -63325000.0,
        "Net Income": -63325000.0,
        "Minority Interests": 64000.0,
        "Net Income Including Noncontrolling Interests": -63389000.0,
        "Net Income Continuous Operations": -63389000.0,
        "Earnings From Equity Interest Net Of Tax": -347000.0,
        "Tax Provision": 1000.0,
        "Pretax Income": -63041000.0,
        "Other Income Expense": 792000.0,
        "Other Non Operating Income Expenses": 1037000.0,
        "Gain On Sale Of Security": -245000.0,
        "Net Non Operating Interest Income Expense": 2005000.0,
        "Interest Expense Non Operating": 859000.0,
        "Interest Income Non Operating": 2864000.0,
        "Operating Income": -65838000.0,
        "Operating Expense": 104029000.0,
        "Other Operating Expenses": -3707000.0,
        "Research And Development": 37836000.0,
        "Selling General And Administration": 69900000.0,
        "Selling And Marketing Expense": 20224000.0,
        "General And Administrative Expense": 49676000.0,
        "Other Gand A": 49676000.0,
        "Gross Profit": 38191000.0,
        "Cost Of Revenue": 23536000.0,
        "Total Revenue": 61727000.0,
        "Operating Revenue": 61727000.0
    }
}