{
    "2023-06-30": {
        "Tax Effect Of Unusual Items": 4323913.043478,
        "Tax Rate For Calcs": 0.11087,
        "Normalized EBITDA": 1508000000.0,
        "Total Unusual Items": 39000000.0,
        "Total Unusual Items Excluding Goodwill": 39000000.0,
        "Net Income From Continuing Operation Net Minority Interest": 380000000.0,
        "Reconciled Depreciation": 695000000.0,
        "Reconciled Cost Of Revenue": 2343000000.0,
        "EBITDA": 1547000000.0,
        "EBIT": 852000000.0,
        "Net Interest Income": -326000000.0,
        "Interest Expense": 392000000.0,
        "Interest Income": 66000000.0,
        "Normalized Income": 345323913.043478,
        "Net Income From Continuing And Discontinued Operation": 380000000.0,
        "Total Expenses": 3214000000.0,
        "Total Operating Income As Reported": 724000000.0,
        "Diluted Average Shares": 385000000.0,
        "Basic Average Shares": 383000000.0,
        "Diluted EPS": 0.92,
        "Basic EPS": 0.92,
        "Diluted NI Availto Com Stockholders": 354000000.0,
        "Net Income Common Stockholders": 354000000.0,
        "Preferred Stock Dividends": 26000000.0,
        "Net Income": 380000000.0,
        "Minority Interests": -29000000.0,
        "Net Income Including Noncontrolling Interests": 409000000.0,
        "Net Income Continuous Operations": 409000000.0,
        "Tax Provision": 51000000.0,
        "Pretax Income": 460000000.0,
        "Other Income Expense": 36000000.0,
        "Other Non Operating Income Expenses": -3000000.0,
        "Special Income Charges": 39000000.0,
        "Other Special Charges": -39000000.0,
        "Impairment Of Capital Assets": 0.0,
        "Gain On Sale Of Security": NaN,
        "Net Non Operating Interest Income Expense": -326000000.0,
        "Interest Expense Non Operating": 392000000.0,
        "Interest Income Non Operating": 66000000.0,
        "Operating Income": 750000000.0,
        "Operating Expense": 826000000.0,
        "Other Taxes": 149000000.0,
        "Depreciation Amortization Depletion Income Statement": 650000000.0,
        "Depreciation And Amortization In Income Statement": 650000000.0,
        "Selling General And Administration": 27000000.0,
        "General And Administrative Expense": 27000000.0,
        "Insurance And Claims": 53000000.0,
        "Salaries And Wages": -26000000.0,
        "Gross Profit": 1576000000.0,
        "Cost Of Revenue": 2388000000.0,
        "Total Revenue": 3964000000.0,
        "Operating Revenue": 3964000000.0
    },
    "2023-03-31": {
        "Tax Effect Of Unusual Items": NaN,
        "Tax Rate For Calcs": NaN,
        "Normalized EBITDA": NaN,
        "Total Unusual Items": NaN,
        "Total Unusual Items Excluding Goodwill": NaN,
        "Net Income From Continuing Operation Net Minority Interest": NaN,
        "Reconciled Depreciation": NaN,
        "Reconciled Cost Of Revenue": NaN,
        "EBITDA": NaN,
        "EBIT": NaN,
        "Net Interest Income": NaN,
        "Interest Expense": NaN,
        "Interest Income": NaN,
        "Normalized Income": NaN,
        "Net Income From Continuing And Discontinued Operation": NaN,
        "Total Expenses": NaN,
        "Total Operating Income As Reported": NaN,
        "Diluted Average Shares": 384000000.0,
        "Basic Average Shares": 383000000.0,
        "Diluted EPS": 0.81,
        "Basic EPS": 0.81,
        "Diluted NI Availto Com Stockholders": NaN,
        "Net Income Common Stockholders": NaN,
        "Preferred Stock Dividends": NaN,
        "Net Income": NaN,
        "Minority Interests": NaN,
        "Net Income Including Noncontrolling Interests": NaN,
        "Net Income Continuous Operations": NaN,
        "Tax Provision": NaN,
        "Pretax Income": NaN,
        "Other Income Expense": NaN,
        "Other Non Operating Income Expenses": NaN,
        "Special Income Charges": NaN,
        "Other Special Charges": NaN,
        "Impairment Of Capital Assets": NaN,
        "Gain On Sale Of Security": -3000000.0,
        "Net Non Operating Interest Income Expense": NaN,
        "Interest Expense Non Operating": NaN,
        "Interest Income Non Operating": NaN,
        "Operating Income": NaN,
        "Operating Expense": NaN,
        "Other Taxes": NaN,
        "Depreciation Amortization Depletion Income Statement": NaN,
        "Depreciation And Amortization In Income Statement": NaN,
        "Selling General And Administration": NaN,
        "General And Administrative Expense": NaN,
        "Insurance And Claims": NaN,
        "Salaries And Wages": NaN,
        "Gross Profit": NaN,
        "Cost Of Revenue": NaN,
        "Total Revenue": NaN,
        "Operating Revenue": NaN
    },
    "2022-12-31": {
        "Tax Effect Of Unusual Items": NaN,
        "Tax Rate For Calcs": NaN,
        "Normalized EBITDA": NaN,
        "Total Unusual Items": NaN,
        "Total Unusual Items Excluding Goodwill": NaN,
        "Net Income From Continuing Operation Net Minority Interest": NaN,
        "Reconciled Depreciation": NaN,
        "Reconciled Cost Of Revenue": NaN,
        "EBITDA": NaN,
        "EBIT": NaN,
        "Net Interest Income": NaN,
        "Interest Expense": NaN,
        "Interest Income": NaN,
        "Normalized Income": NaN,
        "Net Income From Continuing And Discontinued Operation": NaN,
        "Total Expenses": NaN,
        "Total Operating Income As Reported": NaN,
        "Diluted Average Shares": NaN,
        "Basic Average Shares": NaN,
        "Diluted EPS": NaN,
        "Basic EPS": NaN,
        "Diluted NI Availto Com Stockholders": NaN,
        "Net Income Common Stockholders": NaN,
        "Preferred Stock Dividends": NaN,
        "Net Income": NaN,
        "Minority Interests": NaN,
        "Net Income Including Noncontrolling Interests": NaN,
        "Net Income Continuous Operations": NaN,
        "Tax Provision": NaN,
        "Pretax Income": NaN,
        "Other Income Expense": NaN,
        "Other Non Operating Income Expenses": NaN,
        "Special Income Charges": NaN,
        "Other Special Charges": NaN,
        "Impairment Of Capital Assets": -6000000.0,
        "Gain On Sale Of Security": NaN,
        "Net Non Operating Interest Income Expense": NaN,
        "Interest Expense Non Operating": NaN,
        "Interest Income Non Operating": NaN,
        "Operating Income": NaN,
        "Operating Expense": NaN,
        "Other Taxes": NaN,
        "Depreciation Amortization Depletion Income Statement": NaN,
        "Depreciation And Amortization In Income Statement": NaN,
        "Selling General And Administration": NaN,
        "General And Administrative Expense": NaN,
        "Insurance And Claims": NaN,
        "Salaries And Wages": NaN,
        "Gross Profit": NaN,
        "Cost Of Revenue": NaN,
        "Total Revenue": NaN,
        "Operating Revenue": NaN
    },
    "2022-09-30": {
        "Tax Effect Of Unusual Items": NaN,
        "Tax Rate For Calcs": NaN,
        "Normalized EBITDA": NaN,
        "Total Unusual Items": NaN,
        "Total Unusual Items Excluding Goodwill": NaN,
        "Net Income From Continuing Operation Net Minority Interest": NaN,
        "Reconciled Depreciation": NaN,
        "Reconciled Cost Of Revenue": NaN,
        "EBITDA": NaN,
        "EBIT": NaN,
        "Net Interest Income": NaN,
        "Interest Expense": NaN,
        "Interest Income": NaN,
        "Normalized Income": NaN,
        "Net Income From Continuing And Discontinued Operation": NaN,
        "Total Expenses": NaN,
        "Total Operating Income As Reported": NaN,
        "Diluted Average Shares": 383000000.0,
        "Basic Average Shares": 382000000.0,
        "Diluted EPS": -0.33,
        "Basic EPS": -0.33,
        "Diluted NI Availto Com Stockholders": NaN,
        "Net Income Common Stockholders": NaN,
        "Preferred Stock Dividends": NaN,
        "Net Income": NaN,
        "Net Income Including Noncontrolling Interests": NaN,
        "Net Income Continuous Operations": NaN,
        "Tax Provision": NaN,
        "Pretax Income": NaN,
        "Other Income Expense": NaN,
        "Other Non Operating Income Expenses": NaN,
        "Special Income Charges": NaN,
        "Other Special Charges": NaN,
        "Impairment Of Capital Assets": -1000000.0,
        "Gain On Sale Of Security": 8000000.0,
        "Net Non Operating Interest Income Expense": NaN,
        "Interest Expense Non Operating": NaN,
        "Interest Income Non Operating": NaN,
        "Operating Income": NaN,
        "Operating Expense": NaN,
        "Other Taxes": NaN,
        "Depreciation Amortization Depletion Income Statement": NaN,
        "Depreciation And Amortization In Income Statement": NaN,
        "Selling General And Administration": NaN,
        "General And Administrative Expense": NaN,
        "Insurance And Claims": NaN,
        "Salaries And Wages": NaN,
        "Gross Profit": NaN,
        "Cost Of Revenue": NaN,
        "Total Revenue": NaN,
        "Operating Revenue": NaN
    },
    "2022-06-30": {
        "Tax Effect Of Unusual Items": -936454.849498,
        "Tax Rate For Calcs": 0.023411,
        "Normalized EBITDA": 1211000000.0,
        "Total Unusual Items": -40000000.0,
        "Total Unusual Items Excluding Goodwill": -40000000.0,
        "Net Income From Continuing Operation Net Minority Interest": 292000000.0,
        "Reconciled Depreciation": 592000000.0,
        "Reconciled Cost Of Revenue": 2674000000.0,
        "EBITDA": 1171000000.0,
        "EBIT": 570000000.0,
        "Net Interest Income": -256000000.0,
        "Interest Expense": 271000000.0,
        "Interest Income": 15000000.0,
        "Normalized Income": 331063545.150502,
        "Net Income From Continuing And Discontinued Operation": 292000000.0,
        "Total Expenses": 3441000000.0,
        "Total Operating Income As Reported": 504000000.0,
        "Diluted Average Shares": 383000000.0,
        "Basic Average Shares": 381000000.0,
        "Diluted EPS": 0.63,
        "Basic EPS": 0.63,
        "Diluted NI Availto Com Stockholders": 241000000.0,
        "Net Income Common Stockholders": 241000000.0,
        "Preferred Stock Dividends": 51000000.0,
        "Net Income": 292000000.0,
        "Net Income Including Noncontrolling Interests": 292000000.0,
        "Net Income Continuous Operations": 292000000.0,
        "Tax Provision": 7000000.0,
        "Pretax Income": 299000000.0,
        "Other Income Expense": -12000000.0,
        "Other Non Operating Income Expenses": 28000000.0,
        "Special Income Charges": -36000000.0,
        "Other Special Charges": -27000000.0,
        "Impairment Of Capital Assets": 63000000.0,
        "Gain On Sale Of Security": -4000000.0,
        "Net Non Operating Interest Income Expense": -256000000.0,
        "Interest Expense Non Operating": 271000000.0,
        "Interest Income Non Operating": 15000000.0,
        "Operating Income": 567000000.0,
        "Operating Expense": 776000000.0,
        "Other Taxes": 120000000.0,
        "Depreciation Amortization Depletion Income Statement": 601000000.0,
        "Depreciation And Amortization In Income Statement": 601000000.0,
        "Selling General And Administration": 55000000.0,
        "General And Administrative Expense": 55000000.0,
        "Insurance And Claims": 55000000.0,
        "Gross Profit": 1343000000.0,
        "Cost Of Revenue": 2665000000.0,
        "Total Revenue": 4008000000.0,
        "Operating Revenue": 4008000000.0
    },
    "2022-03-31": {
        "Diluted EPS": 0.22,
        "Total Revenue": NaN,
        "Gross Profit": NaN,
        "Operating Income": 259,
        "EBIT": 936,
        "Net Income": 84
    },
    "2021-12-31": {
        "Diluted EPS": 1.38,
        "Total Revenue": NaN,
        "Gross Profit": NaN,
        "Operating Income": 621,
        "EBIT": NaN,
        "Net Income": 523
    },
    "2021-09-30": {
        "Diluted EPS": -0.9,
        "Total Revenue": NaN,
        "Gross Profit": NaN,
        "Operating Income": -128,
        "EBIT": 545,
        "Net Income": -341
    },
    "2021-06-30": {
        "Diluted EPS": 0.84,
        "Total Revenue": NaN,
        "Gross Profit": NaN,
        "Operating Income": 585,
        "EBIT": NaN,
        "Net Income": 318
    },
    "2021-03-31": {
        "Diluted EPS": 0.68,
        "Total Revenue": NaN,
        "Gross Profit": NaN,
        "Operating Income": 399,
        "EBIT": 994,
        "Net Income": 259
    },
    "2020-12-31": {
        "Diluted EPS": 1.39,
        "Total Revenue": NaN,
        "Gross Profit": NaN,
        "Operating Income": 794,
        "EBIT": NaN,
        "Net Income": 526
    },
    "2020-09-30": {
        "Diluted EPS": -0.76,
        "Total Revenue": NaN,
        "Gross Profit": NaN,
        "Operating Income": -379,
        "EBIT": 213,
        "Net Income": -288
    },
    "2020-06-30": {
        "Diluted EPS": 0.85,
        "Total Revenue": NaN,
        "Gross Profit": NaN,
        "Operating Income": 500,
        "EBIT": NaN,
        "Net Income": 318
    },
    "2020-03-31": {
        "Diluted EPS": 0.5,
        "Total Revenue": NaN,
        "Gross Profit": NaN,
        "Operating Income": 302,
        "EBIT": 887,
        "Net Income": 183
    },
    "2019-12-31": {
        "Diluted EPS": 0.37,
        "Total Revenue": NaN,
        "Gross Profit": NaN,
        "Operating Income": 287,
        "EBIT": 859,
        "Net Income": 143
    },
    "2019-09-30": {
        "Diluted EPS": 1.35,
        "Total Revenue": NaN,
        "Gross Profit": NaN,
        "Operating Income": 636,
        "EBIT": NaN,
        "Net Income": 471
    },
    "2019-06-30": {
        "Diluted EPS": 1.2,
        "Total Revenue": NaN,
        "Gross Profit": NaN,
        "Operating Income": 500,
        "EBIT": 839,
        "Net Income": 392
    },
    "2019-03-31": {
        "Diluted EPS": 0.85,
        "Total Revenue": NaN,
        "Gross Profit": NaN,
        "Operating Income": 352,
        "EBIT": 850,
        "Net Income": 278
    },
    "2018-12-31": {
        "Diluted EPS": -4.38,
        "Total Revenue": NaN,
        "Gross Profit": NaN,
        "Operating Income": NaN,
        "EBIT": NaN,
        "Net Income": NaN
    },
    "2018-09-30": {
        "Diluted EPS": 1.57,
        "Total Revenue": NaN,
        "Gross Profit": NaN,
        "Operating Income": 739,
        "EBIT": NaN,
        "Net Income": 513
    },
    "2018-06-30": {
        "Diluted EPS": 0.84,
        "Total Revenue": NaN,
        "Gross Profit": NaN,
        "Operating Income": 420,
        "EBIT": NaN,
        "Net Income": 276
    },
    "2018-03-31": {
        "Diluted EPS": 0.67,
        "Total Revenue": NaN,
        "Gross Profit": NaN,
        "Operating Income": 330,
        "EBIT": 809,
        "Net Income": 218
    },
    "2017-12-31": {
        "Diluted EPS": -1.67,
        "Total Revenue": NaN,
        "Gross Profit": NaN,
        "Operating Income": -38,
        "EBIT": 486,
        "Net Income": -545
    },
    "2017-09-30": {
        "Diluted EPS": 1.44,
        "Total Revenue": NaN,
        "Gross Profit": NaN,
        "Operating Income": 553,
        "EBIT": NaN,
        "Net Income": 470
    },
    "2017-06-30": {
        "Diluted EPS": 0.85,
        "Total Revenue": NaN,
        "Gross Profit": NaN,
        "Operating Income": 470,
        "EBIT": 998,
        "Net Income": 278
    },
    "2017-03-31": {
        "Diluted EPS": 1.1,
        "Total Revenue": NaN,
        "Gross Profit": NaN,
        "Operating Income": 471,
        "EBIT": 991,
        "Net Income": 362
    },
    "2016-12-31": {
        "Diluted EPS": 1.0,
        "Total Revenue": NaN,
        "Gross Profit": NaN,
        "Operating Income": 538,
        "EBIT": NaN,
        "Net Income": 329
    },
    "2016-09-30": {
        "Diluted EPS": 1.27,
        "Total Revenue": NaN,
        "Gross Profit": NaN,
        "Operating Income": 695,
        "EBIT": NaN,
        "Net Income": 421
    },
    "2016-06-30": {
        "Diluted EPS": 0.85,
        "Total Revenue": NaN,
        "Gross Profit": NaN,
        "Operating Income": 381,
        "EBIT": 907,
        "Net Income": 280
    },
    "2016-03-31": {
        "Diluted EPS": 0.85,
        "Total Revenue": NaN,
        "Gross Profit": NaN,
        "Operating Income": 448,
        "EBIT": 947,
        "Net Income": 281
    },
    "2015-12-31": {
        "Diluted EPS": -0.24,
        "Total Revenue": NaN,
        "Gross Profit": NaN,
        "Operating Income": 338,
        "EBIT": 828,
        "Net Income": -79
    },
    "2015-09-30": {
        "Diluted EPS": 1.28,
        "Total Revenue": NaN,
        "Gross Profit": NaN,
        "Operating Income": 608,
        "EBIT": NaN,
        "Net Income": 421
    },
    "2015-06-30": {
        "Diluted EPS": 1.15,
        "Total Revenue": NaN,
        "Gross Profit": NaN,
        "Operating Income": 524,
        "EBIT": NaN,
        "Net Income": 379
    },
    "2015-03-31": {
        "Diluted EPS": 0.91,
        "Total Revenue": NaN,
        "Gross Profit": NaN,
        "Operating Income": 538,
        "EBIT": NaN,
        "Net Income": 299
    },
    "2014-12-31": {
        "Diluted EPS": 1.26,
        "Total Revenue": NaN,
        "Gross Profit": NaN,
        "Operating Income": 692,
        "EBIT": NaN,
        "Net Income": 420
    },
    "2014-09-30": {
        "Diluted EPS": 1.46,
        "Total Revenue": NaN,
        "Gross Profit": NaN,
        "Operating Income": 874,
        "EBIT": NaN,
        "Net Income": 480
    },
    "2014-06-30": {
        "Diluted EPS": 1.63,
        "Total Revenue": NaN,
        "Gross Profit": NaN,
        "Operating Income": 575,
        "EBIT": NaN,
        "Net Income": 536
    },
    "2014-03-31": {
        "Diluted EPS": 0.54,
        "Total Revenue": NaN,
        "Gross Profit": NaN,
        "Operating Income": 331,
        "EBIT": 763,
        "Net Income": 176
    },
    "2013-12-31": {
        "Diluted EPS": 0.91,
        "Total Revenue": NaN,
        "Gross Profit": NaN,
        "Operating Income": 505,
        "EBIT": 977,
        "Net Income": 300
    },
    "2013-09-30": {
        "Diluted EPS": 1.34,
        "Total Revenue": NaN,
        "Gross Profit": NaN,
        "Operating Income": 789,
        "EBIT": NaN,
        "Net Income": 438
    },
    "2013-06-30": {
        "Diluted EPS": -0.29,
        "Total Revenue": NaN,
        "Gross Profit": NaN,
        "Operating Income": -71,
        "EBIT": 347,
        "Net Income": -94
    },
    "2013-03-31": {
        "Diluted EPS": 0.82,
        "Total Revenue": NaN,
        "Gross Profit": NaN,
        "Operating Income": 492,
        "EBIT": 906,
        "Net Income": 271
    },
    "2012-12-31": {
        "Diluted EPS": -1.64,
        "Total Revenue": NaN,
        "Gross Profit": NaN,
        "Operating Income": 763,
        "EBIT": NaN,
        "Net Income": -540
    },
    "2012-09-30": {
        "Diluted EPS": 0.58,
        "Total Revenue": NaN,
        "Gross Profit": NaN,
        "Operating Income": 713,
        "EBIT": NaN,
        "Net Income": 190
    },
    "2012-06-30": {
        "Diluted EPS": 0.22,
        "Total Revenue": NaN,
        "Gross Profit": NaN,
        "Operating Income": 420,
        "EBIT": 835,
        "Net Income": 74
    },
    "2012-03-31": {
        "Diluted EPS": 0.28,
        "Total Revenue": NaN,
        "Gross Profit": NaN,
        "Operating Income": 389,
        "EBIT": 796,
        "Net Income": 93
    },
    "2011-12-31": {
        "Diluted EPS": -2.56,
        "Total Revenue": NaN,
        "Gross Profit": 852,
        "Operating Income": 446,
        "EBIT": 489,
        "Net Income": -839
    },
    "2011-09-30": {
        "Diluted EPS": 1.3,
        "Total Revenue": NaN,
        "Gross Profit": NaN,
        "Operating Income": 785,
        "EBIT": NaN,
        "Net Income": 426
    },
    "2011-06-30": {
        "Diluted EPS": 0.54,
        "Total Revenue": NaN,
        "Gross Profit": NaN,
        "Operating Income": 380,
        "EBIT": 853,
        "Net Income": 176
    },
    "2011-03-31": {
        "Diluted EPS": 0.61,
        "Total Revenue": NaN,
        "Gross Profit": NaN,
        "Operating Income": 450,
        "EBIT": 904,
        "Net Income": 200
    },
    "2010-12-31": {
        "Diluted EPS": 0.49,
        "Total Revenue": 657,
        "Gross Profit": 579,
        "Operating Income": 108,
        "EBIT": 271,
        "Net Income": 166
    },
    "2010-09-30": {
        "Diluted EPS": 1.56,
        "Total Revenue": NaN,
        "Gross Profit": NaN,
        "Operating Income": 862,
        "EBIT": NaN,
        "Net Income": 510
    },
    "2010-06-30": {
        "Diluted EPS": 1.05,
        "Total Revenue": NaN,
        "Gross Profit": NaN,
        "Operating Income": 351,
        "EBIT": 763,
        "Net Income": 344
    },
    "2010-03-31": {
        "Diluted EPS": 0.72,
        "Total Revenue": NaN,
        "Gross Profit": NaN,
        "Operating Income": 498,
        "EBIT": 891,
        "Net Income": 236
    },
    "2009-12-31": {
        "Diluted EPS": 0.65,
        "Total Revenue": NaN,
        "Gross Profit": NaN,
        "Operating Income": 441,
        "EBIT": 831,
        "Net Income": 212
    },
    "2009-09-30": {
        "Diluted EPS": 1.22,
        "Total Revenue": NaN,
        "Gross Profit": NaN,
        "Operating Income": 768,
        "EBIT": NaN,
        "Net Income": 403
    },
    "2009-06-30": {
        "Diluted EPS": -0.05,
        "Total Revenue": NaN,
        "Gross Profit": NaN,
        "Operating Income": -364,
        "EBIT": 14,
        "Net Income": -16
    },
    "2009-03-31": {
        "Diluted EPS": 0.76,
        "Total Revenue": NaN,
        "Gross Profit": NaN,
        "Operating Income": 553,
        "EBIT": 921,
        "Net Income": 250
    },
    "2023-09-30": {
        "Tax Effect Of Unusual Items": 8610000.0,
        "Tax Rate For Calcs": 0.21,
        "Normalized EBITDA": 1246000000.0,
        "Total Unusual Items": 41000000.0,
        "Total Unusual Items Excluding Goodwill": 41000000.0,
        "Net Income From Continuing Operation Net Minority Interest": 212000000.0,
        "Reconciled Depreciation": 663000000.0,
        "Reconciled Cost Of Revenue": 2872000000.0,
        "EBITDA": 1287000000.0,
        "EBIT": 622000000.0,
        "Net Interest Income": -365000000.0,
        "Interest Expense": 433000000.0,
        "Interest Income": 68000000.0,
        "Normalized Income": 179610000.0,
        "Net Income From Continuing And Discontinued Operation": 212000000.0,
        "Total Expenses": 4184000000.0,
        "Total Operating Income As Reported": 492000000.0,
        "Diluted Average Shares": 385000000.0,
        "Basic Average Shares": 383000000.0,
        "Diluted EPS": 0.4,
        "Basic EPS": 0.4,
        "Diluted NI Availto Com Stockholders": 155000000.0,
        "Net Income Common Stockholders": 155000000.0,
        "Preferred Stock Dividends": 57000000.0,
        "Net Income": 212000000.0,
        "Minority Interests": NaN,
        "Net Income Including Noncontrolling Interests": 212000000.0,
        "Net Income Continuous Operations": 212000000.0,
        "Tax Provision": -23000000.0,
        "Pretax Income": 189000000.0,
        "Other Income Expense": 36000000.0,
        "Other Non Operating Income Expenses": -5000000.0,
        "Special Income Charges": 41000000.0,
        "Other Special Charges": -41000000.0,
        "Impairment Of Capital Assets": 0.0,
        "Gain On Sale Of Security": NaN,
        "Net Non Operating Interest Income Expense": -365000000.0,
        "Interest Expense Non Operating": 433000000.0,
        "Interest Income Non Operating": 68000000.0,
        "Operating Income": 518000000.0,
        "Operating Expense": 1314000000.0,
        "Other Taxes": 139000000.0,
        "Depreciation Amortization Depletion Income Statement": 665000000.0,
        "Depreciation And Amortization In Income Statement": 665000000.0,
        "Selling General And Administration": 510000000.0,
        "General And Administrative Expense": 510000000.0,
        "Insurance And Claims": 536000000.0,
        "Salaries And Wages": -26000000.0,
        "Gross Profit": 1832000000.0,
        "Cost Of Revenue": 2870000000.0,
        "Total Revenue": 4702000000.0,
        "Operating Revenue": 4702000000.0
    },
    "2023-12-31": {
        "Tax Effect Of Unusual Items": 5491803.278689,
        "Tax Rate For Calcs": 0.137295,
        "Normalized EBITDA": 1561000000.0,
        "Total Unusual Items": 40000000.0,
        "Total Unusual Items Excluding Goodwill": 40000000.0,
        "Net Income From Continuing Operation Net Minority Interest": 421000000.0,
        "Reconciled Depreciation": 687000000.0,
        "Reconciled Cost Of Revenue": 1941000000.0,
        "EBITDA": 1601000000.0,
        "EBIT": 914000000.0,
        "Net Interest Income": -353000000.0,
        "Interest Expense": 426000000.0,
        "Interest Income": 73000000.0,
        "Normalized Income": 386491803.278689,
        "Net Income From Continuing And Discontinued Operation": 421000000.0,
        "Total Expenses": 2892000000.0,
        "Total Operating Income As Reported": 791000000.0,
        "Diluted Average Shares": NaN,
        "Basic Average Shares": NaN,
        "Diluted EPS": NaN,
        "Basic EPS": NaN,
        "Diluted NI Availto Com Stockholders": 378000000.0,
        "Net Income Common Stockholders": 378000000.0,
        "Preferred Stock Dividends": 43000000.0,
        "Net Income": 421000000.0,
        "Minority Interests": NaN,
        "Net Income Including Noncontrolling Interests": 421000000.0,
        "Net Income Continuous Operations": 421000000.0,
        "Tax Provision": 67000000.0,
        "Pretax Income": 488000000.0,
        "Other Income Expense": 27000000.0,
        "Other Non Operating Income Expenses": -13000000.0,
        "Special Income Charges": 40000000.0,
        "Other Special Charges": -41000000.0,
        "Impairment Of Capital Assets": 1000000.0,
        "Gain On Sale Of Security": 0.0,
        "Net Non Operating Interest Income Expense": -353000000.0,
        "Interest Expense Non Operating": 426000000.0,
        "Interest Income Non Operating": 73000000.0,
        "Operating Income": 814000000.0,
        "Operating Expense": 928000000.0,
        "Other Taxes": 143000000.0,
        "Depreciation Amortization Depletion Income Statement": 664000000.0,
        "Depreciation And Amortization In Income Statement": 664000000.0,
        "Selling General And Administration": 121000000.0,
        "General And Administrative Expense": 121000000.0,
        "Insurance And Claims": 143000000.0,
        "Salaries And Wages": -22000000.0,
        "Gross Profit": 1742000000.0,
        "Cost Of Revenue": 1964000000.0,
        "Total Revenue": 3706000000.0,
        "Operating Revenue": 3706000000.0
    },
    "2024-03-31": {
        "Tax Effect Of Unusual Items": 9870000.0,
        "Tax Rate For Calcs": 0.21,
        "Normalized EBITDA": 1043000000.0,
        "Total Unusual Items": 47000000.0,
        "Total Unusual Items Excluding Goodwill": 47000000.0,
        "Net Income From Continuing Operation Net Minority Interest": 52000000.0,
        "Reconciled Depreciation": 707000000.0,
        "Reconciled Cost Of Revenue": 2320000000.0,
        "EBITDA": 1090000000.0,
        "EBIT": 383000000.0,
        "Net Interest Income": -377000000.0,
        "Interest Expense": 444000000.0,
        "Interest Income": 67000000.0,
        "Normalized Income": 14870000.0,
        "Net Income From Continuing And Discontinued Operation": 52000000.0,
        "Total Expenses": 3811000000.0,
        "Total Operating Income As Reported": 245000000.0,
        "Diluted Average Shares": 385000000.0,
        "Basic Average Shares": 385000000.0,
        "Diluted EPS": -0.03,
        "Basic EPS": -0.03,
        "Diluted NI Availto Com Stockholders": -11000000.0,
        "Net Income Common Stockholders": -11000000.0,
        "Preferred Stock Dividends": 63000000.0,
        "Net Income": 52000000.0,
        "Minority Interests": NaN,
        "Net Income Including Noncontrolling Interests": 52000000.0,
        "Net Income Continuous Operations": 52000000.0,
        "Tax Provision": -113000000.0,
        "Pretax Income": -61000000.0,
        "Other Income Expense": 49000000.0,
        "Other Non Operating Income Expenses": 2000000.0,
        "Special Income Charges": 47000000.0,
        "Other Special Charges": -47000000.0,
        "Impairment Of Capital Assets": NaN,
        "Gain On Sale Of Security": NaN,
        "Net Non Operating Interest Income Expense": -377000000.0,
        "Interest Expense Non Operating": 444000000.0,
        "Interest Income Non Operating": 67000000.0,
        "Operating Income": 267000000.0,
        "Operating Expense": 1486000000.0,
        "Other Taxes": 155000000.0,
        "Depreciation Amortization Depletion Income Statement": 702000000.0,
        "Depreciation And Amortization In Income Statement": 702000000.0,
        "Selling General And Administration": 629000000.0,
        "General And Administrative Expense": 629000000.0,
        "Insurance And Claims": 651000000.0,
        "Salaries And Wages": -22000000.0,
        "Gross Profit": 1753000000.0,
        "Cost Of Revenue": 2325000000.0,
        "Total Revenue": 4078000000.0,
        "Operating Revenue": 4078000000.0
    },
    "2024-06-30": {
        "Tax Effect Of Unusual Items": 5089788.732394,
        "Tax Rate For Calcs": 0.103873,
        "Normalized EBITDA": 1746000000.0,
        "Total Unusual Items": 49000000.0,
        "Total Unusual Items Excluding Goodwill": 49000000.0,
        "Net Income From Continuing Operation Net Minority Interest": 460000000.0,
        "Reconciled Depreciation": 747000000.0,
        "Reconciled Cost Of Revenue": 2498000000.0,
        "EBITDA": 1795000000.0,
        "EBIT": 1048000000.0,
        "Net Interest Income": -408000000.0,
        "Interest Expense": 480000000.0,
        "Interest Income": 72000000.0,
        "Normalized Income": 416089788.732394,
        "Net Income From Continuing And Discontinued Operation": 460000000.0,
        "Total Expenses": 3414000000.0,
        "Total Operating Income As Reported": 900000000.0,
        "Diluted Average Shares": 388000000.0,
        "Basic Average Shares": 385000000.0,
        "Diluted EPS": 1.13,
        "Basic EPS": 1.14,
        "Diluted NI Availto Com Stockholders": 439000000.0,
        "Net Income Common Stockholders": 439000000.0,
        "Preferred Stock Dividends": 21000000.0,
        "Net Income": 460000000.0,
        "Minority Interests": -49000000.0,
        "Net Income Including Noncontrolling Interests": 509000000.0,
        "Net Income Continuous Operations": 509000000.0,
        "Tax Provision": 59000000.0,
        "Pretax Income": 568000000.0,
        "Other Income Expense": 54000000.0,
        "Other Non Operating Income Expenses": 5000000.0,
        "Special Income Charges": 49000000.0,
        "Other Special Charges": -49000000.0,
        "Impairment Of Capital Assets": NaN,
        "Gain On Sale Of Security": NaN,
        "Net Non Operating Interest Income Expense": -408000000.0,
        "Interest Expense Non Operating": 480000000.0,
        "Interest Income Non Operating": 72000000.0,
        "Operating Income": 922000000.0,
        "Operating Expense": 895000000.0,
        "Other Taxes": 154000000.0,
        "Depreciation Amortization Depletion Income Statement": 726000000.0,
        "Depreciation And Amortization In Income Statement": 726000000.0,
        "Selling General And Administration": 15000000.0,
        "General And Administrative Expense": 15000000.0,
        "Insurance And Claims": 37000000.0,
        "Salaries And Wages": -22000000.0,
        "Gross Profit": 1817000000.0,
        "Cost Of Revenue": 2519000000.0,
        "Total Revenue": 4336000000.0,
        "Operating Revenue": 4336000000.0
    }
}