{
    "2023-03-31": {
        "Tax Effect Of Unusual Items": NaN,
        "Tax Rate For Calcs": NaN,
        "Normalized EBITDA": NaN,
        "Total Unusual Items": NaN,
        "Total Unusual Items Excluding Goodwill": NaN,
        "Net Income From Continuing Operation Net Minority Interest": NaN,
        "Reconciled Depreciation": NaN,
        "Reconciled Cost Of Revenue": NaN,
        "EBITDA": NaN,
        "EBIT": NaN,
        "Net Interest Income": NaN,
        "Interest Expense": NaN,
        "Interest Income": NaN,
        "Normalized Income": NaN,
        "Net Income From Continuing And Discontinued Operation": NaN,
        "Total Expenses": NaN,
        "Total Operating Income As Reported": NaN,
        "Diluted Average Shares": NaN,
        "Basic Average Shares": NaN,
        "Diluted EPS": NaN,
        "Basic EPS": NaN,
        "Diluted NI Availto Com Stockholders": NaN,
        "Net Income Common Stockholders": NaN,
        "Net Income": NaN,
        "Minority Interests": NaN,
        "Net Income Including Noncontrolling Interests": NaN,
        "Net Income Continuous Operations": NaN,
        "Tax Provision": NaN,
        "Pretax Income": NaN,
        "Other Income Expense": NaN,
        "Other Non Operating Income Expenses": NaN,
        "Special Income Charges": NaN,
        "Other Special Charges": NaN,
        "Impairment Of Capital Assets": 0.0,
        "Restructuring And Mergern Acquisition": NaN,
        "Net Non Operating Interest Income Expense": NaN,
        "Interest Expense Non Operating": NaN,
        "Interest Income Non Operating": NaN,
        "Operating Income": NaN,
        "Operating Expense": NaN,
        "Selling General And Administration": NaN,
        "Gross Profit": NaN,
        "Cost Of Revenue": NaN,
        "Total Revenue": NaN,
        "Operating Revenue": NaN
    },
    "2022-12-31": {
        "Tax Effect Of Unusual Items": NaN,
        "Tax Rate For Calcs": NaN,
        "Normalized EBITDA": NaN,
        "Total Unusual Items": NaN,
        "Total Unusual Items Excluding Goodwill": NaN,
        "Net Income From Continuing Operation Net Minority Interest": NaN,
        "Reconciled Depreciation": NaN,
        "Reconciled Cost Of Revenue": NaN,
        "EBITDA": NaN,
        "EBIT": NaN,
        "Net Interest Income": NaN,
        "Interest Expense": NaN,
        "Interest Income": NaN,
        "Normalized Income": NaN,
        "Net Income From Continuing And Discontinued Operation": NaN,
        "Total Expenses": NaN,
        "Total Operating Income As Reported": NaN,
        "Diluted Average Shares": NaN,
        "Basic Average Shares": NaN,
        "Diluted EPS": NaN,
        "Basic EPS": NaN,
        "Diluted NI Availto Com Stockholders": NaN,
        "Net Income Common Stockholders": NaN,
        "Net Income": NaN,
        "Minority Interests": NaN,
        "Net Income Including Noncontrolling Interests": NaN,
        "Net Income Continuous Operations": NaN,
        "Tax Provision": NaN,
        "Pretax Income": NaN,
        "Other Income Expense": NaN,
        "Other Non Operating Income Expenses": NaN,
        "Special Income Charges": NaN,
        "Impairment Of Capital Assets": 207000000.0,
        "Restructuring And Mergern Acquisition": NaN,
        "Net Non Operating Interest Income Expense": NaN,
        "Interest Expense Non Operating": NaN,
        "Interest Income Non Operating": NaN,
        "Operating Income": NaN,
        "Operating Expense": NaN,
        "Selling General And Administration": NaN,
        "Gross Profit": NaN,
        "Cost Of Revenue": NaN,
        "Total Revenue": NaN,
        "Operating Revenue": NaN
    },
    "2022-09-30": {
        "Tax Effect Of Unusual Items": -452000.0,
        "Tax Rate For Calcs": 0.226,
        "Normalized EBITDA": 859000000.0,
        "Total Unusual Items": -2000000.0,
        "Total Unusual Items Excluding Goodwill": -2000000.0,
        "Net Income From Continuing Operation Net Minority Interest": 489000000.0,
        "Reconciled Depreciation": 178000000.0,
        "Reconciled Cost Of Revenue": 1023000000.0,
        "EBITDA": 857000000.0,
        "EBIT": 679000000.0,
        "Net Interest Income": -31000000.0,
        "Interest Expense": 46000000.0,
        "Interest Income": 15000000.0,
        "Normalized Income": 490548000.0,
        "Net Income From Continuing And Discontinued Operation": 489000000.0,
        "Total Expenses": 3267000000.0,
        "Total Operating Income As Reported": 661000000.0,
        "Diluted Average Shares": 361400000.0,
        "Basic Average Shares": 357900000.0,
        "Diluted EPS": 1.35,
        "Basic EPS": 1.37,
        "Diluted NI Availto Com Stockholders": 489000000.0,
        "Net Income Common Stockholders": 489000000.0,
        "Net Income": 489000000.0,
        "Minority Interests": -1000000.0,
        "Net Income Including Noncontrolling Interests": 490000000.0,
        "Net Income Continuous Operations": 490000000.0,
        "Tax Provision": 143000000.0,
        "Pretax Income": 633000000.0,
        "Other Income Expense": 1000000.0,
        "Other Non Operating Income Expenses": 3000000.0,
        "Special Income Charges": -2000000.0,
        "Impairment Of Capital Assets": NaN,
        "Restructuring And Mergern Acquisition": 2000000.0,
        "Net Non Operating Interest Income Expense": -31000000.0,
        "Interest Expense Non Operating": 46000000.0,
        "Interest Income Non Operating": 15000000.0,
        "Operating Income": 663000000.0,
        "Operating Expense": 2244000000.0,
        "Selling General And Administration": 2244000000.0,
        "Gross Profit": 2907000000.0,
        "Cost Of Revenue": 1023000000.0,
        "Total Revenue": 3930000000.0,
        "Operating Revenue": 3930000000.0
    },
    "2022-06-30": {
        "Tax Effect Of Unusual Items": -46800000.0,
        "Tax Rate For Calcs": 0.4,
        "Normalized EBITDA": 207000000.0,
        "Total Unusual Items": -117000000.0,
        "Total Unusual Items Excluding Goodwill": -117000000.0,
        "Net Income From Continuing Operation Net Minority Interest": 52000000.0,
        "Reconciled Depreciation": 181000000.0,
        "Reconciled Cost Of Revenue": 1031000000.0,
        "EBITDA": 90000000.0,
        "EBIT": 90000000.0,
        "Net Interest Income": -31000000.0,
        "Interest Expense": 42000000.0,
        "Interest Income": 11000000.0,
        "Normalized Income": 122200000.0,
        "Net Income From Continuing And Discontinued Operation": 52000000.0,
        "Total Expenses": 3365000000.0,
        "Total Operating Income As Reported": 79000000.0,
        "Diluted Average Shares": 362200000.0,
        "Basic Average Shares": 357900000.0,
        "Diluted EPS": 0.14,
        "Basic EPS": 0.15,
        "Diluted NI Availto Com Stockholders": 52000000.0,
        "Net Income Common Stockholders": 52000000.0,
        "Net Income": 52000000.0,
        "Minority Interests": 2000000.0,
        "Net Income Including Noncontrolling Interests": 50000000.0,
        "Net Income Continuous Operations": 50000000.0,
        "Tax Provision": -2000000.0,
        "Pretax Income": 48000000.0,
        "Other Income Expense": -117000000.0,
        "Other Non Operating Income Expenses": 0.0,
        "Special Income Charges": -117000000.0,
        "Impairment Of Capital Assets": 25000000.0,
        "Restructuring And Mergern Acquisition": 92000000.0,
        "Net Non Operating Interest Income Expense": -31000000.0,
        "Interest Expense Non Operating": 42000000.0,
        "Interest Income Non Operating": 11000000.0,
        "Operating Income": 196000000.0,
        "Operating Expense": 2334000000.0,
        "Selling General And Administration": 2334000000.0,
        "Gross Profit": 2530000000.0,
        "Cost Of Revenue": 1031000000.0,
        "Total Revenue": 3561000000.0,
        "Operating Revenue": 3561000000.0
    },
    "2023-06-30": {
        "Tax Effect Of Unusual Items": NaN,
        "Tax Rate For Calcs": NaN,
        "Normalized EBITDA": NaN,
        "Total Unusual Items": NaN,
        "Total Unusual Items Excluding Goodwill": NaN,
        "Net Income From Continuing Operation Net Minority Interest": NaN,
        "Reconciled Depreciation": NaN,
        "Reconciled Cost Of Revenue": NaN,
        "EBITDA": NaN,
        "EBIT": NaN,
        "Net Interest Income": NaN,
        "Interest Expense": NaN,
        "Interest Income": NaN,
        "Normalized Income": NaN,
        "Net Income From Continuing And Discontinued Operation": NaN,
        "Total Expenses": NaN,
        "Total Operating Income As Reported": NaN,
        "Diluted Average Shares": NaN,
        "Basic Average Shares": NaN,
        "Diluted EPS": NaN,
        "Basic EPS": NaN,
        "Diluted NI Availto Com Stockholders": NaN,
        "Net Income Common Stockholders": NaN,
        "Net Income": NaN,
        "Minority Interests": NaN,
        "Net Income Including Noncontrolling Interests": NaN,
        "Net Income Continuous Operations": NaN,
        "Tax Provision": NaN,
        "Pretax Income": NaN,
        "Other Income Expense": NaN,
        "Other Non Operating Income Expenses": NaN,
        "Special Income Charges": NaN,
        "Other Special Charges": NaN,
        "Impairment Of Capital Assets": 0.0,
        "Restructuring And Mergern Acquisition": NaN,
        "Net Non Operating Interest Income Expense": NaN,
        "Interest Expense Non Operating": NaN,
        "Interest Income Non Operating": NaN,
        "Operating Income": NaN,
        "Operating Expense": NaN,
        "Selling General And Administration": NaN,
        "Gross Profit": NaN,
        "Cost Of Revenue": NaN,
        "Total Revenue": NaN,
        "Operating Revenue": NaN
    },
    "2023-09-30": {
        "Tax Effect Of Unusual Items": NaN,
        "Tax Rate For Calcs": NaN,
        "Normalized EBITDA": NaN,
        "Total Unusual Items": NaN,
        "Total Unusual Items Excluding Goodwill": NaN,
        "Net Income From Continuing Operation Net Minority Interest": NaN,
        "Reconciled Depreciation": NaN,
        "Reconciled Cost Of Revenue": NaN,
        "EBITDA": NaN,
        "EBIT": NaN,
        "Net Interest Income": NaN,
        "Interest Expense": NaN,
        "Interest Income": NaN,
        "Normalized Income": NaN,
        "Net Income From Continuing And Discontinued Operation": NaN,
        "Total Expenses": NaN,
        "Total Operating Income As Reported": NaN,
        "Diluted Average Shares": 360500000.0,
        "Basic Average Shares": 358400000.0,
        "Diluted EPS": 0.09,
        "Basic EPS": 0.09,
        "Diluted NI Availto Com Stockholders": NaN,
        "Net Income Common Stockholders": NaN,
        "Net Income": NaN,
        "Minority Interests": NaN,
        "Net Income Including Noncontrolling Interests": NaN,
        "Net Income Continuous Operations": NaN,
        "Tax Provision": NaN,
        "Pretax Income": NaN,
        "Other Income Expense": NaN,
        "Other Non Operating Income Expenses": NaN,
        "Special Income Charges": NaN,
        "Other Special Charges": NaN,
        "Impairment Of Capital Assets": NaN,
        "Restructuring And Mergern Acquisition": NaN,
        "Net Non Operating Interest Income Expense": NaN,
        "Interest Expense Non Operating": NaN,
        "Interest Income Non Operating": NaN,
        "Operating Income": NaN,
        "Operating Expense": NaN,
        "Selling General And Administration": NaN,
        "Gross Profit": NaN,
        "Cost Of Revenue": NaN,
        "Total Revenue": NaN,
        "Operating Revenue": NaN
    },
    "2023-12-31": {
        "Tax Effect Of Unusual Items": -2632000.0,
        "Tax Rate For Calcs": 0.376,
        "Normalized EBITDA": 829000000.0,
        "Total Unusual Items": -7000000.0,
        "Total Unusual Items Excluding Goodwill": -7000000.0,
        "Net Income From Continuing Operation Net Minority Interest": 313000000.0,
        "Reconciled Depreciation": 205000000.0,
        "Reconciled Cost Of Revenue": 1154000000.0,
        "EBITDA": 822000000.0,
        "EBIT": 617000000.0,
        "Net Interest Income": -58000000.0,
        "Interest Expense": 98000000.0,
        "Interest Income": 40000000.0,
        "Normalized Income": 317368000.0,
        "Net Income From Continuing And Discontinued Operation": 313000000.0,
        "Total Expenses": 3698000000.0,
        "Total Operating Income As Reported": 574000000.0,
        "Diluted Average Shares": 360000000.0,
        "Basic Average Shares": 358700000.0,
        "Diluted EPS": 0.87,
        "Basic EPS": 0.87,
        "Diluted NI Availto Com Stockholders": 313000000.0,
        "Net Income Common Stockholders": 313000000.0,
        "Net Income": 313000000.0,
        "Minority Interests": -11000000.0,
        "Net Income Including Noncontrolling Interests": 324000000.0,
        "Net Income Continuous Operations": 324000000.0,
        "Tax Provision": 195000000.0,
        "Pretax Income": 519000000.0,
        "Other Income Expense": -4000000.0,
        "Other Non Operating Income Expenses": 3000000.0,
        "Special Income Charges": -7000000.0,
        "Other Special Charges": NaN,
        "Impairment Of Capital Assets": 0.0,
        "Restructuring And Mergern Acquisition": 7000000.0,
        "Net Non Operating Interest Income Expense": -58000000.0,
        "Interest Expense Non Operating": 98000000.0,
        "Interest Income Non Operating": 40000000.0,
        "Operating Income": 581000000.0,
        "Operating Expense": 2544000000.0,
        "Selling General And Administration": 2544000000.0,
        "Gross Profit": 3125000000.0,
        "Cost Of Revenue": 1154000000.0,
        "Total Revenue": 4279000000.0,
        "Operating Revenue": 4279000000.0
    },
    "2024-03-31": {
        "Tax Effect Of Unusual Items": -5598000.0,
        "Tax Rate For Calcs": 0.311,
        "Normalized EBITDA": 804000000.0,
        "Total Unusual Items": -18000000.0,
        "Total Unusual Items Excluding Goodwill": -18000000.0,
        "Net Income From Continuing Operation Net Minority Interest": 330000000.0,
        "Reconciled Depreciation": 206000000.0,
        "Reconciled Cost Of Revenue": 1107000000.0,
        "EBITDA": 786000000.0,
        "EBIT": 580000000.0,
        "Net Interest Income": -49000000.0,
        "Interest Expense": 94000000.0,
        "Interest Income": 45000000.0,
        "Normalized Income": 342402000.0,
        "Net Income From Continuing And Discontinued Operation": 330000000.0,
        "Total Expenses": 3391000000.0,
        "Total Operating Income As Reported": 531000000.0,
        "Diluted Average Shares": 360800000.0,
        "Basic Average Shares": 359100000.0,
        "Diluted EPS": 0.91,
        "Basic EPS": 0.92,
        "Diluted NI Availto Com Stockholders": 330000000.0,
        "Net Income Common Stockholders": 330000000.0,
        "Net Income": 330000000.0,
        "Minority Interests": -5000000.0,
        "Net Income Including Noncontrolling Interests": 335000000.0,
        "Net Income Continuous Operations": 335000000.0,
        "Tax Provision": 151000000.0,
        "Pretax Income": 486000000.0,
        "Other Income Expense": -14000000.0,
        "Other Non Operating Income Expenses": 4000000.0,
        "Special Income Charges": -18000000.0,
        "Other Special Charges": NaN,
        "Impairment Of Capital Assets": 0.0,
        "Restructuring And Mergern Acquisition": 18000000.0,
        "Net Non Operating Interest Income Expense": -49000000.0,
        "Interest Expense Non Operating": 94000000.0,
        "Interest Income Non Operating": 45000000.0,
        "Operating Income": 549000000.0,
        "Operating Expense": 2284000000.0,
        "Selling General And Administration": 2284000000.0,
        "Gross Profit": 2833000000.0,
        "Cost Of Revenue": 1107000000.0,
        "Total Revenue": 3940000000.0,
        "Operating Revenue": 3940000000.0
    },
    "2024-06-30": {
        "Tax Effect Of Unusual Items": -119070000.0,
        "Tax Rate For Calcs": 0.21,
        "Normalized EBITDA": 590000000.0,
        "Total Unusual Items": -567000000.0,
        "Total Unusual Items Excluding Goodwill": -567000000.0,
        "Net Income From Continuing Operation Net Minority Interest": -284000000.0,
        "Reconciled Depreciation": 211000000.0,
        "Reconciled Cost Of Revenue": 1093000000.0,
        "EBITDA": 23000000.0,
        "EBIT": -188000000.0,
        "Net Interest Income": -50000000.0,
        "Interest Expense": 91000000.0,
        "Interest Income": 41000000.0,
        "Normalized Income": 163930000.0,
        "Net Income From Continuing And Discontinued Operation": -284000000.0,
        "Total Expenses": 3537000000.0,
        "Total Operating Income As Reported": -233000000.0,
        "Diluted Average Shares": NaN,
        "Basic Average Shares": NaN,
        "Diluted EPS": NaN,
        "Basic EPS": NaN,
        "Diluted NI Availto Com Stockholders": -284000000.0,
        "Net Income Common Stockholders": -284000000.0,
        "Net Income": -284000000.0,
        "Minority Interests": 2000000.0,
        "Net Income Including Noncontrolling Interests": -286000000.0,
        "Net Income Continuous Operations": -286000000.0,
        "Tax Provision": 7000000.0,
        "Pretax Income": -279000000.0,
        "Other Income Expense": -563000000.0,
        "Other Non Operating Income Expenses": 4000000.0,
        "Special Income Charges": -567000000.0,
        "Other Special Charges": NaN,
        "Impairment Of Capital Assets": 471000000.0,
        "Restructuring And Mergern Acquisition": 96000000.0,
        "Net Non Operating Interest Income Expense": -50000000.0,
        "Interest Expense Non Operating": 91000000.0,
        "Interest Income Non Operating": 41000000.0,
        "Operating Income": 334000000.0,
        "Operating Expense": 2444000000.0,
        "Selling General And Administration": 2444000000.0,
        "Gross Profit": 2778000000.0,
        "Cost Of Revenue": 1093000000.0,
        "Total Revenue": 3871000000.0,
        "Operating Revenue": 3871000000.0
    },
    "2024-09-30": {
        "Tax Effect Of Unusual Items": -34048000.0,
        "Tax Rate For Calcs": 0.133,
        "Normalized EBITDA": 376000000.0,
        "Total Unusual Items": -256000000.0,
        "Total Unusual Items Excluding Goodwill": -256000000.0,
        "Net Income From Continuing Operation Net Minority Interest": -156000000.0,
        "Reconciled Depreciation": 208000000.0,
        "Reconciled Cost Of Revenue": 928000000.0,
        "EBITDA": 120000000.0,
        "EBIT": -88000000.0,
        "Net Interest Income": -57000000.0,
        "Interest Expense": 92000000.0,
        "Interest Income": 35000000.0,
        "Normalized Income": 65952000.0,
        "Net Income From Continuing And Discontinued Operation": -156000000.0,
        "Total Expenses": 3226000000.0,
        "Total Operating Income As Reported": -121000000.0,
        "Diluted Average Shares": 359600000.0,
        "Basic Average Shares": 359600000.0,
        "Diluted EPS": -0.43,
        "Basic EPS": -0.43,
        "Diluted NI Availto Com Stockholders": -156000000.0,
        "Net Income Common Stockholders": -156000000.0,
        "Net Income": -156000000.0,
        "Minority Interests": 0.0,
        "Net Income Including Noncontrolling Interests": -156000000.0,
        "Net Income Continuous Operations": -156000000.0,
        "Tax Provision": -24000000.0,
        "Pretax Income": -180000000.0,
        "Other Income Expense": -258000000.0,
        "Other Non Operating Income Expenses": -2000000.0,
        "Special Income Charges": -256000000.0,
        "Other Special Charges": 159000000.0,
        "Impairment Of Capital Assets": NaN,
        "Restructuring And Mergern Acquisition": 97000000.0,
        "Net Non Operating Interest Income Expense": -57000000.0,
        "Interest Expense Non Operating": 92000000.0,
        "Interest Income Non Operating": 35000000.0,
        "Operating Income": 135000000.0,
        "Operating Expense": 2298000000.0,
        "Selling General And Administration": 2298000000.0,
        "Gross Profit": 2433000000.0,
        "Cost Of Revenue": 928000000.0,
        "Total Revenue": 3361000000.0,
        "Operating Revenue": 3361000000.0
    },
    "2024-12-31": {
        "Tax Effect Of Unusual Items": -95864000.0,
        "Tax Rate For Calcs": 0.092,
        "Normalized EBITDA": 689000000.0,
        "Total Unusual Items": -1042000000.0,
        "Total Unusual Items Excluding Goodwill": -1042000000.0,
        "Net Income From Continuing Operation Net Minority Interest": -590000000.0,
        "Reconciled Depreciation": 207000000.0,
        "Reconciled Cost Of Revenue": 957000000.0,
        "EBITDA": -353000000.0,
        "EBIT": -560000000.0,
        "Net Interest Income": -67000000.0,
        "Interest Expense": 90000000.0,
        "Interest Income": 23000000.0,
        "Normalized Income": 356136000.0,
        "Net Income From Continuing And Discontinued Operation": -590000000.0,
        "Total Expenses": 3542000000.0,
        "Total Operating Income As Reported": -580000000.0,
        "Diluted Average Shares": 360000000.0,
        "Basic Average Shares": 360000000.0,
        "Diluted EPS": -1.64,
        "Basic EPS": -1.64,
        "Diluted NI Availto Com Stockholders": -590000000.0,
        "Net Income Common Stockholders": -590000000.0,
        "Net Income": -590000000.0,
        "Minority Interests": 0.0,
        "Net Income Including Noncontrolling Interests": -590000000.0,
        "Net Income Continuous Operations": -590000000.0,
        "Tax Provision": -60000000.0,
        "Pretax Income": -650000000.0,
        "Other Income Expense": -1045000000.0,
        "Other Non Operating Income Expenses": -3000000.0,
        "Special Income Charges": -1042000000.0,
        "Other Special Charges": NaN,
        "Impairment Of Capital Assets": 861000000.0,
        "Restructuring And Mergern Acquisition": 181000000.0,
        "Net Non Operating Interest Income Expense": -67000000.0,
        "Interest Expense Non Operating": 90000000.0,
        "Interest Income Non Operating": 23000000.0,
        "Operating Income": 462000000.0,
        "Operating Expense": 2585000000.0,
        "Selling General And Administration": 2585000000.0,
        "Gross Profit": 3047000000.0,
        "Cost Of Revenue": 957000000.0,
        "Total Revenue": 4004000000.0,
        "Operating Revenue": 4004000000.0
    }
}