{
    "2023-12-31": {
        "Tax Effect Of Unusual Items": 0.0,
        "Tax Rate For Calcs": 0.20594,
        "Normalized EBITDA": 2097773.0,
        "Total Unusual Items": NaN,
        "Total Unusual Items Excluding Goodwill": NaN,
        "Net Income From Continuing Operation Net Minority Interest": 1309933.0,
        "Reconciled Depreciation": 333825.0,
        "Reconciled Cost Of Revenue": 26964952.0,
        "EBITDA": 2097773.0,
        "EBIT": 1763947.0,
        "Net Interest Income": -114283.0,
        "Interest Expense": 114283.0,
        "Normalized Income": 1309933.0,
        "Net Income From Continuing And Discontinued Operation": 1309933.0,
        "Total Expenses": 35122217.0,
        "Total Operating Income As Reported": 1593033.0,
        "Diluted Average Shares": NaN,
        "Basic Average Shares": NaN,
        "Diluted EPS": NaN,
        "Basic EPS": NaN,
        "Diluted NI Availto Com Stockholders": 1309933.0,
        "Net Income Common Stockholders": 1309933.0,
        "Net Income": 1309933.0,
        "Net Income Including Noncontrolling Interests": 1309933.0,
        "Net Income Continuous Operations": 1309933.0,
        "Tax Provision": 339731.0,
        "Pretax Income": 1649664.0,
        "Other Income Expense": 170914.0,
        "Other Non Operating Income Expenses": 170914.0,
        "Special Income Charges": NaN,
        "Net Non Operating Interest Income Expense": -114283.0,
        "Interest Expense Non Operating": 114283.0,
        "Operating Income": 1593033.0,
        "Operating Expense": 8157266.0,
        "Depreciation Amortization Depletion Income Statement": 333826.0,
        "Depreciation And Amortization In Income Statement": 333826.0,
        "Selling General And Administration": 7823440.0,
        "Gross Profit": 9750299.0,
        "Cost Of Revenue": 26964951.0,
        "Total Revenue": 36715250.0,
        "Operating Revenue": 36715250.0
    },
    "2023-09-30": {
        "Tax Effect Of Unusual Items": 0.0,
        "Tax Rate For Calcs": 0.186,
        "Normalized EBITDA": 2480340.0,
        "Total Unusual Items": NaN,
        "Total Unusual Items Excluding Goodwill": NaN,
        "Net Income From Continuing Operation Net Minority Interest": 1707493.0,
        "Reconciled Depreciation": 337714.0,
        "Reconciled Cost Of Revenue": 26531988.0,
        "EBITDA": 2480340.0,
        "EBIT": 2142626.0,
        "Net Interest Income": -117166.0,
        "Interest Expense": 117166.0,
        "Normalized Income": 1707493.0,
        "Net Income From Continuing And Discontinued Operation": 1707493.0,
        "Total Expenses": 34316082.0,
        "Total Operating Income As Reported": 1950189.0,
        "Diluted Average Shares": 26824778.0,
        "Basic Average Shares": 26809778.0,
        "Diluted EPS": 0.06,
        "Basic EPS": 0.06,
        "Diluted NI Availto Com Stockholders": 1707493.0,
        "Net Income Common Stockholders": 1707493.0,
        "Net Income": 1707493.0,
        "Net Income Including Noncontrolling Interests": 1707493.0,
        "Net Income Continuous Operations": 1707493.0,
        "Tax Provision": 317967.0,
        "Pretax Income": 2025460.0,
        "Other Income Expense": 192437.0,
        "Other Non Operating Income Expenses": 192437.0,
        "Special Income Charges": NaN,
        "Net Non Operating Interest Income Expense": -117166.0,
        "Interest Expense Non Operating": 117166.0,
        "Operating Income": 1950189.0,
        "Operating Expense": 7784093.0,
        "Depreciation Amortization Depletion Income Statement": 337713.0,
        "Depreciation And Amortization In Income Statement": 337713.0,
        "Selling General And Administration": 7446380.0,
        "Gross Profit": 9734282.0,
        "Cost Of Revenue": 26531989.0,
        "Total Revenue": 36266271.0,
        "Operating Revenue": 36266271.0
    },
    "2023-06-30": {
        "Tax Effect Of Unusual Items": 0.0,
        "Tax Rate For Calcs": 0.237158,
        "Normalized EBITDA": 2553145.0,
        "Total Unusual Items": NaN,
        "Total Unusual Items Excluding Goodwill": NaN,
        "Net Income From Continuing Operation Net Minority Interest": 1603709.0,
        "Reconciled Depreciation": 336174.0,
        "Reconciled Cost Of Revenue": 40333830.0,
        "EBITDA": 2553145.0,
        "EBIT": 2216971.0,
        "Net Interest Income": -114688.0,
        "Interest Expense": 114688.0,
        "Normalized Income": 1603709.0,
        "Net Income From Continuing And Discontinued Operation": 1603709.0,
        "Total Expenses": 49032558.0,
        "Total Operating Income As Reported": 2063319.0,
        "Diluted Average Shares": 26931648.0,
        "Basic Average Shares": 26916648.0,
        "Diluted EPS": 0.06,
        "Basic EPS": 0.06,
        "Diluted NI Availto Com Stockholders": 1603709.0,
        "Net Income Common Stockholders": 1603709.0,
        "Net Income": 1603709.0,
        "Net Income Including Noncontrolling Interests": 1603709.0,
        "Net Income Continuous Operations": 1603709.0,
        "Tax Provision": 498574.0,
        "Pretax Income": 2102283.0,
        "Other Income Expense": 153652.0,
        "Other Non Operating Income Expenses": 153652.0,
        "Special Income Charges": NaN,
        "Net Non Operating Interest Income Expense": -114688.0,
        "Interest Expense Non Operating": 114688.0,
        "Operating Income": 2063319.0,
        "Operating Expense": 8698728.0,
        "Depreciation Amortization Depletion Income Statement": 336174.0,
        "Depreciation And Amortization In Income Statement": 336174.0,
        "Selling General And Administration": 8362554.0,
        "Gross Profit": 10762047.0,
        "Cost Of Revenue": 40333830.0,
        "Total Revenue": 51095877.0,
        "Operating Revenue": 51095877.0
    },
    "2023-03-31": {
        "Tax Effect Of Unusual Items": NaN,
        "Tax Rate For Calcs": NaN,
        "Normalized EBITDA": NaN,
        "Total Unusual Items": NaN,
        "Total Unusual Items Excluding Goodwill": NaN,
        "Net Income From Continuing Operation Net Minority Interest": NaN,
        "Reconciled Depreciation": NaN,
        "Reconciled Cost Of Revenue": NaN,
        "EBITDA": NaN,
        "EBIT": NaN,
        "Net Interest Income": NaN,
        "Interest Expense": NaN,
        "Normalized Income": NaN,
        "Net Income From Continuing And Discontinued Operation": NaN,
        "Total Expenses": NaN,
        "Total Operating Income As Reported": NaN,
        "Diluted Average Shares": 26939631.0,
        "Basic Average Shares": 26924631.0,
        "Diluted EPS": 0.09,
        "Basic EPS": 0.09,
        "Diluted NI Availto Com Stockholders": NaN,
        "Net Income Common Stockholders": NaN,
        "Net Income": NaN,
        "Net Income Including Noncontrolling Interests": NaN,
        "Net Income Continuous Operations": NaN,
        "Tax Provision": NaN,
        "Pretax Income": NaN,
        "Other Income Expense": NaN,
        "Other Non Operating Income Expenses": NaN,
        "Special Income Charges": NaN,
        "Net Non Operating Interest Income Expense": NaN,
        "Interest Expense Non Operating": NaN,
        "Operating Income": NaN,
        "Operating Expense": NaN,
        "Depreciation Amortization Depletion Income Statement": NaN,
        "Depreciation And Amortization In Income Statement": NaN,
        "Selling General And Administration": NaN,
        "Gross Profit": NaN,
        "Cost Of Revenue": NaN,
        "Total Revenue": NaN,
        "Operating Revenue": NaN
    },
    "2024-03-31": {
        "Tax Effect Of Unusual Items": 0.0,
        "Tax Rate For Calcs": 0.224,
        "Normalized EBITDA": 2922236.0,
        "Total Unusual Items": NaN,
        "Total Unusual Items Excluding Goodwill": NaN,
        "Net Income From Continuing Operation Net Minority Interest": 1907539.0,
        "Reconciled Depreciation": 343565.0,
        "Reconciled Cost Of Revenue": 29537096.0,
        "EBITDA": 2922236.0,
        "EBIT": 2578671.0,
        "Net Interest Income": -120854.0,
        "Interest Expense": 120854.0,
        "Normalized Income": 1907539.0,
        "Net Income From Continuing And Discontinued Operation": 1907539.0,
        "Total Expenses": 37517637.0,
        "Total Operating Income As Reported": 2340143.0,
        "Diluted Average Shares": 26434039.0,
        "Basic Average Shares": 26419039.0,
        "Diluted EPS": 0.07,
        "Basic EPS": 0.07,
        "Diluted NI Availto Com Stockholders": 1907539.0,
        "Net Income Common Stockholders": 1907539.0,
        "Net Income": 1907539.0,
        "Net Income Including Noncontrolling Interests": 1907539.0,
        "Net Income Continuous Operations": 1907539.0,
        "Tax Provision": 550278.0,
        "Pretax Income": 2457817.0,
        "Other Income Expense": 238528.0,
        "Other Non Operating Income Expenses": 238528.0,
        "Special Income Charges": NaN,
        "Net Non Operating Interest Income Expense": -120854.0,
        "Interest Expense Non Operating": 120854.0,
        "Operating Income": 2340143.0,
        "Operating Expense": 7980541.0,
        "Depreciation Amortization Depletion Income Statement": 343565.0,
        "Depreciation And Amortization In Income Statement": 343565.0,
        "Selling General And Administration": 7636976.0,
        "Gross Profit": 10320684.0,
        "Cost Of Revenue": 29537096.0,
        "Total Revenue": 39857780.0,
        "Operating Revenue": 39857780.0
    },
    "2022-12-31": {
        "Tax Effect Of Unusual Items": NaN,
        "Tax Rate For Calcs": NaN,
        "Normalized EBITDA": NaN,
        "Total Unusual Items": 0.0,
        "Total Unusual Items Excluding Goodwill": 0.0,
        "Net Income From Continuing Operation Net Minority Interest": NaN,
        "Reconciled Depreciation": NaN,
        "Reconciled Cost Of Revenue": NaN,
        "EBITDA": NaN,
        "EBIT": NaN,
        "Net Interest Income": NaN,
        "Interest Expense": NaN,
        "Normalized Income": NaN,
        "Net Income From Continuing And Discontinued Operation": NaN,
        "Total Expenses": NaN,
        "Total Operating Income As Reported": NaN,
        "Diluted Average Shares": NaN,
        "Basic Average Shares": NaN,
        "Diluted EPS": NaN,
        "Basic EPS": NaN,
        "Diluted NI Availto Com Stockholders": NaN,
        "Net Income Common Stockholders": NaN,
        "Net Income": NaN,
        "Net Income Including Noncontrolling Interests": NaN,
        "Net Income Continuous Operations": NaN,
        "Tax Provision": NaN,
        "Pretax Income": NaN,
        "Other Income Expense": NaN,
        "Other Non Operating Income Expenses": NaN,
        "Special Income Charges": 0.0,
        "Net Non Operating Interest Income Expense": NaN,
        "Interest Expense Non Operating": NaN,
        "Operating Income": NaN,
        "Operating Expense": NaN,
        "Depreciation Amortization Depletion Income Statement": NaN,
        "Depreciation And Amortization In Income Statement": NaN,
        "Selling General And Administration": NaN,
        "Gross Profit": NaN,
        "Cost Of Revenue": NaN,
        "Total Revenue": NaN,
        "Operating Revenue": NaN
    },
    "2022-09-30": {
        "Tax Effect Of Unusual Items": NaN,
        "Tax Rate For Calcs": NaN,
        "Normalized EBITDA": NaN,
        "Total Unusual Items": 0.0,
        "Total Unusual Items Excluding Goodwill": 0.0,
        "Net Income From Continuing Operation Net Minority Interest": NaN,
        "Reconciled Depreciation": NaN,
        "Reconciled Cost Of Revenue": NaN,
        "EBITDA": NaN,
        "EBIT": NaN,
        "Net Interest Income": NaN,
        "Interest Expense": NaN,
        "Normalized Income": NaN,
        "Net Income From Continuing And Discontinued Operation": NaN,
        "Total Expenses": NaN,
        "Total Operating Income As Reported": NaN,
        "Diluted Average Shares": 26939631.0,
        "Basic Average Shares": 26924631.0,
        "Diluted EPS": 0.12,
        "Basic EPS": 0.12,
        "Diluted NI Availto Com Stockholders": NaN,
        "Net Income Common Stockholders": NaN,
        "Net Income": NaN,
        "Net Income Including Noncontrolling Interests": NaN,
        "Net Income Continuous Operations": NaN,
        "Tax Provision": NaN,
        "Pretax Income": NaN,
        "Other Income Expense": NaN,
        "Other Non Operating Income Expenses": NaN,
        "Special Income Charges": 0.0,
        "Write Off": 0.0,
        "Net Non Operating Interest Income Expense": NaN,
        "Interest Expense Non Operating": NaN,
        "Operating Income": NaN,
        "Operating Expense": NaN,
        "Depreciation Amortization Depletion Income Statement": NaN,
        "Depreciation And Amortization In Income Statement": NaN,
        "Selling General And Administration": NaN,
        "Gross Profit": NaN,
        "Cost Of Revenue": NaN,
        "Total Revenue": NaN,
        "Operating Revenue": NaN
    },
    "2024-06-30": {
        "Tax Effect Of Unusual Items": 0.0,
        "Tax Rate For Calcs": 0.227725,
        "Normalized EBITDA": 2496826.0,
        "Total Unusual Items": NaN,
        "Total Unusual Items Excluding Goodwill": NaN,
        "Net Income From Continuing Operation Net Minority Interest": 1564179.0,
        "Reconciled Depreciation": 362267.0,
        "Reconciled Cost Of Revenue": 33907545.0,
        "EBITDA": 2496826.0,
        "EBIT": 2134559.0,
        "Net Interest Income": -109141.0,
        "Interest Expense": 109141.0,
        "Normalized Income": 1564179.0,
        "Net Income From Continuing And Discontinued Operation": 1564179.0,
        "Total Expenses": 43387860.0,
        "Total Operating Income As Reported": 1909142.0,
        "Diluted Average Shares": 26263554.0,
        "Basic Average Shares": 26248554.0,
        "Diluted EPS": 0.06,
        "Basic EPS": 0.06,
        "Diluted NI Availto Com Stockholders": 1564179.0,
        "Net Income Common Stockholders": 1564179.0,
        "Net Income": 1564179.0,
        "Net Income Including Noncontrolling Interests": 1564179.0,
        "Net Income Continuous Operations": 1564179.0,
        "Tax Provision": 461239.0,
        "Pretax Income": 2025418.0,
        "Other Income Expense": 225417.0,
        "Other Non Operating Income Expenses": 225417.0,
        "Special Income Charges": NaN,
        "Net Non Operating Interest Income Expense": -109141.0,
        "Interest Expense Non Operating": 109141.0,
        "Operating Income": 1909142.0,
        "Operating Expense": 9480315.0,
        "Depreciation Amortization Depletion Income Statement": 362267.0,
        "Depreciation And Amortization In Income Statement": 362267.0,
        "Selling General And Administration": 9118048.0,
        "Gross Profit": 11389457.0,
        "Cost Of Revenue": 33907545.0,
        "Total Revenue": 45297002.0,
        "Operating Revenue": 45297002.0
    }
}