{
    "2023-03-31": {
        "Tax Effect Of Unusual Items": NaN,
        "Tax Rate For Calcs": NaN,
        "Normalized EBITDA": NaN,
        "Total Unusual Items": NaN,
        "Total Unusual Items Excluding Goodwill": NaN,
        "Net Income From Continuing Operation Net Minority Interest": NaN,
        "Reconciled Depreciation": NaN,
        "EBITDA": NaN,
        "EBIT": NaN,
        "Normalized Income": NaN,
        "Net Income From Continuing And Discontinued Operation": NaN,
        "Total Expenses": NaN,
        "Total Operating Income As Reported": NaN,
        "Diluted Average Shares": 14285905.0,
        "Basic Average Shares": 14285905.0,
        "Diluted EPS": -0.75,
        "Basic EPS": -0.75,
        "Diluted NI Availto Com Stockholders": NaN,
        "Net Income Common Stockholders": NaN,
        "Net Income": NaN,
        "Net Income Including Noncontrolling Interests": NaN,
        "Net Income Continuous Operations": NaN,
        "Tax Provision": NaN,
        "Pretax Income": NaN,
        "Other Income Expense": NaN,
        "Other Non Operating Income Expenses": NaN,
        "Gain On Sale Of Security": NaN,
        "Operating Income": NaN,
        "Operating Expense": NaN,
        "Research And Development": NaN,
        "Selling General And Administration": NaN,
        "General And Administrative Expense": NaN,
        "Other Gand A": NaN,
        "Total Revenue": NaN,
        "Operating Revenue": NaN
    },
    "2022-12-31": {
        "Tax Effect Of Unusual Items": NaN,
        "Tax Rate For Calcs": NaN,
        "Normalized EBITDA": NaN,
        "Total Unusual Items": NaN,
        "Total Unusual Items Excluding Goodwill": NaN,
        "Net Income From Continuing Operation Net Minority Interest": NaN,
        "Reconciled Depreciation": NaN,
        "EBITDA": NaN,
        "EBIT": NaN,
        "Normalized Income": NaN,
        "Net Income From Continuing And Discontinued Operation": NaN,
        "Total Expenses": NaN,
        "Total Operating Income As Reported": NaN,
        "Diluted Average Shares": NaN,
        "Basic Average Shares": NaN,
        "Diluted EPS": NaN,
        "Basic EPS": NaN,
        "Diluted NI Availto Com Stockholders": NaN,
        "Net Income Common Stockholders": NaN,
        "Net Income": NaN,
        "Net Income Including Noncontrolling Interests": NaN,
        "Net Income Continuous Operations": NaN,
        "Tax Provision": 0.0,
        "Pretax Income": NaN,
        "Other Income Expense": NaN,
        "Other Non Operating Income Expenses": NaN,
        "Gain On Sale Of Security": NaN,
        "Operating Income": NaN,
        "Operating Expense": NaN,
        "Research And Development": NaN,
        "Selling General And Administration": NaN,
        "General And Administrative Expense": NaN,
        "Other Gand A": NaN,
        "Total Revenue": NaN,
        "Operating Revenue": NaN
    },
    "2022-09-30": {
        "Tax Effect Of Unusual Items": NaN,
        "Tax Rate For Calcs": NaN,
        "Normalized EBITDA": NaN,
        "Net Income From Continuing Operation Net Minority Interest": NaN,
        "Reconciled Depreciation": NaN,
        "EBITDA": NaN,
        "EBIT": NaN,
        "Normalized Income": NaN,
        "Net Income From Continuing And Discontinued Operation": NaN,
        "Total Expenses": NaN,
        "Total Operating Income As Reported": NaN,
        "Diluted Average Shares": 14265905.0,
        "Basic Average Shares": 14265905.0,
        "Diluted EPS": -0.73,
        "Basic EPS": -0.73,
        "Diluted NI Availto Com Stockholders": NaN,
        "Net Income Common Stockholders": NaN,
        "Net Income": NaN,
        "Net Income Including Noncontrolling Interests": NaN,
        "Net Income Continuous Operations": NaN,
        "Tax Provision": 0.0,
        "Pretax Income": NaN,
        "Other Income Expense": NaN,
        "Other Non Operating Income Expenses": NaN,
        "Operating Income": NaN,
        "Operating Expense": NaN,
        "Research And Development": NaN,
        "Selling General And Administration": NaN,
        "General And Administrative Expense": NaN,
        "Other Gand A": NaN,
        "Total Revenue": NaN,
        "Operating Revenue": NaN
    },
    "2022-06-30": {
        "Tax Effect Of Unusual Items": 0.0,
        "Tax Rate For Calcs": 0.0,
        "Normalized EBITDA": -9189000.0,
        "Net Income From Continuing Operation Net Minority Interest": -9247000.0,
        "Reconciled Depreciation": 94000.0,
        "EBITDA": -9189000.0,
        "EBIT": -9283000.0,
        "Normalized Income": -9247000.0,
        "Net Income From Continuing And Discontinued Operation": -9247000.0,
        "Total Expenses": 9283000.0,
        "Total Operating Income As Reported": -9283000.0,
        "Diluted Average Shares": 14265905.0,
        "Basic Average Shares": 14265905.0,
        "Diluted EPS": -0.65,
        "Basic EPS": -0.65,
        "Diluted NI Availto Com Stockholders": -9247000.0,
        "Net Income Common Stockholders": -9247000.0,
        "Net Income": -9247000.0,
        "Net Income Including Noncontrolling Interests": -9247000.0,
        "Net Income Continuous Operations": -9247000.0,
        "Tax Provision": 0.0,
        "Pretax Income": -9247000.0,
        "Other Income Expense": 36000.0,
        "Other Non Operating Income Expenses": 36000.0,
        "Operating Income": -9283000.0,
        "Operating Expense": 9283000.0,
        "Research And Development": 5743000.0,
        "Selling General And Administration": 3540000.0,
        "General And Administrative Expense": 3540000.0,
        "Other Gand A": 3540000.0,
        "Total Revenue": 0.0,
        "Operating Revenue": 0.0
    },
    "2022-03-31": {
        "Diluted EPS": -0.69,
        "Total Revenue": NaN,
        "Gross Profit": NaN,
        "Operating Income": -10,
        "EBIT": -10,
        "Net Income": -10
    },
    "2021-12-31": {
        "Diluted EPS": -0.6,
        "Total Revenue": NaN,
        "Gross Profit": NaN,
        "Operating Income": -9,
        "EBIT": -9,
        "Net Income": -9
    },
    "2021-09-30": {
        "Diluted EPS": -0.66,
        "Total Revenue": NaN,
        "Gross Profit": NaN,
        "Operating Income": -11,
        "EBIT": -10,
        "Net Income": -10
    },
    "2021-06-30": {
        "Diluted EPS": -0.5,
        "Total Revenue": NaN,
        "Gross Profit": NaN,
        "Operating Income": -8,
        "EBIT": -8,
        "Net Income": -7
    },
    "2021-03-31": {
        "Diluted EPS": -0.57,
        "Total Revenue": NaN,
        "Gross Profit": NaN,
        "Operating Income": -9,
        "EBIT": -9,
        "Net Income": -8
    },
    "2020-12-31": {
        "Diluted EPS": 1.05,
        "Total Revenue": NaN,
        "Gross Profit": NaN,
        "Operating Income": -6,
        "EBIT": -6,
        "Net Income": -6
    },
    "2020-09-30": {
        "Diluted EPS": -5.51,
        "Total Revenue": NaN,
        "Gross Profit": NaN,
        "Operating Income": -6,
        "EBIT": -6,
        "Net Income": -6
    },
    "2020-06-30": {
        "Diluted EPS": -2.74,
        "Total Revenue": NaN,
        "Gross Profit": NaN,
        "Operating Income": -3,
        "EBIT": -3,
        "Net Income": -3
    },
    "2020-03-31": {
        "Diluted EPS": -8.52,
        "Total Revenue": NaN,
        "Gross Profit": NaN,
        "Operating Income": -3,
        "EBIT": -3,
        "Net Income": -8
    },
    "2019-12-31": {
        "Diluted EPS": -4.76,
        "Total Revenue": NaN,
        "Gross Profit": NaN,
        "Operating Income": -4,
        "EBIT": -2,
        "Net Income": -4
    },
    "2019-09-30": {
        "Diluted EPS": -4.01,
        "Total Revenue": NaN,
        "Gross Profit": NaN,
        "Operating Income": -3,
        "EBIT": -3,
        "Net Income": -3
    },
    "2019-06-30": {
        "Diluted EPS": -6.3,
        "Total Revenue": NaN,
        "Gross Profit": NaN,
        "Operating Income": -4,
        "EBIT": -4,
        "Net Income": -4
    },
    "2019-03-31": {
        "Diluted EPS": -9.35,
        "Total Revenue": NaN,
        "Gross Profit": NaN,
        "Operating Income": -5,
        "EBIT": -5,
        "Net Income": -5
    },
    "2018-12-31": {
        "Diluted EPS": -8.81,
        "Total Revenue": NaN,
        "Gross Profit": NaN,
        "Operating Income": -5,
        "EBIT": -5,
        "Net Income": -5
    },
    "2018-09-30": {
        "Diluted EPS": -6.66,
        "Total Revenue": NaN,
        "Gross Profit": NaN,
        "Operating Income": -3,
        "EBIT": -3,
        "Net Income": -3
    },
    "2018-06-30": {
        "Diluted EPS": -6.12,
        "Total Revenue": NaN,
        "Gross Profit": NaN,
        "Operating Income": -3,
        "EBIT": -3,
        "Net Income": -3
    },
    "2018-03-31": {
        "Diluted EPS": -6.48,
        "Total Revenue": NaN,
        "Gross Profit": NaN,
        "Operating Income": -3,
        "EBIT": -3,
        "Net Income": -3
    },
    "2017-12-31": {
        "Diluted EPS": 0.72,
        "Total Revenue": NaN,
        "Gross Profit": NaN,
        "Operating Income": -2,
        "EBIT": -2,
        "Net Income": -3
    },
    "2017-09-30": {
        "Diluted EPS": -7.73,
        "Total Revenue": NaN,
        "Gross Profit": NaN,
        "Operating Income": -3,
        "EBIT": -3,
        "Net Income": -3
    },
    "2017-06-30": {
        "Diluted EPS": -23.74,
        "Total Revenue": NaN,
        "Gross Profit": NaN,
        "Operating Income": -7,
        "EBIT": -7,
        "Net Income": -7
    },
    "2017-03-31": {
        "Diluted EPS": -10.61,
        "Total Revenue": NaN,
        "Gross Profit": NaN,
        "Operating Income": -1,
        "EBIT": -1,
        "Net Income": 0
    },
    "2016-12-31": {
        "Diluted EPS": 157.02,
        "Total Revenue": NaN,
        "Gross Profit": NaN,
        "Operating Income": 9,
        "EBIT": 9,
        "Net Income": 9
    },
    "2016-09-30": {
        "Diluted EPS": -78.24,
        "Total Revenue": NaN,
        "Gross Profit": NaN,
        "Operating Income": -2,
        "EBIT": -2,
        "Net Income": -2
    },
    "2016-06-30": {
        "Diluted EPS": -40.47,
        "Total Revenue": NaN,
        "Gross Profit": NaN,
        "Operating Income": -1,
        "EBIT": -1,
        "Net Income": -1
    },
    "2016-03-31": {
        "Diluted EPS": -82.56,
        "Total Revenue": NaN,
        "Gross Profit": NaN,
        "Operating Income": -11,
        "EBIT": -11,
        "Net Income": -11
    },
    "2015-12-31": {
        "Diluted EPS": -79.33,
        "Total Revenue": NaN,
        "Gross Profit": NaN,
        "Operating Income": -11,
        "EBIT": -11,
        "Net Income": -11
    },
    "2015-09-30": {
        "Diluted EPS": -85.8,
        "Total Revenue": NaN,
        "Gross Profit": NaN,
        "Operating Income": -12,
        "EBIT": -12,
        "Net Income": -12
    },
    "2015-06-30": {
        "Diluted EPS": -64.76,
        "Total Revenue": NaN,
        "Gross Profit": NaN,
        "Operating Income": -9,
        "EBIT": -9,
        "Net Income": -9
    },
    "2015-03-31": {
        "Diluted EPS": -95.51,
        "Total Revenue": NaN,
        "Gross Profit": NaN,
        "Operating Income": -13,
        "EBIT": -13,
        "Net Income": -13
    },
    "2014-12-31": {
        "Diluted EPS": NaN,
        "Total Revenue": NaN,
        "Gross Profit": NaN,
        "Operating Income": -6,
        "EBIT": -6,
        "Net Income": -6
    },
    "2014-09-30": {
        "Diluted EPS": -438.71,
        "Total Revenue": NaN,
        "Gross Profit": NaN,
        "Operating Income": -6,
        "EBIT": -6,
        "Net Income": -6
    },
    "2014-06-30": {
        "Diluted EPS": NaN,
        "Total Revenue": NaN,
        "Gross Profit": NaN,
        "Operating Income": -6,
        "EBIT": -6,
        "Net Income": -6
    },
    "2014-03-31": {
        "Diluted EPS": NaN,
        "Total Revenue": NaN,
        "Gross Profit": NaN,
        "Operating Income": -5,
        "EBIT": -5,
        "Net Income": -5
    },
    "2013-12-31": {
        "Diluted EPS": 0.0,
        "Total Revenue": NaN,
        "Gross Profit": NaN,
        "Operating Income": NaN,
        "EBIT": NaN,
        "Net Income": NaN
    },
    "2013-09-30": {
        "Diluted EPS": NaN,
        "Total Revenue": NaN,
        "Gross Profit": NaN,
        "Operating Income": -3,
        "EBIT": -3,
        "Net Income": -3
    },
    "2013-06-30": {
        "Diluted EPS": 0.0,
        "Total Revenue": NaN,
        "Gross Profit": NaN,
        "Operating Income": NaN,
        "EBIT": NaN,
        "Net Income": NaN
    },
    "2012-12-31": {
        "Diluted EPS": 0.0,
        "Total Revenue": NaN,
        "Gross Profit": NaN,
        "Operating Income": NaN,
        "EBIT": NaN,
        "Net Income": NaN
    },
    "2023-06-30": {
        "Tax Effect Of Unusual Items": 0.0,
        "Tax Rate For Calcs": 0.0,
        "Normalized EBITDA": 45921000.0,
        "Total Unusual Items": -56181000.0,
        "Total Unusual Items Excluding Goodwill": -56181000.0,
        "Net Income From Continuing Operation Net Minority Interest": -65760000.0,
        "Reconciled Depreciation": 94000.0,
        "EBITDA": -10260000.0,
        "EBIT": -10354000.0,
        "Normalized Income": -9579000.0,
        "Net Income From Continuing And Discontinued Operation": -65760000.0,
        "Total Expenses": 10354000.0,
        "Total Operating Income As Reported": -10354000.0,
        "Diluted Average Shares": 24006549.0,
        "Basic Average Shares": 24006549.0,
        "Diluted EPS": -2.74,
        "Basic EPS": -2.74,
        "Diluted NI Availto Com Stockholders": -65760000.0,
        "Net Income Common Stockholders": -65760000.0,
        "Net Income": -65760000.0,
        "Net Income Including Noncontrolling Interests": -65760000.0,
        "Net Income Continuous Operations": -65760000.0,
        "Tax Provision": NaN,
        "Pretax Income": -65760000.0,
        "Other Income Expense": -55406000.0,
        "Other Non Operating Income Expenses": 775000.0,
        "Gain On Sale Of Security": -56181000.0,
        "Operating Income": -10354000.0,
        "Operating Expense": 10354000.0,
        "Research And Development": 7201000.0,
        "Selling General And Administration": 3153000.0,
        "General And Administrative Expense": 3153000.0,
        "Other Gand A": 3153000.0,
        "Total Revenue": 0.0,
        "Operating Revenue": 0.0
    },
    "2023-09-30": {
        "Tax Effect Of Unusual Items": 0.0,
        "Tax Rate For Calcs": 0.0,
        "Normalized EBITDA": -11104000.0,
        "Total Unusual Items": NaN,
        "Total Unusual Items Excluding Goodwill": NaN,
        "Net Income From Continuing Operation Net Minority Interest": -10349000.0,
        "Reconciled Depreciation": 94000.0,
        "EBITDA": -11104000.0,
        "EBIT": -11198000.0,
        "Normalized Income": -10349000.0,
        "Net Income From Continuing And Discontinued Operation": -10349000.0,
        "Total Expenses": 11198000.0,
        "Total Operating Income As Reported": -11198000.0,
        "Diluted Average Shares": 29974400.0,
        "Basic Average Shares": 29974400.0,
        "Diluted EPS": -0.35,
        "Basic EPS": -0.35,
        "Diluted NI Availto Com Stockholders": -10349000.0,
        "Net Income Common Stockholders": -10349000.0,
        "Net Income": -10349000.0,
        "Net Income Including Noncontrolling Interests": -10349000.0,
        "Net Income Continuous Operations": -10349000.0,
        "Tax Provision": NaN,
        "Pretax Income": -10349000.0,
        "Other Income Expense": 849000.0,
        "Other Non Operating Income Expenses": 849000.0,
        "Gain On Sale Of Security": NaN,
        "Operating Income": -11198000.0,
        "Operating Expense": 11198000.0,
        "Research And Development": 7931000.0,
        "Selling General And Administration": 3267000.0,
        "General And Administrative Expense": 3267000.0,
        "Other Gand A": 3267000.0,
        "Total Revenue": 0.0,
        "Operating Revenue": 0.0
    },
    "2023-12-31": {
        "Tax Effect Of Unusual Items": 0.0,
        "Tax Rate For Calcs": 0.0,
        "Normalized EBITDA": -10244000.0,
        "Total Unusual Items": NaN,
        "Total Unusual Items Excluding Goodwill": NaN,
        "Net Income From Continuing Operation Net Minority Interest": -9626000.0,
        "Reconciled Depreciation": 94000.0,
        "EBITDA": -10244000.0,
        "EBIT": -10338000.0,
        "Normalized Income": -9626000.0,
        "Net Income From Continuing And Discontinued Operation": -9626000.0,
        "Total Expenses": 10338000.0,
        "Total Operating Income As Reported": -10338000.0,
        "Diluted Average Shares": NaN,
        "Basic Average Shares": NaN,
        "Diluted EPS": NaN,
        "Basic EPS": NaN,
        "Diluted NI Availto Com Stockholders": -9626000.0,
        "Net Income Common Stockholders": -9626000.0,
        "Net Income": -9626000.0,
        "Net Income Including Noncontrolling Interests": -9626000.0,
        "Net Income Continuous Operations": -9626000.0,
        "Tax Provision": NaN,
        "Pretax Income": -9626000.0,
        "Other Income Expense": 712000.0,
        "Other Non Operating Income Expenses": 712000.0,
        "Gain On Sale Of Security": NaN,
        "Operating Income": -10338000.0,
        "Operating Expense": 10338000.0,
        "Research And Development": 7067000.0,
        "Selling General And Administration": 3271000.0,
        "General And Administrative Expense": 3271000.0,
        "Other Gand A": 3271000.0,
        "Total Revenue": 0.0,
        "Operating Revenue": 0.0
    },
    "2024-03-31": {
        "Tax Effect Of Unusual Items": 0.0,
        "Tax Rate For Calcs": 0.0,
        "Normalized EBITDA": 2562000.0,
        "Total Unusual Items": -13336000.0,
        "Total Unusual Items Excluding Goodwill": -13336000.0,
        "Net Income From Continuing Operation Net Minority Interest": -23631000.0,
        "Reconciled Depreciation": 95000.0,
        "EBITDA": -10774000.0,
        "EBIT": -10869000.0,
        "Normalized Income": -10295000.0,
        "Net Income From Continuing And Discontinued Operation": -23631000.0,
        "Total Expenses": 10869000.0,
        "Total Operating Income As Reported": -10869000.0,
        "Diluted Average Shares": 29989400.0,
        "Basic Average Shares": 29989400.0,
        "Diluted EPS": -0.79,
        "Basic EPS": -0.79,
        "Diluted NI Availto Com Stockholders": -23631000.0,
        "Net Income Common Stockholders": -23631000.0,
        "Net Income": -23631000.0,
        "Net Income Including Noncontrolling Interests": -23631000.0,
        "Net Income Continuous Operations": -23631000.0,
        "Tax Provision": NaN,
        "Pretax Income": -23631000.0,
        "Other Income Expense": -12762000.0,
        "Other Non Operating Income Expenses": 574000.0,
        "Gain On Sale Of Security": -13336000.0,
        "Operating Income": -10869000.0,
        "Operating Expense": 10869000.0,
        "Research And Development": 7410000.0,
        "Selling General And Administration": 3459000.0,
        "General And Administrative Expense": 3459000.0,
        "Other Gand A": 3459000.0,
        "Total Revenue": 0.0,
        "Operating Revenue": 0.0
    },
    "2024-06-30": {
        "Tax Effect Of Unusual Items": 0.0,
        "Tax Rate For Calcs": 0.0,
        "Normalized EBITDA": 16869000.0,
        "Total Unusual Items": -31274000.0,
        "Total Unusual Items Excluding Goodwill": -31274000.0,
        "Net Income From Continuing Operation Net Minority Interest": -44907000.0,
        "Reconciled Depreciation": 97000.0,
        "EBITDA": -14405000.0,
        "EBIT": -14502000.0,
        "Normalized Income": -13633000.0,
        "Net Income From Continuing And Discontinued Operation": -44907000.0,
        "Total Expenses": 14502000.0,
        "Total Operating Income As Reported": -14502000.0,
        "Diluted Average Shares": 42278411.0,
        "Basic Average Shares": 42278411.0,
        "Diluted EPS": -1.06,
        "Basic EPS": -1.06,
        "Diluted NI Availto Com Stockholders": -44907000.0,
        "Net Income Common Stockholders": -44907000.0,
        "Net Income": -44907000.0,
        "Net Income Including Noncontrolling Interests": -44907000.0,
        "Net Income Continuous Operations": -44907000.0,
        "Tax Provision": NaN,
        "Pretax Income": -44907000.0,
        "Other Income Expense": -30405000.0,
        "Other Non Operating Income Expenses": 869000.0,
        "Gain On Sale Of Security": -31274000.0,
        "Operating Income": -14502000.0,
        "Operating Expense": 14502000.0,
        "Research And Development": 10106000.0,
        "Selling General And Administration": 4396000.0,
        "General And Administrative Expense": 4396000.0,
        "Other Gand A": 4396000.0,
        "Total Revenue": 0.0,
        "Operating Revenue": 0.0
    }
}