{
    "2023-03-31": {
        "Tax Effect Of Unusual Items": NaN,
        "Tax Rate For Calcs": NaN,
        "Normalized EBITDA": NaN,
        "Total Unusual Items": NaN,
        "Total Unusual Items Excluding Goodwill": NaN,
        "Net Income From Continuing Operation Net Minority Interest": NaN,
        "Reconciled Depreciation": NaN,
        "EBITDA": NaN,
        "EBIT": NaN,
        "Net Interest Income": NaN,
        "Normalized Income": NaN,
        "Net Income From Continuing And Discontinued Operation": NaN,
        "Total Expenses": NaN,
        "Total Operating Income As Reported": NaN,
        "Diluted Average Shares": NaN,
        "Basic Average Shares": NaN,
        "Diluted EPS": NaN,
        "Basic EPS": NaN,
        "Diluted NI Availto Com Stockholders": NaN,
        "Net Income Common Stockholders": NaN,
        "Net Income": NaN,
        "Net Income Including Noncontrolling Interests": NaN,
        "Net Income Continuous Operations": NaN,
        "Tax Provision": NaN,
        "Pretax Income": NaN,
        "Other Income Expense": -5107000.0,
        "Other Non Operating Income Expenses": -309000.0,
        "Special Income Charges": NaN,
        "Other Special Charges": NaN,
        "Restructuring And Mergern Acquisition": NaN,
        "Net Non Operating Interest Income Expense": NaN,
        "Total Other Finance Cost": NaN,
        "Operating Income": NaN,
        "Operating Expense": NaN,
        "Research And Development": NaN,
        "Selling General And Administration": NaN,
        "General And Administrative Expense": NaN,
        "Other Gand A": NaN,
        "Total Revenue": NaN,
        "Operating Revenue": NaN
    },
    "2022-12-31": {
        "Tax Effect Of Unusual Items": NaN,
        "Tax Rate For Calcs": NaN,
        "Normalized EBITDA": NaN,
        "Total Unusual Items": NaN,
        "Total Unusual Items Excluding Goodwill": NaN,
        "Net Income From Continuing Operation Net Minority Interest": NaN,
        "Reconciled Depreciation": NaN,
        "EBITDA": NaN,
        "EBIT": NaN,
        "Net Interest Income": NaN,
        "Normalized Income": NaN,
        "Net Income From Continuing And Discontinued Operation": NaN,
        "Total Expenses": NaN,
        "Total Operating Income As Reported": NaN,
        "Diluted Average Shares": NaN,
        "Basic Average Shares": NaN,
        "Diluted EPS": NaN,
        "Basic EPS": NaN,
        "Diluted NI Availto Com Stockholders": NaN,
        "Net Income Common Stockholders": NaN,
        "Net Income": NaN,
        "Net Income Including Noncontrolling Interests": NaN,
        "Net Income Continuous Operations": NaN,
        "Tax Provision": NaN,
        "Pretax Income": NaN,
        "Other Income Expense": NaN,
        "Other Non Operating Income Expenses": 20000.0,
        "Special Income Charges": NaN,
        "Other Special Charges": NaN,
        "Restructuring And Mergern Acquisition": NaN,
        "Net Non Operating Interest Income Expense": NaN,
        "Total Other Finance Cost": NaN,
        "Operating Income": NaN,
        "Operating Expense": NaN,
        "Research And Development": NaN,
        "Selling General And Administration": NaN,
        "General And Administrative Expense": NaN,
        "Other Gand A": NaN,
        "Total Revenue": NaN,
        "Operating Revenue": NaN
    },
    "2022-09-30": {
        "Tax Effect Of Unusual Items": 0.0,
        "Tax Rate For Calcs": 0.0,
        "Normalized EBITDA": -38523000.0,
        "Total Unusual Items": NaN,
        "Total Unusual Items Excluding Goodwill": NaN,
        "Net Income From Continuing Operation Net Minority Interest": -38837000.0,
        "Reconciled Depreciation": 8000.0,
        "EBITDA": -38523000.0,
        "EBIT": -38531000.0,
        "Normalized Income": -38837000.0,
        "Net Income From Continuing And Discontinued Operation": -38837000.0,
        "Total Expenses": 38531000.0,
        "Total Operating Income As Reported": -38531000.0,
        "Diluted Average Shares": 23290249.0,
        "Basic Average Shares": 23290249.0,
        "Diluted EPS": -1.67,
        "Basic EPS": -1.67,
        "Diluted NI Availto Com Stockholders": -38837000.0,
        "Net Income Common Stockholders": -38837000.0,
        "Net Income": -38837000.0,
        "Net Income Including Noncontrolling Interests": -38837000.0,
        "Net Income Continuous Operations": -38837000.0,
        "Tax Provision": NaN,
        "Pretax Income": -38837000.0,
        "Other Income Expense": -306000.0,
        "Other Non Operating Income Expenses": -306000.0,
        "Special Income Charges": NaN,
        "Restructuring And Mergern Acquisition": NaN,
        "Operating Income": -38531000.0,
        "Operating Expense": 38531000.0,
        "Research And Development": 34340000.0,
        "Selling General And Administration": 4191000.0,
        "General And Administrative Expense": 4191000.0,
        "Other Gand A": 4191000.0,
        "Total Revenue": 0.0,
        "Operating Revenue": 0.0
    },
    "2022-06-30": {
        "Tax Effect Of Unusual Items": 0.0,
        "Tax Rate For Calcs": 0.0,
        "Normalized EBITDA": -20108000.0,
        "Total Unusual Items": NaN,
        "Total Unusual Items Excluding Goodwill": NaN,
        "Net Income From Continuing Operation Net Minority Interest": -19926000.0,
        "Reconciled Depreciation": 5000.0,
        "EBITDA": -20108000.0,
        "EBIT": -20113000.0,
        "Normalized Income": -19926000.0,
        "Net Income From Continuing And Discontinued Operation": -19926000.0,
        "Total Expenses": 20113000.0,
        "Total Operating Income As Reported": -20113000.0,
        "Diluted Average Shares": 23258759.0,
        "Basic Average Shares": 23258759.0,
        "Diluted EPS": -0.86,
        "Basic EPS": -0.86,
        "Diluted NI Availto Com Stockholders": -19926000.0,
        "Net Income Common Stockholders": -19926000.0,
        "Net Income": -19926000.0,
        "Net Income Including Noncontrolling Interests": -19926000.0,
        "Net Income Continuous Operations": -19926000.0,
        "Tax Provision": NaN,
        "Pretax Income": -19926000.0,
        "Other Income Expense": 187000.0,
        "Other Non Operating Income Expenses": 187000.0,
        "Special Income Charges": NaN,
        "Restructuring And Mergern Acquisition": NaN,
        "Operating Income": -20113000.0,
        "Operating Expense": 20113000.0,
        "Research And Development": 16300000.0,
        "Selling General And Administration": 3813000.0,
        "General And Administrative Expense": 3813000.0,
        "Other Gand A": 3813000.0,
        "Total Revenue": 0.0,
        "Operating Revenue": 0.0
    },
    "2022-03-31": {
        "Diluted EPS": -0.74,
        "Total Revenue": NaN,
        "Gross Profit": NaN,
        "Operating Income": -17,
        "EBIT": -17,
        "Net Income": -17
    },
    "2021-12-31": {
        "Diluted EPS": 9.09,
        "Total Revenue": NaN,
        "Gross Profit": NaN,
        "Operating Income": -10,
        "EBIT": -10,
        "Net Income": -10
    },
    "2021-09-30": {
        "Diluted EPS": -0.53,
        "Total Revenue": NaN,
        "Gross Profit": NaN,
        "Operating Income": -12,
        "EBIT": -12,
        "Net Income": -12
    },
    "2021-06-30": {
        "Diluted EPS": -4.84,
        "Total Revenue": NaN,
        "Gross Profit": NaN,
        "Operating Income": -5,
        "EBIT": -5,
        "Net Income": -5
    },
    "2021-03-31": {
        "Diluted EPS": -6.36,
        "Total Revenue": NaN,
        "Gross Profit": NaN,
        "Operating Income": -5,
        "EBIT": -5,
        "Net Income": -5
    },
    "2020-12-31": {
        "Diluted EPS": 0.0,
        "Total Revenue": NaN,
        "Gross Profit": NaN,
        "Operating Income": NaN,
        "EBIT": NaN,
        "Net Income": NaN
    },
    "2020-09-30": {
        "Diluted EPS": -3.8,
        "Total Revenue": NaN,
        "Gross Profit": NaN,
        "Operating Income": -3,
        "EBIT": -3,
        "Net Income": -3
    },
    "2020-06-30": {
        "Diluted EPS": -4.32,
        "Total Revenue": NaN,
        "Gross Profit": NaN,
        "Operating Income": -3,
        "EBIT": -3,
        "Net Income": -3
    },
    "2023-06-30": {
        "Tax Effect Of Unusual Items": NaN,
        "Tax Rate For Calcs": NaN,
        "Normalized EBITDA": NaN,
        "Total Unusual Items": NaN,
        "Total Unusual Items Excluding Goodwill": NaN,
        "Net Income From Continuing Operation Net Minority Interest": NaN,
        "Reconciled Depreciation": NaN,
        "EBITDA": NaN,
        "EBIT": NaN,
        "Net Interest Income": -271000.0,
        "Normalized Income": NaN,
        "Net Income From Continuing And Discontinued Operation": NaN,
        "Total Expenses": NaN,
        "Total Operating Income As Reported": NaN,
        "Diluted Average Shares": 28405046.0,
        "Basic Average Shares": 28405046.0,
        "Diluted EPS": -0.36,
        "Basic EPS": -0.36,
        "Diluted NI Availto Com Stockholders": NaN,
        "Net Income Common Stockholders": NaN,
        "Net Income": NaN,
        "Net Income Including Noncontrolling Interests": NaN,
        "Net Income Continuous Operations": NaN,
        "Tax Provision": NaN,
        "Pretax Income": NaN,
        "Other Income Expense": -271000.0,
        "Other Non Operating Income Expenses": -271000.0,
        "Special Income Charges": NaN,
        "Other Special Charges": NaN,
        "Restructuring And Mergern Acquisition": NaN,
        "Net Non Operating Interest Income Expense": -271000.0,
        "Total Other Finance Cost": 271000.0,
        "Operating Income": NaN,
        "Operating Expense": NaN,
        "Research And Development": NaN,
        "Selling General And Administration": NaN,
        "General And Administrative Expense": NaN,
        "Other Gand A": NaN,
        "Total Revenue": NaN,
        "Operating Revenue": NaN
    },
    "2023-09-30": {
        "Tax Effect Of Unusual Items": 0.0,
        "Tax Rate For Calcs": 0.21,
        "Normalized EBITDA": -10911000.0,
        "Total Unusual Items": 0.0,
        "Total Unusual Items Excluding Goodwill": 0.0,
        "Net Income From Continuing Operation Net Minority Interest": -10636000.0,
        "Reconciled Depreciation": 9000.0,
        "EBITDA": -10911000.0,
        "EBIT": -10920000.0,
        "Net Interest Income": 295000.0,
        "Normalized Income": -10636000.0,
        "Net Income From Continuing And Discontinued Operation": -10636000.0,
        "Total Expenses": 10920000.0,
        "Total Operating Income As Reported": -10920000.0,
        "Diluted Average Shares": 46842489.0,
        "Basic Average Shares": 46842489.0,
        "Diluted EPS": -0.23,
        "Basic EPS": -0.23,
        "Diluted NI Availto Com Stockholders": -10636000.0,
        "Net Income Common Stockholders": -10636000.0,
        "Net Income": -10636000.0,
        "Net Income Including Noncontrolling Interests": -10636000.0,
        "Net Income Continuous Operations": -10636000.0,
        "Tax Provision": 11000.0,
        "Pretax Income": -10625000.0,
        "Other Income Expense": 295000.0,
        "Other Non Operating Income Expenses": 295000.0,
        "Special Income Charges": 0.0,
        "Other Special Charges": NaN,
        "Restructuring And Mergern Acquisition": 0.0,
        "Net Non Operating Interest Income Expense": 295000.0,
        "Total Other Finance Cost": -295000.0,
        "Operating Income": -10920000.0,
        "Operating Expense": 10920000.0,
        "Research And Development": 7422000.0,
        "Selling General And Administration": 3498000.0,
        "General And Administrative Expense": 3498000.0,
        "Other Gand A": 3498000.0,
        "Total Revenue": 0.0,
        "Operating Revenue": 0.0
    },
    "2023-12-31": {
        "Tax Effect Of Unusual Items": 0.0,
        "Tax Rate For Calcs": 0.21,
        "Normalized EBITDA": -9072000.0,
        "Total Unusual Items": 0.0,
        "Total Unusual Items Excluding Goodwill": 0.0,
        "Net Income From Continuing Operation Net Minority Interest": -7899000.0,
        "Reconciled Depreciation": 10000.0,
        "EBITDA": -9072000.0,
        "EBIT": -9082000.0,
        "Net Interest Income": NaN,
        "Normalized Income": -7899000.0,
        "Net Income From Continuing And Discontinued Operation": -7899000.0,
        "Total Expenses": 7946000.0,
        "Total Operating Income As Reported": -7946000.0,
        "Diluted Average Shares": NaN,
        "Basic Average Shares": NaN,
        "Diluted EPS": NaN,
        "Basic EPS": NaN,
        "Diluted NI Availto Com Stockholders": -7899000.0,
        "Net Income Common Stockholders": -7899000.0,
        "Net Income": -7899000.0,
        "Net Income Including Noncontrolling Interests": -7899000.0,
        "Net Income Continuous Operations": -7899000.0,
        "Tax Provision": 9000.0,
        "Pretax Income": -7890000.0,
        "Other Income Expense": 356000.0,
        "Other Non Operating Income Expenses": 356000.0,
        "Special Income Charges": 0.0,
        "Other Special Charges": NaN,
        "Restructuring And Mergern Acquisition": 0.0,
        "Net Non Operating Interest Income Expense": NaN,
        "Total Other Finance Cost": NaN,
        "Operating Income": -7946000.0,
        "Operating Expense": 7946000.0,
        "Research And Development": 4691000.0,
        "Selling General And Administration": 3255000.0,
        "General And Administrative Expense": 3255000.0,
        "Other Gand A": 3255000.0,
        "Total Revenue": 0.0,
        "Operating Revenue": 0.0
    },
    "2024-03-31": {
        "Tax Effect Of Unusual Items": -197820.0,
        "Tax Rate For Calcs": 0.21,
        "Normalized EBITDA": -8917000.0,
        "Total Unusual Items": -942000.0,
        "Total Unusual Items Excluding Goodwill": -942000.0,
        "Net Income From Continuing Operation Net Minority Interest": -10707000.0,
        "Reconciled Depreciation": 10000.0,
        "EBITDA": -9859000.0,
        "EBIT": -9869000.0,
        "Net Interest Income": 115000.0,
        "Normalized Income": -9962820.0,
        "Net Income From Continuing And Discontinued Operation": -10707000.0,
        "Total Expenses": 9869000.0,
        "Total Operating Income As Reported": -9869000.0,
        "Diluted Average Shares": 47371882.0,
        "Basic Average Shares": 47371882.0,
        "Diluted EPS": -0.23,
        "Basic EPS": -0.23,
        "Diluted NI Availto Com Stockholders": -10707000.0,
        "Net Income Common Stockholders": -10707000.0,
        "Net Income": -10707000.0,
        "Net Income Including Noncontrolling Interests": -10707000.0,
        "Net Income Continuous Operations": -10707000.0,
        "Tax Provision": 11000.0,
        "Pretax Income": -10696000.0,
        "Other Income Expense": -942000.0,
        "Other Non Operating Income Expenses": NaN,
        "Special Income Charges": -942000.0,
        "Other Special Charges": 942000.0,
        "Restructuring And Mergern Acquisition": 0.0,
        "Net Non Operating Interest Income Expense": 115000.0,
        "Total Other Finance Cost": -115000.0,
        "Operating Income": -9869000.0,
        "Operating Expense": 9869000.0,
        "Research And Development": 6011000.0,
        "Selling General And Administration": 3858000.0,
        "General And Administrative Expense": 3858000.0,
        "Other Gand A": 3858000.0,
        "Total Revenue": 0.0,
        "Operating Revenue": 0.0
    },
    "2024-06-30": {
        "Tax Effect Of Unusual Items": 0.0,
        "Tax Rate For Calcs": 0.21,
        "Normalized EBITDA": -10959000.0,
        "Total Unusual Items": 0.0,
        "Total Unusual Items Excluding Goodwill": 0.0,
        "Net Income From Continuing Operation Net Minority Interest": -10461000.0,
        "Reconciled Depreciation": 4000.0,
        "EBITDA": -10959000.0,
        "EBIT": -10963000.0,
        "Net Interest Income": 513000.0,
        "Normalized Income": -10461000.0,
        "Net Income From Continuing And Discontinued Operation": -10461000.0,
        "Total Expenses": 10963000.0,
        "Total Operating Income As Reported": -10963000.0,
        "Diluted Average Shares": 59018340.0,
        "Basic Average Shares": 59018340.0,
        "Diluted EPS": -0.18,
        "Basic EPS": -0.18,
        "Diluted NI Availto Com Stockholders": -10461000.0,
        "Net Income Common Stockholders": -10461000.0,
        "Net Income": -10461000.0,
        "Net Income Including Noncontrolling Interests": -10461000.0,
        "Net Income Continuous Operations": -10461000.0,
        "Tax Provision": 11000.0,
        "Pretax Income": -10450000.0,
        "Other Income Expense": NaN,
        "Other Non Operating Income Expenses": NaN,
        "Special Income Charges": 0.0,
        "Other Special Charges": NaN,
        "Restructuring And Mergern Acquisition": 0.0,
        "Net Non Operating Interest Income Expense": 513000.0,
        "Total Other Finance Cost": -513000.0,
        "Operating Income": -10963000.0,
        "Operating Expense": 10963000.0,
        "Research And Development": 6551000.0,
        "Selling General And Administration": 4412000.0,
        "General And Administrative Expense": 4412000.0,
        "Other Gand A": 4412000.0,
        "Total Revenue": 0.0,
        "Operating Revenue": 0.0
    },
    "2024-09-30": {
        "Tax Effect Of Unusual Items": 0.0,
        "Tax Rate For Calcs": 0.21,
        "Normalized EBITDA": -13224000.0,
        "Total Unusual Items": 0.0,
        "Total Unusual Items Excluding Goodwill": 0.0,
        "Net Income From Continuing Operation Net Minority Interest": -12881000.0,
        "Reconciled Depreciation": 5000.0,
        "EBITDA": -13224000.0,
        "EBIT": -13229000.0,
        "Net Interest Income": 360000.0,
        "Normalized Income": -12881000.0,
        "Net Income From Continuing And Discontinued Operation": -12881000.0,
        "Total Expenses": 13229000.0,
        "Total Operating Income As Reported": -13229000.0,
        "Diluted Average Shares": 59108724.0,
        "Basic Average Shares": 59108724.0,
        "Diluted EPS": -0.22,
        "Basic EPS": -0.22,
        "Diluted NI Availto Com Stockholders": -12881000.0,
        "Net Income Common Stockholders": -12881000.0,
        "Net Income": -12881000.0,
        "Net Income Including Noncontrolling Interests": -12881000.0,
        "Net Income Continuous Operations": -12881000.0,
        "Tax Provision": 12000.0,
        "Pretax Income": -12869000.0,
        "Other Income Expense": NaN,
        "Other Non Operating Income Expenses": NaN,
        "Special Income Charges": 0.0,
        "Other Special Charges": NaN,
        "Restructuring And Mergern Acquisition": 0.0,
        "Net Non Operating Interest Income Expense": 360000.0,
        "Total Other Finance Cost": -360000.0,
        "Operating Income": -13229000.0,
        "Operating Expense": 13229000.0,
        "Research And Development": 9388000.0,
        "Selling General And Administration": 3841000.0,
        "General And Administrative Expense": 3841000.0,
        "Other Gand A": 3841000.0,
        "Total Revenue": 0.0,
        "Operating Revenue": 0.0
    }
}