{
    "2023-03-31": {
        "Tax Effect Of Unusual Items": 0.0,
        "Tax Rate For Calcs": 0.0,
        "Normalized EBITDA": -5129000.0,
        "Total Unusual Items": -430000.0,
        "Total Unusual Items Excluding Goodwill": -430000.0,
        "Net Income From Continuing Operation Net Minority Interest": -6230000.0,
        "Reconciled Depreciation": 186000.0,
        "EBITDA": -5559000.0,
        "EBIT": -5745000.0,
        "Net Interest Income": -317000.0,
        "Interest Expense": 485000.0,
        "Interest Income": 168000.0,
        "Normalized Income": -5800000.0,
        "Net Income From Continuing And Discontinued Operation": -6230000.0,
        "Total Expenses": 5483000.0,
        "Total Operating Income As Reported": -5483000.0,
        "Diluted Average Shares": 2166356.0,
        "Basic Average Shares": 2166356.0,
        "Diluted EPS": -2.88,
        "Basic EPS": -2.88,
        "Diluted NI Availto Com Stockholders": -6230000.0,
        "Net Income Common Stockholders": -6230000.0,
        "Net Income": -6230000.0,
        "Net Income Including Noncontrolling Interests": -6230000.0,
        "Net Income Continuous Operations": -6230000.0,
        "Pretax Income": -6230000.0,
        "Other Income Expense": -430000.0,
        "Other Non Operating Income Expenses": NaN,
        "Special Income Charges": -406000.0,
        "Other Special Charges": 406000.0,
        "Gain On Sale Of Security": -24000.0,
        "Net Non Operating Interest Income Expense": -317000.0,
        "Interest Expense Non Operating": 485000.0,
        "Interest Income Non Operating": 168000.0,
        "Operating Income": -5483000.0,
        "Operating Expense": 5483000.0,
        "Research And Development": 3488000.0,
        "Selling General And Administration": 1995000.0,
        "General And Administrative Expense": 1995000.0,
        "Other Gand A": 1995000.0,
        "Salaries And Wages": NaN,
        "Total Revenue": 0.0,
        "Operating Revenue": 0.0
    },
    "2022-12-31": {
        "Tax Effect Of Unusual Items": 0.0,
        "Tax Rate For Calcs": 0.0,
        "Normalized EBITDA": -6028000.0,
        "Total Unusual Items": 0.0,
        "Total Unusual Items Excluding Goodwill": 0.0,
        "Net Income From Continuing Operation Net Minority Interest": -6319000.0,
        "Reconciled Depreciation": 178000.0,
        "EBITDA": -6028000.0,
        "EBIT": -6028000.0,
        "Net Interest Income": -440000.0,
        "Interest Expense": 581000.0,
        "Interest Income": 141000.0,
        "Normalized Income": -6319000.0,
        "Net Income From Continuing And Discontinued Operation": -6319000.0,
        "Total Expenses": 6028000.0,
        "Total Operating Income As Reported": -6028000.0,
        "Diluted Average Shares": 2166209.0,
        "Basic Average Shares": 2166209.0,
        "Diluted EPS": -2.92,
        "Basic EPS": -2.92,
        "Diluted NI Availto Com Stockholders": -6319000.0,
        "Net Income Common Stockholders": -6319000.0,
        "Net Income": -6319000.0,
        "Net Income Including Noncontrolling Interests": -6319000.0,
        "Net Income Continuous Operations": -6319000.0,
        "Pretax Income": -6319000.0,
        "Other Income Expense": -291000.0,
        "Other Non Operating Income Expenses": -291000.0,
        "Special Income Charges": 0.0,
        "Other Special Charges": NaN,
        "Gain On Sale Of Security": 72000.0,
        "Net Non Operating Interest Income Expense": -440000.0,
        "Interest Expense Non Operating": 581000.0,
        "Interest Income Non Operating": 141000.0,
        "Operating Income": -6028000.0,
        "Operating Expense": 6028000.0,
        "Research And Development": 3297000.0,
        "Selling General And Administration": 2731000.0,
        "General And Administrative Expense": 2731000.0,
        "Other Gand A": 2731000.0,
        "Salaries And Wages": NaN,
        "Total Revenue": 0.0,
        "Operating Revenue": 0.0
    },
    "2022-09-30": {
        "Tax Effect Of Unusual Items": 0.0,
        "Tax Rate For Calcs": 0.0,
        "Normalized EBITDA": -6845000.0,
        "Total Unusual Items": 15000.0,
        "Total Unusual Items Excluding Goodwill": 15000.0,
        "Net Income From Continuing Operation Net Minority Interest": -7508000.0,
        "Reconciled Depreciation": 189000.0,
        "EBITDA": -6830000.0,
        "EBIT": -7019000.0,
        "Net Interest Income": -381000.0,
        "Interest Expense": 489000.0,
        "Interest Income": 108000.0,
        "Normalized Income": -7523000.0,
        "Net Income From Continuing And Discontinued Operation": -7508000.0,
        "Total Expenses": 7142000.0,
        "Total Operating Income As Reported": -7142000.0,
        "Diluted Average Shares": 2166405.0,
        "Basic Average Shares": 2166405.0,
        "Diluted EPS": -3.6,
        "Basic EPS": -3.6,
        "Diluted NI Availto Com Stockholders": -7508000.0,
        "Net Income Common Stockholders": -7508000.0,
        "Net Income": -7508000.0,
        "Net Income Including Noncontrolling Interests": -7508000.0,
        "Net Income Continuous Operations": -7508000.0,
        "Pretax Income": -7508000.0,
        "Other Income Expense": 15000.0,
        "Other Non Operating Income Expenses": NaN,
        "Special Income Charges": 0.0,
        "Other Special Charges": NaN,
        "Gain On Sale Of Security": 15000.0,
        "Net Non Operating Interest Income Expense": -381000.0,
        "Interest Expense Non Operating": 489000.0,
        "Interest Income Non Operating": 108000.0,
        "Operating Income": -7142000.0,
        "Operating Expense": 7142000.0,
        "Research And Development": 4880000.0,
        "Selling General And Administration": 2262000.0,
        "General And Administrative Expense": 2262000.0,
        "Other Gand A": 2262000.0,
        "Salaries And Wages": NaN,
        "Total Revenue": 0.0,
        "Operating Revenue": 0.0
    },
    "2022-06-30": {
        "Tax Effect Of Unusual Items": 0.0,
        "Tax Rate For Calcs": 0.0,
        "Normalized EBITDA": -10155000.0,
        "Total Unusual Items": 142000.0,
        "Total Unusual Items Excluding Goodwill": 142000.0,
        "Net Income From Continuing Operation Net Minority Interest": -10618000.0,
        "Reconciled Depreciation": 130000.0,
        "EBITDA": -10013000.0,
        "EBIT": -10143000.0,
        "Net Interest Income": -464000.0,
        "Interest Expense": 475000.0,
        "Interest Income": 11000.0,
        "Normalized Income": -10760000.0,
        "Net Income From Continuing And Discontinued Operation": -10618000.0,
        "Total Expenses": 10296000.0,
        "Total Operating Income As Reported": -10296000.0,
        "Diluted Average Shares": 2166352.0,
        "Basic Average Shares": 2166352.0,
        "Diluted EPS": -4.9,
        "Basic EPS": -4.9,
        "Diluted NI Availto Com Stockholders": -10618000.0,
        "Net Income Common Stockholders": -10618000.0,
        "Net Income": -10618000.0,
        "Net Income Including Noncontrolling Interests": -10618000.0,
        "Net Income Continuous Operations": -10618000.0,
        "Pretax Income": -10618000.0,
        "Other Income Expense": 142000.0,
        "Other Non Operating Income Expenses": NaN,
        "Special Income Charges": NaN,
        "Other Special Charges": NaN,
        "Gain On Sale Of Security": 142000.0,
        "Net Non Operating Interest Income Expense": -464000.0,
        "Interest Expense Non Operating": 475000.0,
        "Interest Income Non Operating": 11000.0,
        "Operating Income": -10296000.0,
        "Operating Expense": 10296000.0,
        "Research And Development": 7651000.0,
        "Selling General And Administration": 2645000.0,
        "General And Administrative Expense": 2645000.0,
        "Other Gand A": 2645000.0,
        "Salaries And Wages": NaN,
        "Total Revenue": 0.0,
        "Operating Revenue": 0.0
    },
    "2022-03-31": {
        "Diluted EPS": -5.36,
        "Total Revenue": NaN,
        "Gross Profit": NaN,
        "Operating Income": -11,
        "EBIT": -11,
        "Net Income": -12
    },
    "2021-12-31": {
        "Diluted EPS": -3.35,
        "Total Revenue": NaN,
        "Gross Profit": NaN,
        "Operating Income": -12,
        "EBIT": -11,
        "Net Income": -12
    },
    "2021-09-30": {
        "Diluted EPS": -4.4,
        "Total Revenue": NaN,
        "Gross Profit": NaN,
        "Operating Income": -10,
        "EBIT": -10,
        "Net Income": -10
    },
    "2021-06-30": {
        "Diluted EPS": -21.6,
        "Total Revenue": NaN,
        "Gross Profit": NaN,
        "Operating Income": -36,
        "EBIT": -35,
        "Net Income": -36
    },
    "2021-03-31": {
        "Diluted EPS": -8.8,
        "Total Revenue": NaN,
        "Gross Profit": NaN,
        "Operating Income": -8,
        "EBIT": -8,
        "Net Income": -9
    },
    "2020-12-31": {
        "Diluted EPS": -6.0,
        "Total Revenue": NaN,
        "Gross Profit": NaN,
        "Operating Income": -6,
        "EBIT": -6,
        "Net Income": -6
    },
    "2020-09-30": {
        "Diluted EPS": -6.4,
        "Total Revenue": NaN,
        "Gross Profit": NaN,
        "Operating Income": -6,
        "EBIT": -6,
        "Net Income": -7
    },
    "2020-06-30": {
        "Diluted EPS": -8.0,
        "Total Revenue": NaN,
        "Gross Profit": NaN,
        "Operating Income": -8,
        "EBIT": -7,
        "Net Income": -8
    },
    "2020-03-31": {
        "Diluted EPS": -14.0,
        "Total Revenue": NaN,
        "Gross Profit": NaN,
        "Operating Income": -14,
        "EBIT": -13,
        "Net Income": -14
    },
    "2019-12-31": {
        "Diluted EPS": -11.6,
        "Total Revenue": NaN,
        "Gross Profit": NaN,
        "Operating Income": -11,
        "EBIT": -11,
        "Net Income": -12
    },
    "2019-09-30": {
        "Diluted EPS": -12.8,
        "Total Revenue": NaN,
        "Gross Profit": NaN,
        "Operating Income": -13,
        "EBIT": -13,
        "Net Income": -13
    },
    "2019-06-30": {
        "Diluted EPS": -16.0,
        "Total Revenue": NaN,
        "Gross Profit": NaN,
        "Operating Income": -14,
        "EBIT": -14,
        "Net Income": -14
    },
    "2019-03-31": {
        "Diluted EPS": -13.2,
        "Total Revenue": NaN,
        "Gross Profit": NaN,
        "Operating Income": -12,
        "EBIT": -12,
        "Net Income": -12
    },
    "2018-12-31": {
        "Diluted EPS": -16.0,
        "Total Revenue": NaN,
        "Gross Profit": NaN,
        "Operating Income": -14,
        "EBIT": -14,
        "Net Income": -14
    },
    "2018-09-30": {
        "Diluted EPS": -12.8,
        "Total Revenue": NaN,
        "Gross Profit": NaN,
        "Operating Income": -11,
        "EBIT": -11,
        "Net Income": -11
    },
    "2018-06-30": {
        "Diluted EPS": -16.8,
        "Total Revenue": NaN,
        "Gross Profit": NaN,
        "Operating Income": -14,
        "EBIT": -14,
        "Net Income": -13
    },
    "2018-03-31": {
        "Diluted EPS": -12.4,
        "Total Revenue": NaN,
        "Gross Profit": NaN,
        "Operating Income": -9,
        "EBIT": -9,
        "Net Income": -9
    },
    "2017-12-31": {
        "Diluted EPS": -73.2,
        "Total Revenue": NaN,
        "Gross Profit": NaN,
        "Operating Income": -11,
        "EBIT": -11,
        "Net Income": -13
    },
    "2017-09-30": {
        "Diluted EPS": -46.0,
        "Total Revenue": NaN,
        "Gross Profit": NaN,
        "Operating Income": -4,
        "EBIT": -4,
        "Net Income": -4
    },
    "2017-06-30": {
        "Diluted EPS": -41.6,
        "Total Revenue": NaN,
        "Gross Profit": NaN,
        "Operating Income": -3,
        "EBIT": -3,
        "Net Income": -4
    },
    "2017-03-31": {
        "Diluted EPS": -29.2,
        "Total Revenue": NaN,
        "Gross Profit": NaN,
        "Operating Income": -3,
        "EBIT": -3,
        "Net Income": -3
    },
    "2016-12-31": {
        "Diluted EPS": -32.0,
        "Total Revenue": NaN,
        "Gross Profit": NaN,
        "Operating Income": -2,
        "EBIT": 0,
        "Net Income": -1
    },
    "2016-09-30": {
        "Diluted EPS": -40.0,
        "Total Revenue": NaN,
        "Gross Profit": NaN,
        "Operating Income": -2,
        "EBIT": -2,
        "Net Income": -1
    },
    "2016-06-30": {
        "Diluted EPS": 0.0,
        "Total Revenue": NaN,
        "Gross Profit": NaN,
        "Operating Income": NaN,
        "EBIT": NaN,
        "Net Income": NaN
    },
    "2016-03-31": {
        "Diluted EPS": -120.0,
        "Total Revenue": NaN,
        "Gross Profit": NaN,
        "Operating Income": -5,
        "EBIT": -5,
        "Net Income": -3
    },
    "2015-12-31": {
        "Diluted EPS": -152.0,
        "Total Revenue": 0,
        "Gross Profit": 0,
        "Operating Income": 0,
        "EBIT": 0,
        "Net Income": -4
    },
    "2015-09-30": {
        "Diluted EPS": -16.0,
        "Total Revenue": 0,
        "Gross Profit": 0,
        "Operating Income": -1,
        "EBIT": -1,
        "Net Income": 0
    },
    "2015-06-30": {
        "Diluted EPS": 0.0,
        "Total Revenue": NaN,
        "Gross Profit": NaN,
        "Operating Income": NaN,
        "EBIT": NaN,
        "Net Income": NaN
    },
    "2015-03-31": {
        "Diluted EPS": -72.0,
        "Total Revenue": 0,
        "Gross Profit": 0,
        "Operating Income": -1,
        "EBIT": -1,
        "Net Income": -1
    },
    "2014-12-31": {
        "Diluted EPS": -624.0,
        "Total Revenue": NaN,
        "Gross Profit": NaN,
        "Operating Income": -11,
        "EBIT": 0,
        "Net Income": -11
    },
    "2014-09-30": {
        "Diluted EPS": -304.0,
        "Total Revenue": NaN,
        "Gross Profit": NaN,
        "Operating Income": -5,
        "EBIT": -5,
        "Net Income": -5
    },
    "2014-06-30": {
        "Diluted EPS": 0.0,
        "Total Revenue": NaN,
        "Gross Profit": NaN,
        "Operating Income": NaN,
        "EBIT": NaN,
        "Net Income": NaN
    },
    "2014-03-31": {
        "Diluted EPS": -696.0,
        "Total Revenue": NaN,
        "Gross Profit": NaN,
        "Operating Income": -2,
        "EBIT": -2,
        "Net Income": -5
    },
    "2013-12-31": {
        "Diluted EPS": -384.0,
        "Total Revenue": NaN,
        "Gross Profit": NaN,
        "Operating Income": -2,
        "EBIT": -2,
        "Net Income": -2
    },
    "2013-09-30": {
        "Diluted EPS": -624.0,
        "Total Revenue": 0,
        "Gross Profit": 0,
        "Operating Income": -2,
        "EBIT": -2,
        "Net Income": -2
    },
    "2013-06-30": {
        "Diluted EPS": -800.0,
        "Total Revenue": NaN,
        "Gross Profit": NaN,
        "Operating Income": -1,
        "EBIT": -1,
        "Net Income": -2
    },
    "2013-03-31": {
        "Diluted EPS": -544.0,
        "Total Revenue": NaN,
        "Gross Profit": NaN,
        "Operating Income": -1,
        "EBIT": -1,
        "Net Income": -1
    },
    "2012-12-31": {
        "Diluted EPS": -800.0,
        "Total Revenue": NaN,
        "Gross Profit": NaN,
        "Operating Income": -1,
        "EBIT": -1,
        "Net Income": -1
    },
    "2012-09-30": {
        "Diluted EPS": NaN,
        "Total Revenue": NaN,
        "Gross Profit": NaN,
        "Operating Income": -1,
        "EBIT": -1,
        "Net Income": -2
    },
    "2012-06-30": {
        "Diluted EPS": NaN,
        "Total Revenue": NaN,
        "Gross Profit": NaN,
        "Operating Income": -1,
        "EBIT": -1,
        "Net Income": -1
    },
    "2012-03-31": {
        "Diluted EPS": NaN,
        "Total Revenue": NaN,
        "Gross Profit": NaN,
        "Operating Income": -1,
        "EBIT": -1,
        "Net Income": -1
    },
    "2011-12-31": {
        "Diluted EPS": NaN,
        "Total Revenue": 0,
        "Gross Profit": 0,
        "Operating Income": -1,
        "EBIT": -1,
        "Net Income": -3
    },
    "2011-09-30": {
        "Diluted EPS": NaN,
        "Total Revenue": NaN,
        "Gross Profit": NaN,
        "Operating Income": -1,
        "EBIT": -1,
        "Net Income": -1
    },
    "2011-06-30": {
        "Diluted EPS": NaN,
        "Total Revenue": NaN,
        "Gross Profit": NaN,
        "Operating Income": -1,
        "EBIT": -1,
        "Net Income": -3
    },
    "2011-03-31": {
        "Diluted EPS": NaN,
        "Total Revenue": NaN,
        "Gross Profit": NaN,
        "Operating Income": -1,
        "EBIT": -1,
        "Net Income": -1
    },
    "2010-12-31": {
        "Diluted EPS": NaN,
        "Total Revenue": NaN,
        "Gross Profit": NaN,
        "Operating Income": -1,
        "EBIT": -1,
        "Net Income": -1
    },
    "2010-09-30": {
        "Diluted EPS": NaN,
        "Total Revenue": NaN,
        "Gross Profit": NaN,
        "Operating Income": -2,
        "EBIT": -12,
        "Net Income": -2
    },
    "2010-06-30": {
        "Diluted EPS": NaN,
        "Total Revenue": NaN,
        "Gross Profit": NaN,
        "Operating Income": -7,
        "EBIT": -2,
        "Net Income": -12
    },
    "2010-03-31": {
        "Diluted EPS": NaN,
        "Total Revenue": NaN,
        "Gross Profit": NaN,
        "Operating Income": -4,
        "EBIT": 1,
        "Net Income": -5
    },
    "2009-12-31": {
        "Diluted EPS": NaN,
        "Total Revenue": 0,
        "Gross Profit": 0,
        "Operating Income": -2,
        "EBIT": -1,
        "Net Income": -2
    },
    "2009-09-30": {
        "Diluted EPS": -800.0,
        "Total Revenue": NaN,
        "Gross Profit": NaN,
        "Operating Income": -2,
        "EBIT": -2,
        "Net Income": 0
    },
    "2009-06-30": {
        "Diluted EPS": NaN,
        "Total Revenue": NaN,
        "Gross Profit": NaN,
        "Operating Income": -1,
        "EBIT": -1,
        "Net Income": -2
    },
    "2009-03-31": {
        "Diluted EPS": NaN,
        "Total Revenue": 0,
        "Gross Profit": 0,
        "Operating Income": -1,
        "EBIT": -1,
        "Net Income": -1
    },
    "2023-06-30": {
        "Tax Effect Of Unusual Items": 0.0,
        "Tax Rate For Calcs": 0.0,
        "Normalized EBITDA": -3890000.0,
        "Total Unusual Items": -36000.0,
        "Total Unusual Items Excluding Goodwill": -36000.0,
        "Net Income From Continuing Operation Net Minority Interest": -4341000.0,
        "Reconciled Depreciation": 185000.0,
        "EBITDA": -3926000.0,
        "EBIT": -4111000.0,
        "Net Interest Income": -173000.0,
        "Interest Expense": 230000.0,
        "Interest Income": 57000.0,
        "Normalized Income": -4305000.0,
        "Net Income From Continuing And Discontinued Operation": -4341000.0,
        "Total Expenses": 4140000.0,
        "Total Operating Income As Reported": -4140000.0,
        "Diluted Average Shares": 2212364.0,
        "Basic Average Shares": 2212364.0,
        "Diluted EPS": -1.96,
        "Basic EPS": -1.96,
        "Diluted NI Availto Com Stockholders": -4341000.0,
        "Net Income Common Stockholders": -4341000.0,
        "Net Income": -4341000.0,
        "Net Income Including Noncontrolling Interests": -4341000.0,
        "Net Income Continuous Operations": -4341000.0,
        "Pretax Income": -4341000.0,
        "Other Income Expense": -28000.0,
        "Other Non Operating Income Expenses": 8000.0,
        "Special Income Charges": 0.0,
        "Other Special Charges": NaN,
        "Gain On Sale Of Security": -36000.0,
        "Net Non Operating Interest Income Expense": -173000.0,
        "Interest Expense Non Operating": 230000.0,
        "Interest Income Non Operating": 57000.0,
        "Operating Income": -4140000.0,
        "Operating Expense": 4140000.0,
        "Research And Development": 2338000.0,
        "Selling General And Administration": 1802000.0,
        "General And Administrative Expense": 1802000.0,
        "Other Gand A": 1479000.0,
        "Salaries And Wages": 323000.0,
        "Total Revenue": 0.0,
        "Operating Revenue": 0.0
    }
}