{
    "2023-03-31": {
        "Tax Effect Of Unusual Items": 0.0,
        "Tax Rate For Calcs": 0.022222,
        "Normalized EBITDA": -114000.0,
        "Net Income From Continuing Operation Net Minority Interest": -44000.0,
        "Reconciled Depreciation": 24000.0,
        "Reconciled Cost Of Revenue": 1023000.0,
        "EBIT": -138000.0,
        "Net Interest Income": 93000.0,
        "Interest Expense": NaN,
        "Interest Income": 93000.0,
        "Normalized Income": -44000.0,
        "Net Income From Continuing And Discontinued Operation": -44000.0,
        "Total Expenses": 2183000.0,
        "Total Operating Income As Reported": -138000.0,
        "Diluted Average Shares": 3428021.0,
        "Basic Average Shares": 3428021.0,
        "Diluted EPS": -0.01,
        "Basic EPS": -0.01,
        "Diluted NI Availto Com Stockholders": -44000.0,
        "Net Income Common Stockholders": -44000.0,
        "Net Income": -44000.0,
        "Net Income Including Noncontrolling Interests": -44000.0,
        "Net Income Continuous Operations": -44000.0,
        "Tax Provision": -1000.0,
        "Pretax Income": -45000.0,
        "Net Non Operating Interest Income Expense": 93000.0,
        "Interest Expense Non Operating": NaN,
        "Interest Income Non Operating": 93000.0,
        "Operating Income": -138000.0,
        "Operating Expense": 1160000.0,
        "Research And Development": 268000.0,
        "Selling General And Administration": 892000.0,
        "Selling And Marketing Expense": 370000.0,
        "General And Administrative Expense": 522000.0,
        "Other Gand A": 522000.0,
        "Gross Profit": 1022000.0,
        "Cost Of Revenue": 1023000.0,
        "Total Revenue": 2045000.0,
        "Operating Revenue": 2045000.0
    },
    "2022-12-31": {
        "Tax Effect Of Unusual Items": 0.0,
        "Tax Rate For Calcs": 0.062284,
        "Normalized EBITDA": 317000.0,
        "Net Income From Continuing Operation Net Minority Interest": 271000.0,
        "Reconciled Depreciation": 28000.0,
        "Reconciled Cost Of Revenue": 1010000.0,
        "EBIT": 289000.0,
        "Net Interest Income": 66000.0,
        "Interest Expense": 0.0,
        "Interest Income": 66000.0,
        "Normalized Income": 271000.0,
        "Net Income From Continuing And Discontinued Operation": 271000.0,
        "Total Expenses": 1891000.0,
        "Total Operating Income As Reported": 223000.0,
        "Diluted Average Shares": 3538380.0,
        "Basic Average Shares": 3411556.0,
        "Diluted EPS": 0.08,
        "Basic EPS": 0.08,
        "Diluted NI Availto Com Stockholders": 271000.0,
        "Net Income Common Stockholders": 271000.0,
        "Net Income": 271000.0,
        "Net Income Including Noncontrolling Interests": 271000.0,
        "Net Income Continuous Operations": 271000.0,
        "Tax Provision": 18000.0,
        "Pretax Income": 289000.0,
        "Net Non Operating Interest Income Expense": 66000.0,
        "Interest Expense Non Operating": 0.0,
        "Interest Income Non Operating": 66000.0,
        "Operating Income": 223000.0,
        "Operating Expense": 881000.0,
        "Research And Development": 194000.0,
        "Selling General And Administration": 687000.0,
        "Selling And Marketing Expense": 286000.0,
        "General And Administrative Expense": 401000.0,
        "Other Gand A": 401000.0,
        "Gross Profit": 1104000.0,
        "Cost Of Revenue": 1010000.0,
        "Total Revenue": 2114000.0,
        "Operating Revenue": 2114000.0
    },
    "2022-09-30": {
        "Tax Effect Of Unusual Items": 0.0,
        "Tax Rate For Calcs": 0.207792,
        "Normalized EBITDA": 194000.0,
        "Net Income From Continuing Operation Net Minority Interest": 122000.0,
        "Reconciled Depreciation": 39000.0,
        "Reconciled Cost Of Revenue": 1053000.0,
        "EBIT": 155000.0,
        "Net Interest Income": 35000.0,
        "Interest Expense": 1000.0,
        "Interest Income": 36000.0,
        "Normalized Income": 122000.0,
        "Net Income From Continuing And Discontinued Operation": 122000.0,
        "Total Expenses": 2097000.0,
        "Total Operating Income As Reported": 119000.0,
        "Diluted Average Shares": 3482996.0,
        "Basic Average Shares": 3401880.0,
        "Diluted EPS": 0.04,
        "Basic EPS": 0.04,
        "Diluted NI Availto Com Stockholders": 122000.0,
        "Net Income Common Stockholders": 122000.0,
        "Net Income": 122000.0,
        "Net Income Including Noncontrolling Interests": 122000.0,
        "Net Income Continuous Operations": 122000.0,
        "Tax Provision": 32000.0,
        "Pretax Income": 154000.0,
        "Net Non Operating Interest Income Expense": 35000.0,
        "Interest Expense Non Operating": 1000.0,
        "Interest Income Non Operating": 36000.0,
        "Operating Income": 119000.0,
        "Operating Expense": 1044000.0,
        "Research And Development": 190000.0,
        "Selling General And Administration": 854000.0,
        "Selling And Marketing Expense": 357000.0,
        "General And Administrative Expense": 497000.0,
        "Other Gand A": 497000.0,
        "Gross Profit": 1163000.0,
        "Cost Of Revenue": 1053000.0,
        "Total Revenue": 2216000.0,
        "Operating Revenue": 2216000.0
    },
    "2022-06-30": {
        "Tax Effect Of Unusual Items": 0.0,
        "Tax Rate For Calcs": 0.206704,
        "Normalized EBITDA": -327000.0,
        "Net Income From Continuing Operation Net Minority Interest": -284000.0,
        "Reconciled Depreciation": 38000.0,
        "Reconciled Cost Of Revenue": 1156000.0,
        "EBIT": -365000.0,
        "Net Interest Income": 7000.0,
        "Interest Expense": NaN,
        "Interest Income": 7000.0,
        "Normalized Income": -284000.0,
        "Net Income From Continuing And Discontinued Operation": -284000.0,
        "Total Expenses": 2929000.0,
        "Total Operating Income As Reported": -365000.0,
        "Diluted Average Shares": 3395521.0,
        "Basic Average Shares": 3395521.0,
        "Diluted EPS": -0.08,
        "Basic EPS": -0.08,
        "Diluted NI Availto Com Stockholders": -284000.0,
        "Net Income Common Stockholders": -284000.0,
        "Net Income": -284000.0,
        "Net Income Including Noncontrolling Interests": -284000.0,
        "Net Income Continuous Operations": -284000.0,
        "Tax Provision": -74000.0,
        "Pretax Income": -358000.0,
        "Net Non Operating Interest Income Expense": 7000.0,
        "Interest Expense Non Operating": NaN,
        "Interest Income Non Operating": 7000.0,
        "Operating Income": -365000.0,
        "Operating Expense": 1773000.0,
        "Research And Development": 221000.0,
        "Selling General And Administration": 1552000.0,
        "Selling And Marketing Expense": 427000.0,
        "General And Administrative Expense": 1125000.0,
        "Other Gand A": 1125000.0,
        "Gross Profit": 1408000.0,
        "Cost Of Revenue": 1156000.0,
        "Total Revenue": 2564000.0,
        "Operating Revenue": 2564000.0
    },
    "2022-03-31": {
        "Diluted EPS": 0.0,
        "Total Revenue": 2,
        "Gross Profit": 1,
        "Operating Income": 0,
        "EBIT": 0,
        "Net Income": 0
    },
    "2021-12-31": {
        "Diluted EPS": 0.06,
        "Total Revenue": 2,
        "Gross Profit": 1,
        "Operating Income": 0,
        "EBIT": 0,
        "Net Income": 0
    },
    "2021-09-30": {
        "Diluted EPS": 0.0,
        "Total Revenue": 2,
        "Gross Profit": 1,
        "Operating Income": 0,
        "EBIT": 0,
        "Net Income": 0
    },
    "2021-06-30": {
        "Diluted EPS": 0.06,
        "Total Revenue": 2,
        "Gross Profit": 1,
        "Operating Income": 0,
        "EBIT": 0,
        "Net Income": 0
    },
    "2021-03-31": {
        "Diluted EPS": 0.0,
        "Total Revenue": 2,
        "Gross Profit": 1,
        "Operating Income": 0,
        "EBIT": 0,
        "Net Income": 0
    },
    "2020-12-31": {
        "Diluted EPS": -0.01,
        "Total Revenue": 2,
        "Gross Profit": 1,
        "Operating Income": 0,
        "EBIT": 0,
        "Net Income": 0
    },
    "2020-09-30": {
        "Diluted EPS": -0.01,
        "Total Revenue": 2,
        "Gross Profit": 1,
        "Operating Income": 0,
        "EBIT": 0,
        "Net Income": 0
    },
    "2020-06-30": {
        "Diluted EPS": 0.01,
        "Total Revenue": 2,
        "Gross Profit": 1,
        "Operating Income": 0,
        "EBIT": 0,
        "Net Income": 0
    },
    "2020-03-31": {
        "Diluted EPS": -0.03,
        "Total Revenue": 2,
        "Gross Profit": 1,
        "Operating Income": 0,
        "EBIT": 0,
        "Net Income": 0
    },
    "2019-12-31": {
        "Diluted EPS": 0.03,
        "Total Revenue": 2,
        "Gross Profit": 1,
        "Operating Income": 0,
        "EBIT": 0,
        "Net Income": 0
    },
    "2019-09-30": {
        "Diluted EPS": 0.01,
        "Total Revenue": 2,
        "Gross Profit": 1,
        "Operating Income": 0,
        "EBIT": 0,
        "Net Income": 0
    },
    "2019-06-30": {
        "Diluted EPS": 0.03,
        "Total Revenue": 2,
        "Gross Profit": 1,
        "Operating Income": 0,
        "EBIT": 0,
        "Net Income": 0
    },
    "2019-03-31": {
        "Diluted EPS": -0.01,
        "Total Revenue": 2,
        "Gross Profit": 1,
        "Operating Income": 0,
        "EBIT": 0,
        "Net Income": 0
    },
    "2018-12-31": {
        "Diluted EPS": 0.01,
        "Total Revenue": 2,
        "Gross Profit": 1,
        "Operating Income": 0,
        "EBIT": 0,
        "Net Income": 0
    },
    "2018-09-30": {
        "Diluted EPS": 0.06,
        "Total Revenue": 2,
        "Gross Profit": 1,
        "Operating Income": 0,
        "EBIT": 0,
        "Net Income": 0
    },
    "2018-06-30": {
        "Diluted EPS": -0.01,
        "Total Revenue": 2,
        "Gross Profit": 1,
        "Operating Income": 0,
        "EBIT": 0,
        "Net Income": 0
    },
    "2018-03-31": {
        "Diluted EPS": -0.06,
        "Total Revenue": 2,
        "Gross Profit": 1,
        "Operating Income": 0,
        "EBIT": 0,
        "Net Income": 0
    },
    "2017-12-31": {
        "Diluted EPS": 0.01,
        "Total Revenue": 2,
        "Gross Profit": 1,
        "Operating Income": 0,
        "EBIT": 0,
        "Net Income": 0
    },
    "2017-09-30": {
        "Diluted EPS": 0.04,
        "Total Revenue": 2,
        "Gross Profit": 1,
        "Operating Income": 0,
        "EBIT": 0,
        "Net Income": 0
    },
    "2017-06-30": {
        "Diluted EPS": 0.06,
        "Total Revenue": 2,
        "Gross Profit": 1,
        "Operating Income": 0,
        "EBIT": 0,
        "Net Income": 0
    },
    "2017-03-31": {
        "Diluted EPS": -0.02,
        "Total Revenue": 2,
        "Gross Profit": 1,
        "Operating Income": 0,
        "EBIT": 0,
        "Net Income": 0
    },
    "2016-12-31": {
        "Diluted EPS": 0.04,
        "Total Revenue": 2,
        "Gross Profit": 1,
        "Operating Income": 0,
        "EBIT": 0,
        "Net Income": 0
    },
    "2016-09-30": {
        "Diluted EPS": 0.01,
        "Total Revenue": 2,
        "Gross Profit": 1,
        "Operating Income": 0,
        "EBIT": 0,
        "Net Income": 0
    },
    "2016-06-30": {
        "Diluted EPS": 0.04,
        "Total Revenue": 2,
        "Gross Profit": 1,
        "Operating Income": 0,
        "EBIT": 0,
        "Net Income": 0
    },
    "2016-03-31": {
        "Diluted EPS": -0.03,
        "Total Revenue": 2,
        "Gross Profit": 1,
        "Operating Income": 0,
        "EBIT": 0,
        "Net Income": 0
    },
    "2015-12-31": {
        "Diluted EPS": 0.02,
        "Total Revenue": 2,
        "Gross Profit": 1,
        "Operating Income": 0,
        "EBIT": 0,
        "Net Income": 0
    },
    "2015-09-30": {
        "Diluted EPS": 0.05,
        "Total Revenue": 2,
        "Gross Profit": 1,
        "Operating Income": 0,
        "EBIT": 0,
        "Net Income": 0
    },
    "2015-06-30": {
        "Diluted EPS": 0.14,
        "Total Revenue": 2,
        "Gross Profit": 1,
        "Operating Income": 0,
        "EBIT": 0,
        "Net Income": 0
    },
    "2015-03-31": {
        "Diluted EPS": 0.15,
        "Total Revenue": 2,
        "Gross Profit": 1,
        "Operating Income": 0,
        "EBIT": 0,
        "Net Income": 1
    },
    "2014-12-31": {
        "Diluted EPS": 0.05,
        "Total Revenue": 2,
        "Gross Profit": 1,
        "Operating Income": 0,
        "EBIT": 0,
        "Net Income": 0
    },
    "2014-09-30": {
        "Diluted EPS": 0.09,
        "Total Revenue": 2,
        "Gross Profit": 1,
        "Operating Income": 0,
        "EBIT": 0,
        "Net Income": 0
    },
    "2014-06-30": {
        "Diluted EPS": 0.05,
        "Total Revenue": 2,
        "Gross Profit": 1,
        "Operating Income": 0,
        "EBIT": 0,
        "Net Income": 0
    },
    "2014-03-31": {
        "Diluted EPS": 0.11,
        "Total Revenue": 2,
        "Gross Profit": 1,
        "Operating Income": 0,
        "EBIT": 0,
        "Net Income": 0
    },
    "2013-12-31": {
        "Diluted EPS": 0.07,
        "Total Revenue": 2,
        "Gross Profit": 1,
        "Operating Income": 0,
        "EBIT": 0,
        "Net Income": 0
    },
    "2013-09-30": {
        "Diluted EPS": 0.02,
        "Total Revenue": 2,
        "Gross Profit": 1,
        "Operating Income": 0,
        "EBIT": 0,
        "Net Income": 0
    },
    "2013-06-30": {
        "Diluted EPS": 0.07,
        "Total Revenue": 2,
        "Gross Profit": 1,
        "Operating Income": 0,
        "EBIT": 0,
        "Net Income": 0
    },
    "2013-03-31": {
        "Diluted EPS": 0.04,
        "Total Revenue": 2,
        "Gross Profit": 1,
        "Operating Income": 0,
        "EBIT": 0,
        "Net Income": 0
    },
    "2012-12-31": {
        "Diluted EPS": 0.2,
        "Total Revenue": 1,
        "Gross Profit": 1,
        "Operating Income": 0,
        "EBIT": 0,
        "Net Income": 1
    },
    "2012-09-30": {
        "Diluted EPS": 0.04,
        "Total Revenue": 2,
        "Gross Profit": 1,
        "Operating Income": 0,
        "EBIT": 0,
        "Net Income": 0
    },
    "2012-06-30": {
        "Diluted EPS": 0.05,
        "Total Revenue": 2,
        "Gross Profit": 1,
        "Operating Income": 0,
        "EBIT": 0,
        "Net Income": 0
    },
    "2012-03-31": {
        "Diluted EPS": 0.02,
        "Total Revenue": 2,
        "Gross Profit": 1,
        "Operating Income": 0,
        "EBIT": 0,
        "Net Income": 0
    },
    "2011-12-31": {
        "Diluted EPS": 0.07,
        "Total Revenue": 1,
        "Gross Profit": 1,
        "Operating Income": 0,
        "EBIT": 0,
        "Net Income": 0
    },
    "2011-09-30": {
        "Diluted EPS": 0.03,
        "Total Revenue": 2,
        "Gross Profit": 1,
        "Operating Income": 0,
        "EBIT": 0,
        "Net Income": 0
    },
    "2011-06-30": {
        "Diluted EPS": 0.03,
        "Total Revenue": 2,
        "Gross Profit": 1,
        "Operating Income": 0,
        "EBIT": 0,
        "Net Income": 0
    },
    "2011-03-31": {
        "Diluted EPS": 0.03,
        "Total Revenue": 2,
        "Gross Profit": 1,
        "Operating Income": 0,
        "EBIT": 0,
        "Net Income": 0
    },
    "2010-12-31": {
        "Diluted EPS": 0.05,
        "Total Revenue": 1,
        "Gross Profit": 1,
        "Operating Income": 0,
        "EBIT": 0,
        "Net Income": 0
    },
    "2010-09-30": {
        "Diluted EPS": 0.04,
        "Total Revenue": 2,
        "Gross Profit": 1,
        "Operating Income": 0,
        "EBIT": 0,
        "Net Income": 0
    },
    "2010-06-30": {
        "Diluted EPS": 0.04,
        "Total Revenue": 2,
        "Gross Profit": 1,
        "Operating Income": 0,
        "EBIT": 0,
        "Net Income": 0
    },
    "2010-03-31": {
        "Diluted EPS": 0.02,
        "Total Revenue": 2,
        "Gross Profit": 1,
        "Operating Income": 0,
        "EBIT": 0,
        "Net Income": 0
    },
    "2009-12-31": {
        "Diluted EPS": 0.06,
        "Total Revenue": 2,
        "Gross Profit": -1,
        "Operating Income": -4,
        "EBIT": -4,
        "Net Income": 0
    },
    "2009-09-30": {
        "Diluted EPS": 0.05,
        "Total Revenue": 2,
        "Gross Profit": 1,
        "Operating Income": 0,
        "EBIT": 0,
        "Net Income": 0
    },
    "2009-06-30": {
        "Diluted EPS": 0.0,
        "Total Revenue": 1,
        "Gross Profit": 1,
        "Operating Income": 0,
        "EBIT": 0,
        "Net Income": 0
    },
    "2009-03-31": {
        "Diluted EPS": -0.01,
        "Total Revenue": 1,
        "Gross Profit": 1,
        "Operating Income": 0,
        "EBIT": 0,
        "Net Income": 0
    },
    "2023-06-30": {
        "Tax Effect Of Unusual Items": 0.0,
        "Tax Rate For Calcs": 0.15942,
        "Normalized EBITDA": 162000.0,
        "Net Income From Continuing Operation Net Minority Interest": 116000.0,
        "Reconciled Depreciation": 23000.0,
        "Reconciled Cost Of Revenue": 1069000.0,
        "EBIT": 139000.0,
        "Net Interest Income": 94000.0,
        "Interest Expense": 1000.0,
        "Interest Income": 95000.0,
        "Normalized Income": 116000.0,
        "Net Income From Continuing And Discontinued Operation": 116000.0,
        "Total Expenses": 2093000.0,
        "Total Operating Income As Reported": 44000.0,
        "Diluted Average Shares": 3443394.0,
        "Basic Average Shares": 3428021.0,
        "Diluted EPS": 0.03,
        "Basic EPS": 0.03,
        "Diluted NI Availto Com Stockholders": 116000.0,
        "Net Income Common Stockholders": 116000.0,
        "Net Income": 116000.0,
        "Net Income Including Noncontrolling Interests": 116000.0,
        "Net Income Continuous Operations": 116000.0,
        "Tax Provision": 22000.0,
        "Pretax Income": 138000.0,
        "Net Non Operating Interest Income Expense": 94000.0,
        "Interest Expense Non Operating": 1000.0,
        "Interest Income Non Operating": 95000.0,
        "Operating Income": 44000.0,
        "Operating Expense": 1024000.0,
        "Research And Development": 238000.0,
        "Selling General And Administration": 786000.0,
        "Selling And Marketing Expense": 344000.0,
        "General And Administrative Expense": 442000.0,
        "Other Gand A": 442000.0,
        "Gross Profit": 1068000.0,
        "Cost Of Revenue": 1069000.0,
        "Total Revenue": 2137000.0,
        "Operating Revenue": 2137000.0
    }
}