{
    "2023-06-30": {
        "Tax Effect Of Unusual Items": -266910.0,
        "Tax Rate For Calcs": 0.21,
        "Normalized EBITDA": -4084000.0,
        "Total Unusual Items": -1271000.0,
        "Total Unusual Items Excluding Goodwill": -1271000.0,
        "Net Income From Continuing Operation Net Minority Interest": -7730000.0,
        "Reconciled Depreciation": 954000.0,
        "Reconciled Cost Of Revenue": 3637000.0,
        "EBITDA": -5355000.0,
        "EBIT": -6309000.0,
        "Net Interest Income": -1409000.0,
        "Interest Expense": 1409000.0,
        "Normalized Income": -6725910.0,
        "Net Income From Continuing And Discontinued Operation": -10621000.0,
        "Total Expenses": 11389000.0,
        "Total Operating Income As Reported": -6309000.0,
        "Diluted Average Shares": 16223919.0,
        "Basic Average Shares": 16223919.0,
        "Diluted EPS": -0.66,
        "Basic EPS": -0.65,
        "Diluted NI Availto Com Stockholders": -10621000.0,
        "Net Income Common Stockholders": -10621000.0,
        "Net Income": -10621000.0,
        "Net Income Including Noncontrolling Interests": -10621000.0,
        "Net Income Discontinuous Operations": -2891000.0,
        "Net Income Continuous Operations": -7730000.0,
        "Tax Provision": 12000.0,
        "Pretax Income": -7718000.0,
        "Other Income Expense": -1271000.0,
        "Other Non Operating Income Expenses": NaN,
        "Special Income Charges": -1271000.0,
        "Other Special Charges": 1271000.0,
        "Gain On Sale Of Security": NaN,
        "Net Non Operating Interest Income Expense": -1409000.0,
        "Interest Expense Non Operating": 1409000.0,
        "Operating Income": -5038000.0,
        "Operating Expense": 7752000.0,
        "Research And Development": 869000.0,
        "Selling General And Administration": 6883000.0,
        "Selling And Marketing Expense": 3022000.0,
        "General And Administrative Expense": 3861000.0,
        "Other Gand A": 3861000.0,
        "Gross Profit": 2714000.0,
        "Cost Of Revenue": 3637000.0,
        "Total Revenue": 6351000.0,
        "Operating Revenue": 6351000.0
    },
    "2023-03-31": {
        "Tax Effect Of Unusual Items": -401310.0,
        "Tax Rate For Calcs": 0.21,
        "Normalized EBITDA": -5481000.0,
        "Total Unusual Items": -1911000.0,
        "Total Unusual Items Excluding Goodwill": -1911000.0,
        "Net Income From Continuing Operation Net Minority Interest": -9781000.0,
        "Reconciled Depreciation": 947000.0,
        "Reconciled Cost Of Revenue": 3018000.0,
        "EBITDA": -7392000.0,
        "EBIT": -8339000.0,
        "Net Interest Income": -1430000.0,
        "Interest Expense": 1430000.0,
        "Normalized Income": -8271310.0,
        "Net Income From Continuing And Discontinued Operation": -7974000.0,
        "Total Expenses": 12820000.0,
        "Total Operating Income As Reported": -8339000.0,
        "Diluted Average Shares": 16149567.0,
        "Basic Average Shares": 16149567.0,
        "Diluted EPS": -0.49,
        "Basic EPS": -0.49,
        "Diluted NI Availto Com Stockholders": -7974000.0,
        "Net Income Common Stockholders": -7974000.0,
        "Net Income": -7974000.0,
        "Net Income Including Noncontrolling Interests": -7974000.0,
        "Net Income Discontinuous Operations": 1807000.0,
        "Net Income Continuous Operations": -9781000.0,
        "Tax Provision": 12000.0,
        "Pretax Income": -9769000.0,
        "Other Income Expense": -1911000.0,
        "Other Non Operating Income Expenses": NaN,
        "Special Income Charges": -1911000.0,
        "Other Special Charges": 1911000.0,
        "Gain On Sale Of Security": NaN,
        "Net Non Operating Interest Income Expense": -1430000.0,
        "Interest Expense Non Operating": 1430000.0,
        "Operating Income": -6428000.0,
        "Operating Expense": 9802000.0,
        "Research And Development": 1591000.0,
        "Selling General And Administration": 8211000.0,
        "Selling And Marketing Expense": 4691000.0,
        "General And Administrative Expense": 3520000.0,
        "Other Gand A": 3520000.0,
        "Gross Profit": 3374000.0,
        "Cost Of Revenue": 3018000.0,
        "Total Revenue": 6392000.0,
        "Operating Revenue": 6392000.0
    },
    "2022-12-31": {
        "Tax Effect Of Unusual Items": NaN,
        "Tax Rate For Calcs": NaN,
        "Normalized EBITDA": NaN,
        "Total Unusual Items": NaN,
        "Total Unusual Items Excluding Goodwill": NaN,
        "Net Income From Continuing Operation Net Minority Interest": NaN,
        "Reconciled Depreciation": NaN,
        "Reconciled Cost Of Revenue": NaN,
        "EBITDA": NaN,
        "EBIT": NaN,
        "Net Interest Income": NaN,
        "Interest Expense": NaN,
        "Normalized Income": NaN,
        "Net Income From Continuing And Discontinued Operation": NaN,
        "Total Expenses": NaN,
        "Total Operating Income As Reported": NaN,
        "Diluted Average Shares": NaN,
        "Basic Average Shares": NaN,
        "Diluted EPS": NaN,
        "Basic EPS": NaN,
        "Diluted NI Availto Com Stockholders": NaN,
        "Net Income Common Stockholders": NaN,
        "Net Income": NaN,
        "Net Income Including Noncontrolling Interests": NaN,
        "Net Income Discontinuous Operations": NaN,
        "Net Income Continuous Operations": NaN,
        "Tax Provision": NaN,
        "Pretax Income": NaN,
        "Other Income Expense": NaN,
        "Other Non Operating Income Expenses": 4962000.0,
        "Special Income Charges": NaN,
        "Other Special Charges": NaN,
        "Gain On Sale Of Security": NaN,
        "Net Non Operating Interest Income Expense": NaN,
        "Interest Expense Non Operating": NaN,
        "Operating Income": NaN,
        "Operating Expense": NaN,
        "Research And Development": NaN,
        "Selling General And Administration": NaN,
        "Selling And Marketing Expense": NaN,
        "General And Administrative Expense": NaN,
        "Other Gand A": NaN,
        "Gross Profit": NaN,
        "Cost Of Revenue": NaN,
        "Total Revenue": NaN,
        "Operating Revenue": NaN
    },
    "2022-09-30": {
        "Tax Effect Of Unusual Items": NaN,
        "Tax Rate For Calcs": NaN,
        "Normalized EBITDA": NaN,
        "Total Unusual Items": NaN,
        "Total Unusual Items Excluding Goodwill": NaN,
        "Net Income From Continuing Operation Net Minority Interest": NaN,
        "Reconciled Depreciation": NaN,
        "Reconciled Cost Of Revenue": NaN,
        "EBITDA": NaN,
        "EBIT": NaN,
        "Net Interest Income": NaN,
        "Interest Expense": NaN,
        "Normalized Income": NaN,
        "Net Income From Continuing And Discontinued Operation": NaN,
        "Total Expenses": NaN,
        "Total Operating Income As Reported": NaN,
        "Diluted Average Shares": NaN,
        "Basic Average Shares": NaN,
        "Diluted EPS": NaN,
        "Basic EPS": NaN,
        "Diluted NI Availto Com Stockholders": NaN,
        "Net Income Common Stockholders": NaN,
        "Net Income": NaN,
        "Net Income Including Noncontrolling Interests": NaN,
        "Net Income Discontinuous Operations": 1119000.0,
        "Net Income Continuous Operations": NaN,
        "Tax Provision": NaN,
        "Pretax Income": NaN,
        "Other Income Expense": NaN,
        "Other Non Operating Income Expenses": -803000.0,
        "Special Income Charges": NaN,
        "Other Special Charges": NaN,
        "Gain On Sale Of Security": NaN,
        "Net Non Operating Interest Income Expense": NaN,
        "Interest Expense Non Operating": NaN,
        "Operating Income": NaN,
        "Operating Expense": NaN,
        "Research And Development": NaN,
        "Selling General And Administration": NaN,
        "Selling And Marketing Expense": NaN,
        "General And Administrative Expense": NaN,
        "Other Gand A": NaN,
        "Gross Profit": NaN,
        "Cost Of Revenue": NaN,
        "Total Revenue": NaN,
        "Operating Revenue": NaN
    },
    "2022-06-30": {
        "Tax Effect Of Unusual Items": 0.0,
        "Tax Rate For Calcs": 0.4,
        "Normalized EBITDA": -8182000.0,
        "Total Unusual Items": NaN,
        "Total Unusual Items Excluding Goodwill": NaN,
        "Net Income From Continuing Operation Net Minority Interest": -9398000.0,
        "Reconciled Depreciation": 934000.0,
        "Reconciled Cost Of Revenue": 7740000.0,
        "EBITDA": -8182000.0,
        "EBIT": -8182000.0,
        "Net Interest Income": -1204000.0,
        "Interest Expense": 1204000.0,
        "Normalized Income": -9398000.0,
        "Net Income From Continuing And Discontinued Operation": -9398000.0,
        "Total Expenses": 20820000.0,
        "Total Operating Income As Reported": -8182000.0,
        "Diluted Average Shares": 13620196.0,
        "Basic Average Shares": 13620196.0,
        "Diluted EPS": -0.69,
        "Basic EPS": -0.69,
        "Diluted NI Availto Com Stockholders": -9398000.0,
        "Net Income Common Stockholders": -9398000.0,
        "Otherunder Preferred Stock Dividend": NaN,
        "Net Income": -9398000.0,
        "Net Income Including Noncontrolling Interests": -9398000.0,
        "Net Income Continuous Operations": -9398000.0,
        "Tax Provision": 12000.0,
        "Pretax Income": -9386000.0,
        "Other Income Expense": NaN,
        "Other Non Operating Income Expenses": NaN,
        "Special Income Charges": NaN,
        "Other Special Charges": NaN,
        "Net Non Operating Interest Income Expense": -1204000.0,
        "Interest Expense Non Operating": 1204000.0,
        "Operating Income": -8182000.0,
        "Operating Expense": 13080000.0,
        "Research And Development": 2617000.0,
        "Selling General And Administration": 10463000.0,
        "Selling And Marketing Expense": 5406000.0,
        "General And Administrative Expense": 5057000.0,
        "Other Gand A": 5057000.0,
        "Gross Profit": 4898000.0,
        "Cost Of Revenue": 7740000.0,
        "Total Revenue": 12638000.0,
        "Operating Revenue": 12638000.0
    },
    "2023-09-30": {
        "Tax Effect Of Unusual Items": -860160.0,
        "Tax Rate For Calcs": 0.21,
        "Normalized EBITDA": -2010000.0,
        "Total Unusual Items": -4096000.0,
        "Total Unusual Items Excluding Goodwill": -4096000.0,
        "Net Income From Continuing Operation Net Minority Interest": -8519000.0,
        "Reconciled Depreciation": 953000.0,
        "Reconciled Cost Of Revenue": 3286000.0,
        "EBITDA": -6106000.0,
        "EBIT": -7059000.0,
        "Net Interest Income": -1448000.0,
        "Interest Expense": 1448000.0,
        "Normalized Income": -5283160.0,
        "Net Income From Continuing And Discontinued Operation": -9747000.0,
        "Total Expenses": 9402000.0,
        "Total Operating Income As Reported": -7371000.0,
        "Diluted Average Shares": 17017610.0,
        "Basic Average Shares": 17017610.0,
        "Diluted EPS": -0.57,
        "Basic EPS": -0.57,
        "Diluted NI Availto Com Stockholders": -9747000.0,
        "Net Income Common Stockholders": -9747000.0,
        "Net Income": -9747000.0,
        "Net Income Including Noncontrolling Interests": -9747000.0,
        "Net Income Discontinuous Operations": -1228000.0,
        "Net Income Continuous Operations": -8519000.0,
        "Tax Provision": 12000.0,
        "Pretax Income": -8507000.0,
        "Other Income Expense": -3784000.0,
        "Other Non Operating Income Expenses": 312000.0,
        "Special Income Charges": -4096000.0,
        "Other Special Charges": 4096000.0,
        "Gain On Sale Of Security": NaN,
        "Net Non Operating Interest Income Expense": -1448000.0,
        "Interest Expense Non Operating": 1448000.0,
        "Operating Income": -3275000.0,
        "Operating Expense": 6116000.0,
        "Research And Development": 557000.0,
        "Selling General And Administration": 5559000.0,
        "Selling And Marketing Expense": 2802000.0,
        "General And Administrative Expense": 2757000.0,
        "Other Gand A": 2757000.0,
        "Gross Profit": 2841000.0,
        "Cost Of Revenue": 3286000.0,
        "Total Revenue": 6127000.0,
        "Operating Revenue": 6127000.0
    },
    "2023-12-31": {
        "Tax Effect Of Unusual Items": -1424.031517,
        "Tax Rate For Calcs": 0.000525,
        "Normalized EBITDA": -10114000.0,
        "Total Unusual Items": -2711000.0,
        "Total Unusual Items Excluding Goodwill": -2711000.0,
        "Net Income From Continuing Operation Net Minority Interest": -15222000.0,
        "Reconciled Depreciation": 894000.0,
        "Reconciled Cost Of Revenue": 3749000.0,
        "EBITDA": -12825000.0,
        "EBIT": -13719000.0,
        "Net Interest Income": -1511000.0,
        "Interest Expense": 1511000.0,
        "Normalized Income": -12512424.031517,
        "Net Income From Continuing And Discontinued Operation": -9314000.0,
        "Total Expenses": 11672000.0,
        "Total Operating Income As Reported": -8508000.0,
        "Diluted Average Shares": 23195190.0,
        "Basic Average Shares": 23195190.0,
        "Diluted EPS": -0.41,
        "Basic EPS": -0.41,
        "Diluted NI Availto Com Stockholders": -9314000.0,
        "Net Income Common Stockholders": -9314000.0,
        "Net Income": -9314000.0,
        "Net Income Including Noncontrolling Interests": -9314000.0,
        "Net Income Discontinuous Operations": 5908000.0,
        "Net Income Continuous Operations": -15222000.0,
        "Tax Provision": -8000.0,
        "Pretax Income": -15230000.0,
        "Other Income Expense": -7922000.0,
        "Other Non Operating Income Expenses": -5211000.0,
        "Special Income Charges": -2711000.0,
        "Other Special Charges": 2711000.0,
        "Gain On Sale Of Security": NaN,
        "Net Non Operating Interest Income Expense": -1511000.0,
        "Interest Expense Non Operating": 1511000.0,
        "Operating Income": -5797000.0,
        "Operating Expense": 7923000.0,
        "Research And Development": 1383000.0,
        "Selling General And Administration": 6540000.0,
        "Selling And Marketing Expense": 2573000.0,
        "General And Administrative Expense": 3967000.0,
        "Other Gand A": 3967000.0,
        "Gross Profit": 2126000.0,
        "Cost Of Revenue": 3749000.0,
        "Total Revenue": 5875000.0,
        "Operating Revenue": 5875000.0
    },
    "2024-03-31": {
        "Tax Effect Of Unusual Items": -2398620.0,
        "Tax Rate For Calcs": 0.21,
        "Normalized EBITDA": -4387000.0,
        "Total Unusual Items": -11422000.0,
        "Total Unusual Items Excluding Goodwill": -11422000.0,
        "Net Income From Continuing Operation Net Minority Interest": -17994000.0,
        "Reconciled Depreciation": 864000.0,
        "Reconciled Cost Of Revenue": 3851000.0,
        "EBITDA": -15809000.0,
        "EBIT": -16673000.0,
        "Net Interest Income": -1313000.0,
        "Interest Expense": 1313000.0,
        "Normalized Income": -8970620.0,
        "Net Income From Continuing And Discontinued Operation": -17994000.0,
        "Total Expenses": 13388000.0,
        "Total Operating Income As Reported": -8479000.0,
        "Diluted Average Shares": 23912326.0,
        "Basic Average Shares": 23912326.0,
        "Diluted EPS": -0.75,
        "Basic EPS": -0.75,
        "Diluted NI Availto Com Stockholders": -17994000.0,
        "Net Income Common Stockholders": -17994000.0,
        "Net Income": -17994000.0,
        "Net Income Including Noncontrolling Interests": -17994000.0,
        "Net Income Discontinuous Operations": 0.0,
        "Net Income Continuous Operations": -17994000.0,
        "Tax Provision": 8000.0,
        "Pretax Income": -17986000.0,
        "Other Income Expense": -9979000.0,
        "Other Non Operating Income Expenses": 1443000.0,
        "Special Income Charges": -1785000.0,
        "Other Special Charges": 1785000.0,
        "Gain On Sale Of Security": -9637000.0,
        "Net Non Operating Interest Income Expense": -1313000.0,
        "Interest Expense Non Operating": 1313000.0,
        "Operating Income": -6694000.0,
        "Operating Expense": 9537000.0,
        "Research And Development": 1172000.0,
        "Selling General And Administration": 8365000.0,
        "Selling And Marketing Expense": 3309000.0,
        "General And Administrative Expense": 5056000.0,
        "Other Gand A": 5056000.0,
        "Gross Profit": 2843000.0,
        "Cost Of Revenue": 3851000.0,
        "Total Revenue": 6694000.0,
        "Operating Revenue": 6694000.0
    },
    "2024-06-30": {
        "Tax Effect Of Unusual Items": -7997.109725,
        "Tax Rate For Calcs": 0.000388,
        "Normalized EBITDA": -5616000.0,
        "Total Unusual Items": -20626000.0,
        "Total Unusual Items Excluding Goodwill": -20626000.0,
        "Net Income From Continuing Operation Net Minority Interest": -28360000.0,
        "Reconciled Depreciation": 862000.0,
        "Reconciled Cost Of Revenue": 3492000.0,
        "EBITDA": -26242000.0,
        "EBIT": -27104000.0,
        "Net Interest Income": -1267000.0,
        "Interest Expense": 1267000.0,
        "Normalized Income": -7741997.109725,
        "Net Income From Continuing And Discontinued Operation": -28180000.0,
        "Total Expenses": 12512000.0,
        "Total Operating Income As Reported": -8510000.0,
        "Diluted Average Shares": 24900167.0,
        "Basic Average Shares": 24900167.0,
        "Diluted EPS": -1.13,
        "Basic EPS": -1.13,
        "Diluted NI Availto Com Stockholders": -28180000.0,
        "Net Income Common Stockholders": -28180000.0,
        "Net Income": -28180000.0,
        "Net Income Including Noncontrolling Interests": -28180000.0,
        "Net Income Discontinuous Operations": 180000.0,
        "Net Income Continuous Operations": -28360000.0,
        "Tax Provision": -11000.0,
        "Pretax Income": -28371000.0,
        "Other Income Expense": -20883000.0,
        "Other Non Operating Income Expenses": -257000.0,
        "Special Income Charges": -2289000.0,
        "Other Special Charges": 2289000.0,
        "Gain On Sale Of Security": -18337000.0,
        "Net Non Operating Interest Income Expense": -1267000.0,
        "Interest Expense Non Operating": 1267000.0,
        "Operating Income": -6221000.0,
        "Operating Expense": 9020000.0,
        "Research And Development": 1001000.0,
        "Selling General And Administration": 8019000.0,
        "Selling And Marketing Expense": 3330000.0,
        "General And Administrative Expense": 4689000.0,
        "Other Gand A": 4689000.0,
        "Gross Profit": 2799000.0,
        "Cost Of Revenue": 3492000.0,
        "Total Revenue": 6291000.0,
        "Operating Revenue": 6291000.0
    }
}