{
    "2023-06-30": {
        "Tax Effect Of Unusual Items": NaN,
        "Tax Rate For Calcs": NaN,
        "Total Unusual Items": 0.0,
        "Total Unusual Items Excluding Goodwill": 0.0,
        "Net Income From Continuing Operation Net Minority Interest": NaN,
        "Reconciled Depreciation": NaN,
        "EBIT": NaN,
        "Net Interest Income": NaN,
        "Interest Expense": NaN,
        "Normalized Income": NaN,
        "Net Income From Continuing And Discontinued Operation": NaN,
        "Total Expenses": NaN,
        "Diluted Average Shares": NaN,
        "Basic Average Shares": NaN,
        "Diluted EPS": NaN,
        "Basic EPS": NaN,
        "Diluted NI Availto Com Stockholders": NaN,
        "Net Income Common Stockholders": NaN,
        "Net Income": NaN,
        "Minority Interests": NaN,
        "Net Income Including Noncontrolling Interests": NaN,
        "Net Income Continuous Operations": NaN,
        "Tax Provision": NaN,
        "Pretax Income": NaN,
        "Other Income Expense": NaN,
        "Special Income Charges": 0.0,
        "Other Special Charges": NaN,
        "Net Non Operating Interest Income Expense": NaN,
        "Interest Expense Non Operating": NaN,
        "Other Operating Expenses": NaN,
        "Depreciation And Amortization In Income Statement": NaN,
        "Amortization": NaN,
        "Selling General And Administration": 4818000000.0,
        "Total Revenue": NaN,
        "Operating Revenue": NaN,
        "Loss Adjustment Expense": NaN,
        "Net Policyholder Benefits And Claims": NaN
    },
    "2023-03-31": {
        "Tax Effect Of Unusual Items": NaN,
        "Tax Rate For Calcs": NaN,
        "Total Unusual Items": NaN,
        "Total Unusual Items Excluding Goodwill": NaN,
        "Net Income From Continuing Operation Net Minority Interest": NaN,
        "Reconciled Depreciation": NaN,
        "EBIT": NaN,
        "Net Interest Income": NaN,
        "Interest Expense": NaN,
        "Normalized Income": NaN,
        "Net Income From Continuing And Discontinued Operation": NaN,
        "Total Expenses": NaN,
        "Diluted Average Shares": NaN,
        "Basic Average Shares": NaN,
        "Diluted EPS": NaN,
        "Basic EPS": NaN,
        "Diluted NI Availto Com Stockholders": NaN,
        "Net Income Common Stockholders": NaN,
        "Net Income": NaN,
        "Minority Interests": NaN,
        "Net Income Including Noncontrolling Interests": NaN,
        "Net Income Continuous Operations": NaN,
        "Tax Provision": NaN,
        "Pretax Income": NaN,
        "Other Income Expense": NaN,
        "Special Income Charges": NaN,
        "Other Special Charges": NaN,
        "Net Non Operating Interest Income Expense": NaN,
        "Interest Expense Non Operating": NaN,
        "Other Operating Expenses": NaN,
        "Depreciation And Amortization In Income Statement": NaN,
        "Amortization": NaN,
        "Selling General And Administration": 4800000000.0,
        "Total Revenue": NaN,
        "Operating Revenue": NaN,
        "Loss Adjustment Expense": NaN,
        "Net Policyholder Benefits And Claims": NaN
    },
    "2022-12-31": {
        "Tax Effect Of Unusual Items": NaN,
        "Tax Rate For Calcs": NaN,
        "Total Unusual Items": 0.0,
        "Total Unusual Items Excluding Goodwill": 0.0,
        "Net Income From Continuing Operation Net Minority Interest": NaN,
        "Reconciled Depreciation": NaN,
        "EBIT": NaN,
        "Net Interest Income": NaN,
        "Interest Expense": NaN,
        "Normalized Income": NaN,
        "Net Income From Continuing And Discontinued Operation": NaN,
        "Total Expenses": NaN,
        "Diluted Average Shares": NaN,
        "Basic Average Shares": NaN,
        "Diluted EPS": NaN,
        "Basic EPS": NaN,
        "Diluted NI Availto Com Stockholders": NaN,
        "Net Income Common Stockholders": NaN,
        "Net Income": NaN,
        "Minority Interests": NaN,
        "Net Income Including Noncontrolling Interests": NaN,
        "Net Income Continuous Operations": NaN,
        "Tax Provision": NaN,
        "Pretax Income": NaN,
        "Other Income Expense": NaN,
        "Special Income Charges": 0.0,
        "Other Special Charges": NaN,
        "Net Non Operating Interest Income Expense": NaN,
        "Interest Expense Non Operating": NaN,
        "Other Operating Expenses": NaN,
        "Depreciation And Amortization In Income Statement": NaN,
        "Amortization": NaN,
        "Selling General And Administration": 4562000000.0,
        "Total Revenue": NaN,
        "Operating Revenue": NaN,
        "Loss Adjustment Expense": NaN,
        "Net Policyholder Benefits And Claims": NaN
    },
    "2022-09-30": {
        "Tax Effect Of Unusual Items": NaN,
        "Tax Rate For Calcs": NaN,
        "Total Unusual Items": 0.0,
        "Total Unusual Items Excluding Goodwill": 0.0,
        "Net Income From Continuing Operation Net Minority Interest": NaN,
        "Reconciled Depreciation": NaN,
        "EBIT": NaN,
        "Net Interest Income": NaN,
        "Interest Expense": NaN,
        "Normalized Income": NaN,
        "Net Income From Continuing And Discontinued Operation": NaN,
        "Total Expenses": NaN,
        "Diluted Average Shares": NaN,
        "Basic Average Shares": NaN,
        "Diluted EPS": NaN,
        "Basic EPS": NaN,
        "Diluted NI Availto Com Stockholders": NaN,
        "Net Income Common Stockholders": NaN,
        "Net Income": NaN,
        "Minority Interests": NaN,
        "Net Income Including Noncontrolling Interests": NaN,
        "Net Income Continuous Operations": NaN,
        "Tax Provision": NaN,
        "Pretax Income": NaN,
        "Other Income Expense": NaN,
        "Special Income Charges": 0.0,
        "Net Non Operating Interest Income Expense": NaN,
        "Interest Expense Non Operating": NaN,
        "Other Operating Expenses": NaN,
        "Depreciation And Amortization In Income Statement": NaN,
        "Amortization": NaN,
        "Selling General And Administration": 4514000000.0,
        "Total Revenue": NaN,
        "Operating Revenue": NaN
    },
    "2022-06-30": {
        "Tax Effect Of Unusual Items": 0.0,
        "Tax Rate For Calcs": 0.23,
        "Total Unusual Items": 0.0,
        "Total Unusual Items Excluding Goodwill": 0.0,
        "Net Income From Continuing Operation Net Minority Interest": 1653000000.0,
        "Reconciled Depreciation": 393000000.0,
        "EBIT": 2351000000.0,
        "Net Interest Income": -208000000.0,
        "Interest Expense": 208000000.0,
        "Normalized Income": 1653000000.0,
        "Net Income From Continuing And Discontinued Operation": 1653000000.0,
        "Total Expenses": 36489000000.0,
        "Diluted Average Shares": 243400000.0,
        "Basic Average Shares": 240700000.0,
        "Diluted EPS": 6.73,
        "Basic EPS": 6.8,
        "Diluted NI Availto Com Stockholders": 1653000000.0,
        "Net Income Common Stockholders": 1653000000.0,
        "Net Income": 1653000000.0,
        "Minority Interests": 3000000.0,
        "Net Income Including Noncontrolling Interests": 1650000000.0,
        "Net Income Continuous Operations": 1650000000.0,
        "Tax Provision": 493000000.0,
        "Pretax Income": 2143000000.0,
        "Other Income Expense": 3568000000.0,
        "Special Income Charges": 0.0,
        "Net Non Operating Interest Income Expense": -208000000.0,
        "Interest Expense Non Operating": 208000000.0,
        "Other Operating Expenses": 3069000000.0,
        "Depreciation And Amortization In Income Statement": 166000000.0,
        "Amortization": 166000000.0,
        "Selling General And Administration": 4269000000.0,
        "Total Revenue": 38632000000.0,
        "Operating Revenue": 38632000000.0
    },
    "2022-03-31": {
        "Diluted EPS": 7.32,
        "Total Revenue": NaN,
        "Gross Profit": NaN,
        "Operating Income": NaN,
        "EBIT": NaN,
        "Net Income": NaN
    },
    "2021-12-31": {
        "Diluted EPS": 4.64,
        "Total Revenue": NaN,
        "Gross Profit": NaN,
        "Operating Income": NaN,
        "EBIT": NaN,
        "Net Income": NaN
    },
    "2021-09-30": {
        "Diluted EPS": 6.13,
        "Total Revenue": NaN,
        "Gross Profit": NaN,
        "Operating Income": NaN,
        "EBIT": NaN,
        "Net Income": NaN
    },
    "2021-06-30": {
        "Diluted EPS": 7.25,
        "Total Revenue": NaN,
        "Gross Profit": NaN,
        "Operating Income": NaN,
        "EBIT": NaN,
        "Net Income": NaN
    },
    "2021-03-31": {
        "Diluted EPS": 6.71,
        "Total Revenue": NaN,
        "Gross Profit": NaN,
        "Operating Income": NaN,
        "EBIT": NaN,
        "Net Income": NaN
    },
    "2020-12-31": {
        "Diluted EPS": 2.26,
        "Total Revenue": NaN,
        "Gross Profit": NaN,
        "Operating Income": 804,
        "EBIT": NaN,
        "Net Income": 551
    },
    "2020-09-30": {
        "Diluted EPS": 0.87,
        "Total Revenue": NaN,
        "Gross Profit": NaN,
        "Operating Income": 617,
        "EBIT": 925,
        "Net Income": 222
    },
    "2020-06-30": {
        "Diluted EPS": 8.91,
        "Total Revenue": NaN,
        "Gross Profit": NaN,
        "Operating Income": NaN,
        "EBIT": NaN,
        "Net Income": NaN
    },
    "2020-03-31": {
        "Diluted EPS": 5.94,
        "Total Revenue": NaN,
        "Gross Profit": NaN,
        "Operating Income": NaN,
        "EBIT": NaN,
        "Net Income": NaN
    },
    "2019-12-31": {
        "Diluted EPS": 3.65,
        "Total Revenue": NaN,
        "Gross Profit": NaN,
        "Operating Income": NaN,
        "EBIT": NaN,
        "Net Income": 934
    },
    "2019-09-30": {
        "Diluted EPS": 4.55,
        "Total Revenue": NaN,
        "Gross Profit": NaN,
        "Operating Income": NaN,
        "EBIT": NaN,
        "Net Income": NaN
    },
    "2019-06-30": {
        "Diluted EPS": 4.36,
        "Total Revenue": NaN,
        "Gross Profit": NaN,
        "Operating Income": NaN,
        "EBIT": NaN,
        "Net Income": NaN
    },
    "2019-03-31": {
        "Diluted EPS": 5.91,
        "Total Revenue": NaN,
        "Gross Profit": NaN,
        "Operating Income": NaN,
        "EBIT": NaN,
        "Net Income": NaN
    },
    "2018-12-31": {
        "Diluted EPS": 1.6,
        "Total Revenue": NaN,
        "Gross Profit": NaN,
        "Operating Income": 725,
        "EBIT": NaN,
        "Net Income": 424
    },
    "2018-09-30": {
        "Diluted EPS": 3.62,
        "Total Revenue": NaN,
        "Gross Profit": NaN,
        "Operating Income": NaN,
        "EBIT": NaN,
        "Net Income": 960
    },
    "2018-06-30": {
        "Diluted EPS": 3.98,
        "Total Revenue": NaN,
        "Gross Profit": NaN,
        "Operating Income": NaN,
        "EBIT": NaN,
        "Net Income": NaN
    },
    "2018-03-31": {
        "Diluted EPS": 4.99,
        "Total Revenue": NaN,
        "Gross Profit": NaN,
        "Operating Income": NaN,
        "EBIT": NaN,
        "Net Income": NaN
    },
    "2017-12-31": {
        "Diluted EPS": 4.66,
        "Total Revenue": NaN,
        "Gross Profit": NaN,
        "Operating Income": 570,
        "EBIT": 798,
        "Net Income": NaN
    },
    "2017-09-30": {
        "Diluted EPS": 2.8,
        "Total Revenue": NaN,
        "Gross Profit": NaN,
        "Operating Income": NaN,
        "EBIT": NaN,
        "Net Income": 747
    },
    "2017-06-30": {
        "Diluted EPS": 3.16,
        "Total Revenue": NaN,
        "Gross Profit": NaN,
        "Operating Income": NaN,
        "EBIT": NaN,
        "Net Income": 855
    },
    "2017-03-31": {
        "Diluted EPS": 3.73,
        "Total Revenue": NaN,
        "Gross Profit": NaN,
        "Operating Income": NaN,
        "EBIT": NaN,
        "Net Income": NaN
    },
    "2016-12-31": {
        "Diluted EPS": 1.37,
        "Total Revenue": NaN,
        "Gross Profit": NaN,
        "Operating Income": 836,
        "EBIT": NaN,
        "Net Income": 369
    },
    "2016-09-30": {
        "Diluted EPS": 2.3,
        "Total Revenue": NaN,
        "Gross Profit": NaN,
        "Operating Income": NaN,
        "EBIT": NaN,
        "Net Income": 618
    },
    "2016-06-30": {
        "Diluted EPS": 2.91,
        "Total Revenue": NaN,
        "Gross Profit": NaN,
        "Operating Income": NaN,
        "EBIT": NaN,
        "Net Income": 781
    },
    "2016-03-31": {
        "Diluted EPS": 2.63,
        "Total Revenue": NaN,
        "Gross Profit": NaN,
        "Operating Income": NaN,
        "EBIT": NaN,
        "Net Income": 703
    },
    "2015-12-31": {
        "Diluted EPS": 0.73,
        "Total Revenue": NaN,
        "Gross Profit": NaN,
        "Operating Income": 547,
        "EBIT": 778,
        "Net Income": 181
    },
    "2015-09-30": {
        "Diluted EPS": 2.43,
        "Total Revenue": NaN,
        "Gross Profit": NaN,
        "Operating Income": NaN,
        "EBIT": NaN,
        "Net Income": 655
    },
    "2015-06-30": {
        "Diluted EPS": 3.13,
        "Total Revenue": NaN,
        "Gross Profit": NaN,
        "Operating Income": NaN,
        "EBIT": NaN,
        "Net Income": 859
    },
    "2015-03-31": {
        "Diluted EPS": 3.09,
        "Total Revenue": NaN,
        "Gross Profit": NaN,
        "Operating Income": NaN,
        "EBIT": NaN,
        "Net Income": 865
    },
    "2014-12-31": {
        "Diluted EPS": 1.81,
        "Total Revenue": NaN,
        "Gross Profit": NaN,
        "Operating Income": NaN,
        "EBIT": NaN,
        "Net Income": 507
    },
    "2014-09-30": {
        "Diluted EPS": 2.22,
        "Total Revenue": NaN,
        "Gross Profit": NaN,
        "Operating Income": NaN,
        "EBIT": NaN,
        "Net Income": 631
    },
    "2014-06-30": {
        "Diluted EPS": 2.56,
        "Total Revenue": NaN,
        "Gross Profit": NaN,
        "Operating Income": NaN,
        "EBIT": NaN,
        "Net Income": 731
    },
    "2014-03-31": {
        "Diluted EPS": 2.4,
        "Total Revenue": NaN,
        "Gross Profit": NaN,
        "Operating Income": NaN,
        "EBIT": NaN,
        "Net Income": 701
    },
    "2013-12-31": {
        "Diluted EPS": 0.51,
        "Total Revenue": NaN,
        "Gross Profit": NaN,
        "Operating Income": 616,
        "EBIT": 853,
        "Net Income": 148
    },
    "2013-09-30": {
        "Diluted EPS": 2.16,
        "Total Revenue": NaN,
        "Gross Profit": NaN,
        "Operating Income": NaN,
        "EBIT": NaN,
        "Net Income": 656
    },
    "2013-06-30": {
        "Diluted EPS": 2.64,
        "Total Revenue": NaN,
        "Gross Profit": NaN,
        "Operating Income": NaN,
        "EBIT": NaN,
        "Net Income": 800
    },
    "2013-03-31": {
        "Diluted EPS": 2.89,
        "Total Revenue": NaN,
        "Gross Profit": NaN,
        "Operating Income": NaN,
        "EBIT": NaN,
        "Net Income": 885
    },
    "2012-12-31": {
        "Diluted EPS": 1.56,
        "Total Revenue": NaN,
        "Gross Profit": NaN,
        "Operating Income": 626,
        "EBIT": 819,
        "Net Income": 464
    },
    "2012-09-30": {
        "Diluted EPS": 2.15,
        "Total Revenue": NaN,
        "Gross Profit": NaN,
        "Operating Income": NaN,
        "EBIT": NaN,
        "Net Income": 691
    },
    "2012-06-30": {
        "Diluted EPS": 1.94,
        "Total Revenue": NaN,
        "Gross Profit": NaN,
        "Operating Income": NaN,
        "EBIT": NaN,
        "Net Income": 644
    },
    "2012-03-31": {
        "Diluted EPS": 2.53,
        "Total Revenue": NaN,
        "Gross Profit": NaN,
        "Operating Income": NaN,
        "EBIT": NaN,
        "Net Income": 857
    },
    "2011-12-31": {
        "Diluted EPS": 1.02,
        "Total Revenue": NaN,
        "Gross Profit": NaN,
        "Operating Income": 591,
        "EBIT": 771,
        "Net Income": 335
    },
    "2011-09-30": {
        "Diluted EPS": 1.9,
        "Total Revenue": NaN,
        "Gross Profit": NaN,
        "Operating Income": NaN,
        "EBIT": NaN,
        "Net Income": 683
    },
    "2011-06-30": {
        "Diluted EPS": 1.89,
        "Total Revenue": NaN,
        "Gross Profit": NaN,
        "Operating Income": NaN,
        "EBIT": NaN,
        "Net Income": 702
    },
    "2011-03-31": {
        "Diluted EPS": 2.44,
        "Total Revenue": NaN,
        "Gross Profit": NaN,
        "Operating Income": NaN,
        "EBIT": NaN,
        "Net Income": 927
    },
    "2010-12-31": {
        "Diluted EPS": 1.43,
        "Total Revenue": NaN,
        "Gross Profit": NaN,
        "Operating Income": 865,
        "EBIT": NaN,
        "Net Income": 549
    },
    "2010-09-30": {
        "Diluted EPS": 1.84,
        "Total Revenue": NaN,
        "Gross Profit": NaN,
        "Operating Income": NaN,
        "EBIT": NaN,
        "Net Income": 739
    },
    "2010-06-30": {
        "Diluted EPS": 1.71,
        "Total Revenue": NaN,
        "Gross Profit": NaN,
        "Operating Income": NaN,
        "EBIT": NaN,
        "Net Income": 722
    },
    "2010-03-31": {
        "Diluted EPS": 1.96,
        "Total Revenue": NaN,
        "Gross Profit": NaN,
        "Operating Income": NaN,
        "EBIT": NaN,
        "Net Income": 877
    },
    "2009-12-31": {
        "Diluted EPS": 5.76,
        "Total Revenue": NaN,
        "Gross Profit": NaN,
        "Operating Income": NaN,
        "EBIT": NaN,
        "Net Income": NaN
    },
    "2009-09-30": {
        "Diluted EPS": 1.53,
        "Total Revenue": NaN,
        "Gross Profit": NaN,
        "Operating Income": NaN,
        "EBIT": NaN,
        "Net Income": 730
    },
    "2009-06-30": {
        "Diluted EPS": 1.43,
        "Total Revenue": NaN,
        "Gross Profit": NaN,
        "Operating Income": NaN,
        "EBIT": NaN,
        "Net Income": 694
    },
    "2009-03-31": {
        "Diluted EPS": 1.16,
        "Total Revenue": NaN,
        "Gross Profit": NaN,
        "Operating Income": NaN,
        "EBIT": NaN,
        "Net Income": 580
    },
    "2023-09-30": {
        "Tax Effect Of Unusual Items": 0.0,
        "Tax Rate For Calcs": 0.214,
        "Total Unusual Items": 0.0,
        "Total Unusual Items Excluding Goodwill": 0.0,
        "Net Income From Continuing Operation Net Minority Interest": 1289000000.0,
        "Reconciled Depreciation": 426000000.0,
        "EBIT": 1913000000.0,
        "Net Interest Income": -259000000.0,
        "Interest Expense": 259000000.0,
        "Normalized Income": 1289000000.0,
        "Net Income From Continuing And Discontinued Operation": 1289000000.0,
        "Total Expenses": 41195000000.0,
        "Diluted Average Shares": 236500000.0,
        "Basic Average Shares": 235300000.0,
        "Diluted EPS": 5.45,
        "Basic EPS": 5.48,
        "Diluted NI Availto Com Stockholders": 1289000000.0,
        "Net Income Common Stockholders": 1289000000.0,
        "Net Income": 1289000000.0,
        "Minority Interests": -11000000.0,
        "Net Income Including Noncontrolling Interests": 1300000000.0,
        "Net Income Continuous Operations": 1300000000.0,
        "Tax Provision": 354000000.0,
        "Pretax Income": 1654000000.0,
        "Other Income Expense": 5177000000.0,
        "Special Income Charges": 0.0,
        "Other Special Charges": NaN,
        "Net Non Operating Interest Income Expense": -259000000.0,
        "Interest Expense Non Operating": 259000000.0,
        "Other Operating Expenses": 10118000000.0,
        "Depreciation And Amortization In Income Statement": 212000000.0,
        "Amortization": 212000000.0,
        "Selling General And Administration": NaN,
        "Total Revenue": 42849000000.0,
        "Operating Revenue": 42849000000.0,
        "Loss Adjustment Expense": 30606000000.0,
        "Net Policyholder Benefits And Claims": 30606000000.0
    },
    "2023-12-31": {
        "Tax Effect Of Unusual Items": 0.0,
        "Tax Rate For Calcs": 0.16983,
        "Total Unusual Items": NaN,
        "Total Unusual Items Excluding Goodwill": NaN,
        "Net Income From Continuing Operation Net Minority Interest": 856000000.0,
        "Reconciled Depreciation": 424000000.0,
        "EBIT": 1260000000.0,
        "Net Interest Income": -259000000.0,
        "Interest Expense": 259000000.0,
        "Normalized Income": 856000000.0,
        "Net Income From Continuing And Discontinued Operation": 856000000.0,
        "Total Expenses": 41646000000.0,
        "Diluted Average Shares": 235800000.0,
        "Basic Average Shares": 233071088.0,
        "Diluted EPS": 3.63,
        "Basic EPS": 3.672699,
        "Diluted NI Availto Com Stockholders": 856000000.0,
        "Net Income Common Stockholders": 856000000.0,
        "Net Income": 856000000.0,
        "Minority Interests": 25000000.0,
        "Net Income Including Noncontrolling Interests": 831000000.0,
        "Net Income Continuous Operations": 831000000.0,
        "Tax Provision": 170000000.0,
        "Pretax Income": 1001000000.0,
        "Other Income Expense": 5394000000.0,
        "Special Income Charges": NaN,
        "Other Special Charges": NaN,
        "Net Non Operating Interest Income Expense": -259000000.0,
        "Interest Expense Non Operating": 259000000.0,
        "Other Operating Expenses": 9836000000.0,
        "Depreciation And Amortization In Income Statement": 217000000.0,
        "Amortization": 217000000.0,
        "Selling General And Administration": NaN,
        "Total Revenue": 42647000000.0,
        "Operating Revenue": 42647000000.0,
        "Loss Adjustment Expense": 31334000000.0,
        "Net Policyholder Benefits And Claims": 31334000000.0
    },
    "2024-03-31": {
        "Tax Effect Of Unusual Items": 0.0,
        "Tax Rate For Calcs": 0.235,
        "Total Unusual Items": NaN,
        "Total Unusual Items Excluding Goodwill": NaN,
        "Net Income From Continuing Operation Net Minority Interest": 2246000000.0,
        "Reconciled Depreciation": 331000000.0,
        "EBIT": 3204000000.0,
        "Net Interest Income": -265000000.0,
        "Interest Expense": 265000000.0,
        "Normalized Income": 2246000000.0,
        "Net Income From Continuing And Discontinued Operation": 2246000000.0,
        "Total Expenses": 39638000000.0,
        "Diluted Average Shares": 234200000.0,
        "Basic Average Shares": 232700000.0,
        "Diluted EPS": 9.59,
        "Basic EPS": 9.65,
        "Diluted NI Availto Com Stockholders": 2246000000.0,
        "Net Income Common Stockholders": 2246000000.0,
        "Net Income": 2246000000.0,
        "Minority Interests": -3000000.0,
        "Net Income Including Noncontrolling Interests": 2249000000.0,
        "Net Income Continuous Operations": 2249000000.0,
        "Tax Provision": 690000000.0,
        "Pretax Income": 2939000000.0,
        "Other Income Expense": 4499000000.0,
        "Special Income Charges": NaN,
        "Other Special Charges": NaN,
        "Net Non Operating Interest Income Expense": -265000000.0,
        "Interest Expense Non Operating": 265000000.0,
        "Other Operating Expenses": 8711000000.0,
        "Depreciation And Amortization In Income Statement": 116000000.0,
        "Amortization": 116000000.0,
        "Selling General And Administration": NaN,
        "Total Revenue": 42577000000.0,
        "Operating Revenue": 42577000000.0,
        "Loss Adjustment Expense": 30546000000.0,
        "Net Policyholder Benefits And Claims": 30546000000.0
    },
    "2024-06-30": {
        "Tax Effect Of Unusual Items": 54960000.0,
        "Tax Rate For Calcs": 0.229,
        "Total Unusual Items": 240000000.0,
        "Total Unusual Items Excluding Goodwill": 240000000.0,
        "Net Income From Continuing Operation Net Minority Interest": 2300000000.0,
        "Reconciled Depreciation": 335000000.0,
        "EBIT": 3266000000.0,
        "Net Interest Income": -280000000.0,
        "Interest Expense": 280000000.0,
        "Normalized Income": 2114960000.0,
        "Net Income From Continuing And Discontinued Operation": 2300000000.0,
        "Total Expenses": 40660000000.0,
        "Diluted Average Shares": 233400000.0,
        "Basic Average Shares": 232200000.0,
        "Diluted EPS": 9.85,
        "Basic EPS": 9.91,
        "Diluted NI Availto Com Stockholders": 2300000000.0,
        "Net Income Common Stockholders": 2300000000.0,
        "Net Income": 2300000000.0,
        "Minority Interests": -1000000.0,
        "Net Income Including Noncontrolling Interests": 2301000000.0,
        "Net Income Continuous Operations": 2301000000.0,
        "Tax Provision": 685000000.0,
        "Pretax Income": 2986000000.0,
        "Other Income Expense": 5530000000.0,
        "Special Income Charges": 240000000.0,
        "Other Special Charges": -240000000.0,
        "Net Non Operating Interest Income Expense": -280000000.0,
        "Interest Expense Non Operating": 280000000.0,
        "Other Operating Expenses": 9886000000.0,
        "Depreciation And Amortization In Income Statement": 162000000.0,
        "Amortization": 162000000.0,
        "Selling General And Administration": NaN,
        "Total Revenue": 43646000000.0,
        "Operating Revenue": 43646000000.0,
        "Loss Adjustment Expense": 30572000000.0,
        "Net Policyholder Benefits And Claims": 30572000000.0
    },
    "2024-09-30": {
        "Tax Effect Of Unusual Items": -10374000.0,
        "Tax Rate For Calcs": 0.266,
        "Total Unusual Items": -39000000.0,
        "Total Unusual Items Excluding Goodwill": -39000000.0,
        "Net Income From Continuing Operation Net Minority Interest": 1016000000.0,
        "Reconciled Depreciation": 329000000.0,
        "EBIT": 1673000000.0,
        "Net Interest Income": -300000000.0,
        "Interest Expense": 300000000.0,
        "Normalized Income": 1044626000.0,
        "Net Income From Continuing And Discontinued Operation": 1016000000.0,
        "Total Expenses": 43772000000.0,
        "Diluted Average Shares": 233100000.0,
        "Basic Average Shares": 231900000.0,
        "Diluted EPS": 4.36,
        "Basic EPS": 4.38,
        "Diluted NI Availto Com Stockholders": 1016000000.0,
        "Net Income Common Stockholders": 1016000000.0,
        "Net Income": 1016000000.0,
        "Minority Interests": 8000000.0,
        "Net Income Including Noncontrolling Interests": 1008000000.0,
        "Net Income Continuous Operations": 1008000000.0,
        "Tax Provision": 365000000.0,
        "Pretax Income": 1373000000.0,
        "Other Income Expense": 5887000000.0,
        "Special Income Charges": -39000000.0,
        "Other Special Charges": 39000000.0,
        "Net Non Operating Interest Income Expense": -300000000.0,
        "Interest Expense Non Operating": 300000000.0,
        "Other Operating Expenses": 10362000000.0,
        "Depreciation And Amortization In Income Statement": 122000000.0,
        "Amortization": 122000000.0,
        "Selling General And Administration": NaN,
        "Total Revenue": 45145000000.0,
        "Operating Revenue": 45145000000.0,
        "Loss Adjustment Expense": 32949000000.0,
        "Net Policyholder Benefits And Claims": 32949000000.0
    }
}