{
    "2023-03-31": {
        "Tax Effect Of Unusual Items": NaN,
        "Tax Rate For Calcs": NaN,
        "Normalized EBITDA": NaN,
        "Total Unusual Items": NaN,
        "Total Unusual Items Excluding Goodwill": NaN,
        "Net Income From Continuing Operation Net Minority Interest": NaN,
        "Reconciled Depreciation": NaN,
        "EBITDA": NaN,
        "EBIT": NaN,
        "Net Interest Income": NaN,
        "Interest Income": NaN,
        "Normalized Income": NaN,
        "Net Income From Continuing And Discontinued Operation": NaN,
        "Total Expenses": NaN,
        "Total Operating Income As Reported": NaN,
        "Diluted Average Shares": 18514644.0,
        "Basic Average Shares": 18514644.0,
        "Diluted EPS": -0.8,
        "Basic EPS": -0.8,
        "Diluted NI Availto Com Stockholders": NaN,
        "Net Income Common Stockholders": NaN,
        "Net Income": NaN,
        "Net Income Including Noncontrolling Interests": NaN,
        "Net Income Continuous Operations": NaN,
        "Tax Provision": NaN,
        "Pretax Income": NaN,
        "Other Income Expense": NaN,
        "Other Non Operating Income Expenses": NaN,
        "Special Income Charges": NaN,
        "Restructuring And Mergern Acquisition": NaN,
        "Net Non Operating Interest Income Expense": NaN,
        "Interest Income Non Operating": NaN,
        "Operating Income": NaN,
        "Operating Expense": NaN,
        "Research And Development": NaN,
        "Selling General And Administration": NaN,
        "General And Administrative Expense": NaN,
        "Other Gand A": NaN,
        "Salaries And Wages": NaN,
        "Total Revenue": NaN,
        "Operating Revenue": NaN
    },
    "2022-12-31": {
        "Tax Effect Of Unusual Items": 0.0,
        "Tax Rate For Calcs": 0.0,
        "Normalized EBITDA": -10099000.0,
        "Net Income From Continuing Operation Net Minority Interest": -9550000.0,
        "Reconciled Depreciation": 64000.0,
        "EBITDA": -10099000.0,
        "EBIT": -10163000.0,
        "Net Interest Income": 613000.0,
        "Interest Income": 613000.0,
        "Normalized Income": -9550000.0,
        "Net Income From Continuing And Discontinued Operation": -9550000.0,
        "Total Expenses": 10163000.0,
        "Total Operating Income As Reported": -10163000.0,
        "Diluted Average Shares": NaN,
        "Basic Average Shares": NaN,
        "Diluted EPS": NaN,
        "Basic EPS": NaN,
        "Diluted NI Availto Com Stockholders": -9550000.0,
        "Net Income Common Stockholders": -9550000.0,
        "Net Income": -9550000.0,
        "Net Income Including Noncontrolling Interests": -9550000.0,
        "Net Income Continuous Operations": -9550000.0,
        "Pretax Income": -9550000.0,
        "Other Income Expense": NaN,
        "Other Non Operating Income Expenses": NaN,
        "Net Non Operating Interest Income Expense": 613000.0,
        "Interest Income Non Operating": 613000.0,
        "Operating Income": -10163000.0,
        "Operating Expense": 10163000.0,
        "Research And Development": 8197000.0,
        "Selling General And Administration": 1966000.0,
        "General And Administrative Expense": 1966000.0,
        "Other Gand A": 1966000.0,
        "Salaries And Wages": NaN,
        "Total Revenue": 0.0,
        "Operating Revenue": 0.0
    },
    "2022-09-30": {
        "Tax Effect Of Unusual Items": NaN,
        "Tax Rate For Calcs": NaN,
        "Normalized EBITDA": NaN,
        "Net Income From Continuing Operation Net Minority Interest": NaN,
        "Reconciled Depreciation": NaN,
        "EBITDA": NaN,
        "EBIT": NaN,
        "Net Interest Income": NaN,
        "Interest Income": NaN,
        "Normalized Income": NaN,
        "Net Income From Continuing And Discontinued Operation": NaN,
        "Total Expenses": NaN,
        "Total Operating Income As Reported": NaN,
        "Diluted Average Shares": 41100000.0,
        "Basic Average Shares": 41100000.0,
        "Diluted EPS": -0.256788,
        "Basic EPS": -0.256788,
        "Diluted NI Availto Com Stockholders": NaN,
        "Net Income Common Stockholders": NaN,
        "Net Income": NaN,
        "Net Income Including Noncontrolling Interests": NaN,
        "Net Income Continuous Operations": NaN,
        "Pretax Income": NaN,
        "Other Income Expense": NaN,
        "Other Non Operating Income Expenses": NaN,
        "Net Non Operating Interest Income Expense": NaN,
        "Interest Income Non Operating": NaN,
        "Operating Income": NaN,
        "Operating Expense": NaN,
        "Research And Development": NaN,
        "Selling General And Administration": NaN,
        "General And Administrative Expense": NaN,
        "Other Gand A": NaN,
        "Salaries And Wages": NaN,
        "Total Revenue": NaN,
        "Operating Revenue": NaN
    },
    "2022-06-30": {
        "Tax Effect Of Unusual Items": 0.0,
        "Tax Rate For Calcs": 0.0,
        "Normalized EBITDA": -8964000.0,
        "Net Income From Continuing Operation Net Minority Interest": -8889000.0,
        "Reconciled Depreciation": 52000.0,
        "EBITDA": -8964000.0,
        "EBIT": -9016000.0,
        "Net Interest Income": 127000.0,
        "Interest Income": 127000.0,
        "Normalized Income": -8889000.0,
        "Net Income From Continuing And Discontinued Operation": -8889000.0,
        "Total Expenses": 9016000.0,
        "Total Operating Income As Reported": -9016000.0,
        "Diluted Average Shares": 3103974.0,
        "Basic Average Shares": 3103974.0,
        "Diluted EPS": -2.86,
        "Basic EPS": -2.86,
        "Diluted NI Availto Com Stockholders": -8889000.0,
        "Net Income Common Stockholders": -8889000.0,
        "Net Income": -8889000.0,
        "Net Income Including Noncontrolling Interests": -8889000.0,
        "Net Income Continuous Operations": -8889000.0,
        "Pretax Income": -8889000.0,
        "Net Non Operating Interest Income Expense": 127000.0,
        "Interest Income Non Operating": 127000.0,
        "Operating Income": -9016000.0,
        "Operating Expense": 9016000.0,
        "Research And Development": 7937000.0,
        "Selling General And Administration": 1079000.0,
        "General And Administrative Expense": 1079000.0,
        "Other Gand A": 789000.0,
        "Salaries And Wages": 290000.0,
        "Total Revenue": 0.0,
        "Operating Revenue": 0.0
    },
    "2022-03-31": {
        "Diluted EPS": -3.01,
        "Total Revenue": NaN,
        "Gross Profit": NaN,
        "Operating Income": -9,
        "EBIT": -9,
        "Net Income": -9
    },
    "2021-12-31": {
        "Diluted EPS": -2.0,
        "Total Revenue": NaN,
        "Gross Profit": NaN,
        "Operating Income": -14,
        "EBIT": -14,
        "Net Income": -14
    },
    "2021-09-30": {
        "Diluted EPS": -2.2,
        "Total Revenue": NaN,
        "Gross Profit": NaN,
        "Operating Income": -14,
        "EBIT": -14,
        "Net Income": -14
    },
    "2021-06-30": {
        "Diluted EPS": -2.96,
        "Total Revenue": NaN,
        "Gross Profit": NaN,
        "Operating Income": -13,
        "EBIT": -13,
        "Net Income": -13
    },
    "2021-03-31": {
        "Diluted EPS": -2.32,
        "Total Revenue": NaN,
        "Gross Profit": NaN,
        "Operating Income": -10,
        "EBIT": -10,
        "Net Income": -10
    },
    "2020-12-31": {
        "Diluted EPS": 8.36,
        "Total Revenue": NaN,
        "Gross Profit": NaN,
        "Operating Income": -12,
        "EBIT": -11,
        "Net Income": -12
    },
    "2020-09-30": {
        "Diluted EPS": -2.88,
        "Total Revenue": NaN,
        "Gross Profit": NaN,
        "Operating Income": -12,
        "EBIT": -13,
        "Net Income": -12
    },
    "2020-06-30": {
        "Diluted EPS": -2.36,
        "Total Revenue": NaN,
        "Gross Profit": NaN,
        "Operating Income": -10,
        "EBIT": -10,
        "Net Income": -10
    },
    "2020-03-31": {
        "Diluted EPS": -17.24,
        "Total Revenue": NaN,
        "Gross Profit": NaN,
        "Operating Income": -7,
        "EBIT": -7,
        "Net Income": -15
    },
    "2019-12-31": {
        "Diluted EPS": -41.28,
        "Total Revenue": NaN,
        "Gross Profit": NaN,
        "Operating Income": -7,
        "EBIT": -7,
        "Net Income": -7
    },
    "2019-09-30": {
        "Diluted EPS": -37.72,
        "Total Revenue": NaN,
        "Gross Profit": NaN,
        "Operating Income": -7,
        "EBIT": -7,
        "Net Income": -7
    },
    "2019-06-30": {
        "Diluted EPS": -30.72,
        "Total Revenue": NaN,
        "Gross Profit": NaN,
        "Operating Income": -6,
        "EBIT": -6,
        "Net Income": -5
    },
    "2019-03-31": {
        "Diluted EPS": -23.88,
        "Total Revenue": NaN,
        "Gross Profit": NaN,
        "Operating Income": -4,
        "EBIT": -4,
        "Net Income": -4
    },
    "2023-06-30": {
        "Tax Effect Of Unusual Items": NaN,
        "Tax Rate For Calcs": NaN,
        "Normalized EBITDA": NaN,
        "Total Unusual Items": 0.0,
        "Total Unusual Items Excluding Goodwill": 0.0,
        "Net Income From Continuing Operation Net Minority Interest": NaN,
        "Reconciled Depreciation": NaN,
        "EBITDA": NaN,
        "EBIT": NaN,
        "Net Interest Income": NaN,
        "Interest Income": NaN,
        "Normalized Income": NaN,
        "Net Income From Continuing And Discontinued Operation": NaN,
        "Total Expenses": NaN,
        "Total Operating Income As Reported": NaN,
        "Diluted Average Shares": 40961024.0,
        "Basic Average Shares": 40961024.0,
        "Diluted EPS": -0.41,
        "Basic EPS": -0.41,
        "Diluted NI Availto Com Stockholders": NaN,
        "Net Income Common Stockholders": NaN,
        "Net Income": NaN,
        "Net Income Including Noncontrolling Interests": NaN,
        "Net Income Continuous Operations": NaN,
        "Tax Provision": 0.0,
        "Pretax Income": NaN,
        "Other Income Expense": NaN,
        "Other Non Operating Income Expenses": NaN,
        "Special Income Charges": 0.0,
        "Restructuring And Mergern Acquisition": 0.0,
        "Net Non Operating Interest Income Expense": NaN,
        "Interest Income Non Operating": NaN,
        "Operating Income": NaN,
        "Operating Expense": NaN,
        "Research And Development": NaN,
        "Selling General And Administration": NaN,
        "General And Administrative Expense": NaN,
        "Other Gand A": NaN,
        "Salaries And Wages": 1985000.0,
        "Total Revenue": NaN,
        "Operating Revenue": NaN
    },
    "2023-09-30": {
        "Tax Effect Of Unusual Items": 0.0,
        "Tax Rate For Calcs": 0.0,
        "Normalized EBITDA": -24170000.0,
        "Total Unusual Items": 0.0,
        "Total Unusual Items Excluding Goodwill": 0.0,
        "Net Income From Continuing Operation Net Minority Interest": -20769000.0,
        "Reconciled Depreciation": 78000.0,
        "EBITDA": -24170000.0,
        "EBIT": -24248000.0,
        "Net Interest Income": 3492000.0,
        "Interest Income": 3492000.0,
        "Normalized Income": -20769000.0,
        "Net Income From Continuing And Discontinued Operation": -20769000.0,
        "Total Expenses": 24248000.0,
        "Total Operating Income As Reported": -24248000.0,
        "Diluted Average Shares": 41030874.0,
        "Basic Average Shares": 41030874.0,
        "Diluted EPS": -0.51,
        "Basic EPS": -0.51,
        "Diluted NI Availto Com Stockholders": -20769000.0,
        "Net Income Common Stockholders": -20769000.0,
        "Net Income": -20769000.0,
        "Net Income Including Noncontrolling Interests": -20769000.0,
        "Net Income Continuous Operations": -20769000.0,
        "Tax Provision": 0.0,
        "Pretax Income": -20769000.0,
        "Other Income Expense": -13000.0,
        "Other Non Operating Income Expenses": -13000.0,
        "Special Income Charges": 0.0,
        "Restructuring And Mergern Acquisition": 0.0,
        "Net Non Operating Interest Income Expense": 3492000.0,
        "Interest Income Non Operating": 3492000.0,
        "Operating Income": -24248000.0,
        "Operating Expense": 24248000.0,
        "Research And Development": 19606000.0,
        "Selling General And Administration": 4642000.0,
        "General And Administrative Expense": 4642000.0,
        "Other Gand A": 4642000.0,
        "Salaries And Wages": NaN,
        "Total Revenue": 0.0,
        "Operating Revenue": 0.0
    },
    "2023-12-31": {
        "Tax Effect Of Unusual Items": 0.0,
        "Tax Rate For Calcs": 0.0,
        "Normalized EBITDA": -22651000.0,
        "Total Unusual Items": NaN,
        "Total Unusual Items Excluding Goodwill": NaN,
        "Net Income From Continuing Operation Net Minority Interest": -19370000.0,
        "Reconciled Depreciation": 78000.0,
        "EBITDA": -22651000.0,
        "EBIT": -22729000.0,
        "Net Interest Income": 3368000.0,
        "Interest Income": 3368000.0,
        "Normalized Income": -19370000.0,
        "Net Income From Continuing And Discontinued Operation": -19370000.0,
        "Total Expenses": 22729000.0,
        "Total Operating Income As Reported": -22729000.0,
        "Diluted Average Shares": NaN,
        "Basic Average Shares": NaN,
        "Diluted EPS": NaN,
        "Basic EPS": NaN,
        "Diluted NI Availto Com Stockholders": -19370000.0,
        "Net Income Common Stockholders": -19370000.0,
        "Net Income": -19370000.0,
        "Net Income Including Noncontrolling Interests": -19370000.0,
        "Net Income Continuous Operations": -19370000.0,
        "Tax Provision": NaN,
        "Pretax Income": -19370000.0,
        "Other Income Expense": -9000.0,
        "Other Non Operating Income Expenses": -9000.0,
        "Special Income Charges": NaN,
        "Restructuring And Mergern Acquisition": NaN,
        "Net Non Operating Interest Income Expense": 3368000.0,
        "Interest Income Non Operating": 3368000.0,
        "Operating Income": -22729000.0,
        "Operating Expense": 22729000.0,
        "Research And Development": 17905000.0,
        "Selling General And Administration": 4824000.0,
        "General And Administrative Expense": 4824000.0,
        "Other Gand A": 4824000.0,
        "Salaries And Wages": NaN,
        "Total Revenue": 0.0,
        "Operating Revenue": 0.0
    },
    "2024-03-31": {
        "Tax Effect Of Unusual Items": 0.0,
        "Tax Rate For Calcs": 0.0,
        "Normalized EBITDA": -25908000.0,
        "Total Unusual Items": NaN,
        "Total Unusual Items Excluding Goodwill": NaN,
        "Net Income From Continuing Operation Net Minority Interest": -22738000.0,
        "Reconciled Depreciation": 79000.0,
        "EBITDA": -25908000.0,
        "EBIT": -25987000.0,
        "Net Interest Income": 3250000.0,
        "Interest Income": 3250000.0,
        "Normalized Income": -22738000.0,
        "Net Income From Continuing And Discontinued Operation": -22738000.0,
        "Total Expenses": 25987000.0,
        "Total Operating Income As Reported": -25987000.0,
        "Diluted Average Shares": 42045608.0,
        "Basic Average Shares": 42045608.0,
        "Diluted EPS": -0.54,
        "Basic EPS": -0.54,
        "Diluted NI Availto Com Stockholders": -22738000.0,
        "Net Income Common Stockholders": -22738000.0,
        "Net Income": -22738000.0,
        "Net Income Including Noncontrolling Interests": -22738000.0,
        "Net Income Continuous Operations": -22738000.0,
        "Tax Provision": NaN,
        "Pretax Income": -22738000.0,
        "Other Income Expense": -1000.0,
        "Other Non Operating Income Expenses": -1000.0,
        "Special Income Charges": NaN,
        "Restructuring And Mergern Acquisition": NaN,
        "Net Non Operating Interest Income Expense": 3250000.0,
        "Interest Income Non Operating": 3250000.0,
        "Operating Income": -25987000.0,
        "Operating Expense": 25987000.0,
        "Research And Development": 19970000.0,
        "Selling General And Administration": 6017000.0,
        "General And Administrative Expense": 6017000.0,
        "Other Gand A": 6017000.0,
        "Salaries And Wages": NaN,
        "Total Revenue": 0.0,
        "Operating Revenue": 0.0
    },
    "2024-06-30": {
        "Tax Effect Of Unusual Items": 168000.0,
        "Tax Rate For Calcs": 0.21,
        "Normalized EBITDA": -25325000.0,
        "Total Unusual Items": 800000.0,
        "Total Unusual Items Excluding Goodwill": 800000.0,
        "Net Income From Continuing Operation Net Minority Interest": -19950000.0,
        "Reconciled Depreciation": 78000.0,
        "EBITDA": -24525000.0,
        "EBIT": -24603000.0,
        "Net Interest Income": 4086000.0,
        "Interest Income": 4086000.0,
        "Normalized Income": -20582000.0,
        "Net Income From Continuing And Discontinued Operation": -19950000.0,
        "Total Expenses": 24603000.0,
        "Total Operating Income As Reported": -24603000.0,
        "Diluted Average Shares": 48075035.0,
        "Basic Average Shares": 48075035.0,
        "Diluted EPS": -0.41,
        "Basic EPS": -0.41,
        "Diluted NI Availto Com Stockholders": -19950000.0,
        "Net Income Common Stockholders": -19950000.0,
        "Net Income": -19950000.0,
        "Net Income Including Noncontrolling Interests": -19950000.0,
        "Net Income Continuous Operations": -19950000.0,
        "Tax Provision": 232000.0,
        "Pretax Income": -19718000.0,
        "Other Income Expense": 799000.0,
        "Other Non Operating Income Expenses": -1000.0,
        "Special Income Charges": 800000.0,
        "Restructuring And Mergern Acquisition": -800000.0,
        "Net Non Operating Interest Income Expense": 4086000.0,
        "Interest Income Non Operating": 4086000.0,
        "Operating Income": -24603000.0,
        "Operating Expense": 24603000.0,
        "Research And Development": 18826000.0,
        "Selling General And Administration": 5777000.0,
        "General And Administrative Expense": 5777000.0,
        "Other Gand A": 5777000.0,
        "Salaries And Wages": NaN,
        "Total Revenue": 0.0,
        "Operating Revenue": 0.0
    },
    "2024-09-30": {
        "Tax Effect Of Unusual Items": 0.0,
        "Tax Rate For Calcs": 0.0,
        "Normalized EBITDA": -27061000.0,
        "Total Unusual Items": 73000.0,
        "Total Unusual Items Excluding Goodwill": 73000.0,
        "Net Income From Continuing Operation Net Minority Interest": -23156000.0,
        "Reconciled Depreciation": 80000.0,
        "EBITDA": -26988000.0,
        "EBIT": -27068000.0,
        "Net Interest Income": 3839000.0,
        "Interest Income": 3839000.0,
        "Normalized Income": -23229000.0,
        "Net Income From Continuing And Discontinued Operation": -23156000.0,
        "Total Expenses": 27068000.0,
        "Total Operating Income As Reported": -27068000.0,
        "Diluted Average Shares": 48267458.0,
        "Basic Average Shares": 48267458.0,
        "Diluted EPS": -0.48,
        "Basic EPS": -0.48,
        "Diluted NI Availto Com Stockholders": -23156000.0,
        "Net Income Common Stockholders": -23156000.0,
        "Net Income": -23156000.0,
        "Net Income Including Noncontrolling Interests": -23156000.0,
        "Net Income Continuous Operations": -23156000.0,
        "Tax Provision": 0.0,
        "Pretax Income": -23156000.0,
        "Other Income Expense": 73000.0,
        "Other Non Operating Income Expenses": NaN,
        "Special Income Charges": 73000.0,
        "Restructuring And Mergern Acquisition": -73000.0,
        "Net Non Operating Interest Income Expense": 3839000.0,
        "Interest Income Non Operating": 3839000.0,
        "Operating Income": -27068000.0,
        "Operating Expense": 27068000.0,
        "Research And Development": 21258000.0,
        "Selling General And Administration": 5810000.0,
        "General And Administrative Expense": 5810000.0,
        "Other Gand A": 5810000.0,
        "Salaries And Wages": NaN,
        "Total Revenue": 0.0,
        "Operating Revenue": 0.0
    }
}