{
    "2023-03-31": {
        "Tax Effect Of Unusual Items": NaN,
        "Tax Rate For Calcs": NaN,
        "Normalized EBITDA": NaN,
        "Total Unusual Items": NaN,
        "Total Unusual Items Excluding Goodwill": NaN,
        "Net Income From Continuing Operation Net Minority Interest": NaN,
        "EBITDA": NaN,
        "EBIT": NaN,
        "Net Interest Income": 900000.0,
        "Interest Income": 900000.0,
        "Normalized Income": NaN,
        "Net Income From Continuing And Discontinued Operation": NaN,
        "Total Expenses": NaN,
        "Total Operating Income As Reported": NaN,
        "Diluted Average Shares": 26535714.0,
        "Basic Average Shares": 26535714.0,
        "Diluted EPS": -0.84,
        "Basic EPS": -0.84,
        "Diluted NI Availto Com Stockholders": NaN,
        "Net Income Common Stockholders": NaN,
        "Otherunder Preferred Stock Dividend": NaN,
        "Net Income": NaN,
        "Net Income Including Noncontrolling Interests": NaN,
        "Net Income Continuous Operations": NaN,
        "Pretax Income": NaN,
        "Other Income Expense": NaN,
        "Other Non Operating Income Expenses": 900000.0,
        "Gain On Sale Of Security": NaN,
        "Net Non Operating Interest Income Expense": 900000.0,
        "Interest Income Non Operating": 900000.0,
        "Operating Income": NaN,
        "Operating Expense": NaN,
        "Research And Development": NaN,
        "Selling General And Administration": NaN,
        "General And Administrative Expense": NaN,
        "Other Gand A": NaN,
        "Total Revenue": NaN,
        "Operating Revenue": NaN
    },
    "2022-12-31": {
        "Tax Effect Of Unusual Items": NaN,
        "Tax Rate For Calcs": NaN,
        "Normalized EBITDA": NaN,
        "Total Unusual Items": NaN,
        "Total Unusual Items Excluding Goodwill": NaN,
        "Net Income From Continuing Operation Net Minority Interest": NaN,
        "EBITDA": NaN,
        "EBIT": NaN,
        "Net Interest Income": NaN,
        "Interest Income": NaN,
        "Normalized Income": NaN,
        "Net Income From Continuing And Discontinued Operation": NaN,
        "Total Expenses": NaN,
        "Total Operating Income As Reported": NaN,
        "Diluted Average Shares": NaN,
        "Basic Average Shares": NaN,
        "Diluted EPS": NaN,
        "Basic EPS": NaN,
        "Diluted NI Availto Com Stockholders": NaN,
        "Net Income Common Stockholders": NaN,
        "Otherunder Preferred Stock Dividend": 0.0,
        "Net Income": NaN,
        "Net Income Including Noncontrolling Interests": NaN,
        "Net Income Continuous Operations": NaN,
        "Pretax Income": NaN,
        "Other Income Expense": NaN,
        "Other Non Operating Income Expenses": 760000.0,
        "Gain On Sale Of Security": NaN,
        "Net Non Operating Interest Income Expense": NaN,
        "Interest Income Non Operating": NaN,
        "Operating Income": NaN,
        "Operating Expense": NaN,
        "Research And Development": NaN,
        "Selling General And Administration": NaN,
        "General And Administrative Expense": NaN,
        "Other Gand A": NaN,
        "Total Revenue": NaN,
        "Operating Revenue": NaN
    },
    "2022-09-30": {
        "Tax Effect Of Unusual Items": NaN,
        "Tax Rate For Calcs": NaN,
        "Normalized EBITDA": NaN,
        "Total Unusual Items": NaN,
        "Total Unusual Items Excluding Goodwill": NaN,
        "Net Income From Continuing Operation Net Minority Interest": NaN,
        "EBITDA": NaN,
        "EBIT": NaN,
        "Net Interest Income": 383000.0,
        "Interest Income": 383000.0,
        "Normalized Income": NaN,
        "Net Income From Continuing And Discontinued Operation": NaN,
        "Total Expenses": NaN,
        "Total Operating Income As Reported": NaN,
        "Diluted Average Shares": NaN,
        "Basic Average Shares": NaN,
        "Diluted EPS": NaN,
        "Basic EPS": NaN,
        "Diluted NI Availto Com Stockholders": NaN,
        "Net Income Common Stockholders": NaN,
        "Otherunder Preferred Stock Dividend": 0.0,
        "Net Income": NaN,
        "Net Income Including Noncontrolling Interests": NaN,
        "Net Income Continuous Operations": NaN,
        "Pretax Income": NaN,
        "Other Income Expense": NaN,
        "Other Non Operating Income Expenses": 383000.0,
        "Gain On Sale Of Security": NaN,
        "Net Non Operating Interest Income Expense": 383000.0,
        "Interest Income Non Operating": 383000.0,
        "Operating Income": NaN,
        "Operating Expense": NaN,
        "Research And Development": NaN,
        "Selling General And Administration": NaN,
        "General And Administrative Expense": NaN,
        "Other Gand A": NaN,
        "Total Revenue": NaN,
        "Operating Revenue": NaN
    },
    "2022-06-30": {
        "Tax Effect Of Unusual Items": 0.0,
        "Tax Rate For Calcs": 0.0,
        "Normalized EBITDA": -12659000.0,
        "Total Unusual Items": -1042000.0,
        "Total Unusual Items Excluding Goodwill": -1042000.0,
        "Net Income From Continuing Operation Net Minority Interest": -14596000.0,
        "EBITDA": -13701000.0,
        "EBIT": -13701000.0,
        "Normalized Income": -13554000.0,
        "Net Income From Continuing And Discontinued Operation": -14596000.0,
        "Total Expenses": 13701000.0,
        "Total Operating Income As Reported": -13701000.0,
        "Diluted Average Shares": 26296560.0,
        "Basic Average Shares": 26296560.0,
        "Diluted EPS": -0.56,
        "Basic EPS": -0.56,
        "Diluted NI Availto Com Stockholders": -14596000.0,
        "Net Income Common Stockholders": -14596000.0,
        "Otherunder Preferred Stock Dividend": 0.0,
        "Net Income": -14596000.0,
        "Net Income Including Noncontrolling Interests": -14596000.0,
        "Net Income Continuous Operations": -14596000.0,
        "Pretax Income": -14596000.0,
        "Other Income Expense": -895000.0,
        "Other Non Operating Income Expenses": 147000.0,
        "Gain On Sale Of Security": -1042000.0,
        "Operating Income": -13701000.0,
        "Operating Expense": 13701000.0,
        "Research And Development": 8769000.0,
        "Selling General And Administration": 4932000.0,
        "General And Administrative Expense": 4932000.0,
        "Other Gand A": 4932000.0,
        "Total Revenue": 0.0,
        "Operating Revenue": 0.0
    },
    "2022-03-31": {
        "Diluted EPS": -0.5,
        "Total Revenue": NaN,
        "Gross Profit": NaN,
        "Operating Income": -13,
        "EBIT": -13,
        "Net Income": -13
    },
    "2021-12-31": {
        "Diluted EPS": 5.27,
        "Total Revenue": NaN,
        "Gross Profit": NaN,
        "Operating Income": -11,
        "EBIT": -10,
        "Net Income": -11
    },
    "2021-09-30": {
        "Diluted EPS": -0.7,
        "Total Revenue": NaN,
        "Gross Profit": NaN,
        "Operating Income": -9,
        "EBIT": -9,
        "Net Income": -11
    },
    "2021-06-30": {
        "Diluted EPS": -3.11,
        "Total Revenue": NaN,
        "Gross Profit": NaN,
        "Operating Income": -9,
        "EBIT": -9,
        "Net Income": -11
    },
    "2021-03-31": {
        "Diluted EPS": -5.7,
        "Total Revenue": NaN,
        "Gross Profit": NaN,
        "Operating Income": -7,
        "EBIT": -7,
        "Net Income": -20
    },
    "2020-12-31": {
        "Diluted EPS": 0.0,
        "Total Revenue": NaN,
        "Gross Profit": NaN,
        "Operating Income": NaN,
        "EBIT": NaN,
        "Net Income": NaN
    },
    "2020-09-30": {
        "Diluted EPS": -1.46,
        "Total Revenue": NaN,
        "Gross Profit": NaN,
        "Operating Income": -2,
        "EBIT": -2,
        "Net Income": -3
    },
    "2020-06-30": {
        "Diluted EPS": -1.12,
        "Total Revenue": NaN,
        "Gross Profit": NaN,
        "Operating Income": -2,
        "EBIT": -2,
        "Net Income": -2
    },
    "2023-06-30": {
        "Tax Effect Of Unusual Items": 0.0,
        "Tax Rate For Calcs": 0.0,
        "Normalized EBITDA": -7098000.0,
        "Total Unusual Items": 384000.0,
        "Total Unusual Items Excluding Goodwill": 384000.0,
        "Net Income From Continuing Operation Net Minority Interest": -5220000.0,
        "EBITDA": -6714000.0,
        "EBIT": -6714000.0,
        "Net Interest Income": NaN,
        "Interest Income": NaN,
        "Normalized Income": -5604000.0,
        "Net Income From Continuing And Discontinued Operation": -5220000.0,
        "Total Expenses": 6714000.0,
        "Total Operating Income As Reported": -6714000.0,
        "Diluted Average Shares": 26840555.0,
        "Basic Average Shares": 26840555.0,
        "Diluted EPS": -0.19,
        "Basic EPS": -0.19,
        "Diluted NI Availto Com Stockholders": -5220000.0,
        "Net Income Common Stockholders": -5220000.0,
        "Otherunder Preferred Stock Dividend": NaN,
        "Net Income": -5220000.0,
        "Net Income Including Noncontrolling Interests": -5220000.0,
        "Net Income Continuous Operations": -5220000.0,
        "Pretax Income": -5220000.0,
        "Other Income Expense": 1494000.0,
        "Other Non Operating Income Expenses": 1110000.0,
        "Gain On Sale Of Security": 384000.0,
        "Net Non Operating Interest Income Expense": NaN,
        "Interest Income Non Operating": NaN,
        "Operating Income": -6714000.0,
        "Operating Expense": 6714000.0,
        "Research And Development": 3688000.0,
        "Selling General And Administration": 3026000.0,
        "General And Administrative Expense": 3026000.0,
        "Other Gand A": 3026000.0,
        "Total Revenue": 0.0,
        "Operating Revenue": 0.0
    },
    "2023-09-30": {
        "Tax Effect Of Unusual Items": 0.0,
        "Tax Rate For Calcs": 0.0,
        "Normalized EBITDA": -4773000.0,
        "Total Unusual Items": -228000.0,
        "Total Unusual Items Excluding Goodwill": -228000.0,
        "Net Income From Continuing Operation Net Minority Interest": -3968000.0,
        "EBITDA": -5001000.0,
        "EBIT": -5001000.0,
        "Net Interest Income": 1261000.0,
        "Interest Income": 1261000.0,
        "Normalized Income": -3740000.0,
        "Net Income From Continuing And Discontinued Operation": -3968000.0,
        "Total Expenses": 5001000.0,
        "Total Operating Income As Reported": -5001000.0,
        "Diluted Average Shares": 27071053.0,
        "Basic Average Shares": 27071053.0,
        "Diluted EPS": -0.15,
        "Basic EPS": -0.15,
        "Diluted NI Availto Com Stockholders": -3968000.0,
        "Net Income Common Stockholders": -3968000.0,
        "Otherunder Preferred Stock Dividend": NaN,
        "Net Income": -3968000.0,
        "Net Income Including Noncontrolling Interests": -3968000.0,
        "Net Income Continuous Operations": -3968000.0,
        "Pretax Income": -3968000.0,
        "Other Income Expense": -228000.0,
        "Other Non Operating Income Expenses": NaN,
        "Gain On Sale Of Security": -228000.0,
        "Net Non Operating Interest Income Expense": 1261000.0,
        "Interest Income Non Operating": 1261000.0,
        "Operating Income": -5001000.0,
        "Operating Expense": 5001000.0,
        "Research And Development": 2876000.0,
        "Selling General And Administration": 2125000.0,
        "General And Administrative Expense": 2125000.0,
        "Other Gand A": 2125000.0,
        "Total Revenue": 0.0,
        "Operating Revenue": 0.0
    },
    "2023-12-31": {
        "Tax Effect Of Unusual Items": 0.0,
        "Tax Rate For Calcs": 0.0,
        "Normalized EBITDA": -5254000.0,
        "Total Unusual Items": 132000.0,
        "Total Unusual Items Excluding Goodwill": 132000.0,
        "Net Income From Continuing Operation Net Minority Interest": -3641000.0,
        "EBITDA": -5122000.0,
        "EBIT": -5122000.0,
        "Net Interest Income": 1349000.0,
        "Interest Income": 1349000.0,
        "Normalized Income": -3773000.0,
        "Net Income From Continuing And Discontinued Operation": -3641000.0,
        "Total Expenses": 5122000.0,
        "Total Operating Income As Reported": -5122000.0,
        "Diluted Average Shares": NaN,
        "Basic Average Shares": NaN,
        "Diluted EPS": NaN,
        "Basic EPS": NaN,
        "Diluted NI Availto Com Stockholders": -3641000.0,
        "Net Income Common Stockholders": -3641000.0,
        "Otherunder Preferred Stock Dividend": NaN,
        "Net Income": -3641000.0,
        "Net Income Including Noncontrolling Interests": -3641000.0,
        "Net Income Continuous Operations": -3641000.0,
        "Pretax Income": -3641000.0,
        "Other Income Expense": 132000.0,
        "Other Non Operating Income Expenses": NaN,
        "Gain On Sale Of Security": 132000.0,
        "Net Non Operating Interest Income Expense": 1349000.0,
        "Interest Income Non Operating": 1349000.0,
        "Operating Income": -5122000.0,
        "Operating Expense": 5122000.0,
        "Research And Development": 3127000.0,
        "Selling General And Administration": 1995000.0,
        "General And Administrative Expense": 1995000.0,
        "Other Gand A": 1995000.0,
        "Total Revenue": 0.0,
        "Operating Revenue": 0.0
    },
    "2024-03-31": {
        "Tax Effect Of Unusual Items": 0.0,
        "Tax Rate For Calcs": 0.0,
        "Normalized EBITDA": -2972000.0,
        "Total Unusual Items": -33000.0,
        "Total Unusual Items Excluding Goodwill": -33000.0,
        "Net Income From Continuing Operation Net Minority Interest": -1697000.0,
        "EBITDA": -3005000.0,
        "EBIT": -3005000.0,
        "Net Interest Income": 1341000.0,
        "Interest Income": 1341000.0,
        "Normalized Income": -1664000.0,
        "Net Income From Continuing And Discontinued Operation": -1697000.0,
        "Total Expenses": 3005000.0,
        "Total Operating Income As Reported": -3005000.0,
        "Diluted Average Shares": 27638528.0,
        "Basic Average Shares": 27638528.0,
        "Diluted EPS": -0.06,
        "Basic EPS": -0.06,
        "Diluted NI Availto Com Stockholders": -1697000.0,
        "Net Income Common Stockholders": -1697000.0,
        "Otherunder Preferred Stock Dividend": NaN,
        "Net Income": -1697000.0,
        "Net Income Including Noncontrolling Interests": -1697000.0,
        "Net Income Continuous Operations": -1697000.0,
        "Pretax Income": -1697000.0,
        "Other Income Expense": -33000.0,
        "Other Non Operating Income Expenses": NaN,
        "Gain On Sale Of Security": -33000.0,
        "Net Non Operating Interest Income Expense": 1341000.0,
        "Interest Income Non Operating": 1341000.0,
        "Operating Income": -3005000.0,
        "Operating Expense": 3005000.0,
        "Research And Development": 1091000.0,
        "Selling General And Administration": 1914000.0,
        "General And Administrative Expense": 1914000.0,
        "Other Gand A": 1914000.0,
        "Total Revenue": 0.0,
        "Operating Revenue": 0.0
    },
    "2024-06-30": {
        "Tax Effect Of Unusual Items": 0.0,
        "Tax Rate For Calcs": 0.0,
        "Normalized EBITDA": -56370000.0,
        "Total Unusual Items": -2000.0,
        "Total Unusual Items Excluding Goodwill": -2000.0,
        "Net Income From Continuing Operation Net Minority Interest": -54889000.0,
        "EBITDA": -56372000.0,
        "EBIT": -56372000.0,
        "Net Interest Income": NaN,
        "Interest Income": NaN,
        "Normalized Income": -54887000.0,
        "Net Income From Continuing And Discontinued Operation": -54889000.0,
        "Total Expenses": 56372000.0,
        "Total Operating Income As Reported": -56372000.0,
        "Diluted Average Shares": 30349562.0,
        "Basic Average Shares": 30349562.0,
        "Diluted EPS": -1.81,
        "Basic EPS": -1.81,
        "Diluted NI Availto Com Stockholders": -54889000.0,
        "Net Income Common Stockholders": -54889000.0,
        "Otherunder Preferred Stock Dividend": NaN,
        "Net Income": -54889000.0,
        "Net Income Including Noncontrolling Interests": -54889000.0,
        "Net Income Continuous Operations": -54889000.0,
        "Pretax Income": -54889000.0,
        "Other Income Expense": 1483000.0,
        "Other Non Operating Income Expenses": 1485000.0,
        "Gain On Sale Of Security": -2000.0,
        "Net Non Operating Interest Income Expense": NaN,
        "Interest Income Non Operating": NaN,
        "Operating Income": -56372000.0,
        "Operating Expense": 56372000.0,
        "Research And Development": 52705000.0,
        "Selling General And Administration": 3667000.0,
        "General And Administrative Expense": 3667000.0,
        "Other Gand A": 3667000.0,
        "Total Revenue": 0.0,
        "Operating Revenue": 0.0
    }
}