{
    "2023-03-31": {
        "Tax Effect Of Unusual Items": 0.0,
        "Tax Rate For Calcs": 0.0,
        "Normalized EBITDA": 10278000.0,
        "Total Unusual Items": 4760000.0,
        "Total Unusual Items Excluding Goodwill": 4760000.0,
        "Net Income From Continuing Operation Net Minority Interest": 10810000.0,
        "Reconciled Cost Of Revenue": 127389000.0,
        "EBITDA": 15038000.0,
        "EBIT": 15038000.0,
        "Net Interest Income": 22008000.0,
        "Interest Expense": 4228000.0,
        "Interest Income": 26236000.0,
        "Normalized Income": 6050000.0,
        "Net Income From Continuing And Discontinued Operation": 10810000.0,
        "Total Expenses": 838610000.0,
        "Total Operating Income As Reported": -15775000.0,
        "Diluted Average Shares": 259676921.0,
        "Basic Average Shares": 259621376.0,
        "Diluted EPS": 0.04,
        "Basic EPS": 0.04,
        "Diluted NI Availto Com Stockholders": 10810000.0,
        "Net Income Common Stockholders": 10810000.0,
        "Otherunder Preferred Stock Dividend": NaN,
        "Net Income": 10810000.0,
        "Net Income Including Noncontrolling Interests": 10810000.0,
        "Net Income Continuous Operations": 10810000.0,
        "Tax Provision": 0.0,
        "Pretax Income": 10810000.0,
        "Other Income Expense": 4577000.0,
        "Other Non Operating Income Expenses": -183000.0,
        "Gain On Sale Of Security": 4760000.0,
        "Net Non Operating Interest Income Expense": 22008000.0,
        "Interest Expense Non Operating": 4228000.0,
        "Interest Income Non Operating": 26236000.0,
        "Operating Income": -15775000.0,
        "Operating Expense": 711221000.0,
        "Other Operating Expenses": -2268000.0,
        "Research And Development": 21444000.0,
        "Selling General And Administration": 692045000.0,
        "Selling And Marketing Expense": 665274000.0,
        "General And Administrative Expense": 26771000.0,
        "Other Gand A": 26771000.0,
        "Gross Profit": 695446000.0,
        "Cost Of Revenue": 127389000.0,
        "Total Revenue": 822835000.0,
        "Operating Revenue": 813045000.0
    },
    "2022-12-31": {
        "Tax Effect Of Unusual Items": NaN,
        "Tax Rate For Calcs": NaN,
        "Normalized EBITDA": NaN,
        "Total Unusual Items": NaN,
        "Total Unusual Items Excluding Goodwill": NaN,
        "Net Income From Continuing Operation Net Minority Interest": NaN,
        "Reconciled Cost Of Revenue": NaN,
        "EBITDA": NaN,
        "EBIT": NaN,
        "Net Interest Income": NaN,
        "Interest Expense": NaN,
        "Interest Income": NaN,
        "Normalized Income": NaN,
        "Net Income From Continuing And Discontinued Operation": NaN,
        "Total Expenses": NaN,
        "Total Operating Income As Reported": NaN,
        "Diluted Average Shares": NaN,
        "Basic Average Shares": NaN,
        "Diluted EPS": NaN,
        "Basic EPS": NaN,
        "Diluted NI Availto Com Stockholders": NaN,
        "Net Income Common Stockholders": NaN,
        "Otherunder Preferred Stock Dividend": 0.0,
        "Net Income": NaN,
        "Net Income Including Noncontrolling Interests": NaN,
        "Net Income Continuous Operations": NaN,
        "Tax Provision": NaN,
        "Pretax Income": NaN,
        "Other Income Expense": NaN,
        "Other Non Operating Income Expenses": NaN,
        "Gain On Sale Of Security": NaN,
        "Net Non Operating Interest Income Expense": NaN,
        "Interest Expense Non Operating": NaN,
        "Interest Income Non Operating": NaN,
        "Operating Income": NaN,
        "Operating Expense": NaN,
        "Other Operating Expenses": NaN,
        "Research And Development": NaN,
        "Selling General And Administration": NaN,
        "Selling And Marketing Expense": NaN,
        "General And Administrative Expense": NaN,
        "Other Gand A": NaN,
        "Gross Profit": NaN,
        "Cost Of Revenue": NaN,
        "Total Revenue": NaN,
        "Operating Revenue": NaN
    },
    "2022-09-30": {
        "Tax Effect Of Unusual Items": NaN,
        "Tax Rate For Calcs": NaN,
        "Normalized EBITDA": NaN,
        "Total Unusual Items": NaN,
        "Total Unusual Items Excluding Goodwill": NaN,
        "Net Income From Continuing Operation Net Minority Interest": NaN,
        "Reconciled Cost Of Revenue": NaN,
        "EBITDA": NaN,
        "EBIT": NaN,
        "Net Interest Income": NaN,
        "Interest Expense": NaN,
        "Interest Income": NaN,
        "Normalized Income": NaN,
        "Net Income From Continuing And Discontinued Operation": NaN,
        "Total Expenses": NaN,
        "Total Operating Income As Reported": NaN,
        "Diluted Average Shares": NaN,
        "Basic Average Shares": NaN,
        "Diluted EPS": NaN,
        "Basic EPS": NaN,
        "Diluted NI Availto Com Stockholders": NaN,
        "Net Income Common Stockholders": NaN,
        "Otherunder Preferred Stock Dividend": 0.0,
        "Net Income": NaN,
        "Net Income Including Noncontrolling Interests": NaN,
        "Net Income Continuous Operations": NaN,
        "Tax Provision": NaN,
        "Pretax Income": NaN,
        "Other Income Expense": NaN,
        "Other Non Operating Income Expenses": NaN,
        "Gain On Sale Of Security": NaN,
        "Net Non Operating Interest Income Expense": NaN,
        "Interest Expense Non Operating": NaN,
        "Interest Income Non Operating": NaN,
        "Operating Income": NaN,
        "Operating Expense": NaN,
        "Other Operating Expenses": NaN,
        "Research And Development": NaN,
        "Selling General And Administration": NaN,
        "Selling And Marketing Expense": NaN,
        "General And Administrative Expense": NaN,
        "Other Gand A": NaN,
        "Gross Profit": NaN,
        "Cost Of Revenue": NaN,
        "Total Revenue": NaN,
        "Operating Revenue": NaN
    },
    "2022-06-30": {
        "Tax Effect Of Unusual Items": 0.0,
        "Tax Rate For Calcs": 0.0,
        "Normalized EBITDA": -180091000.0,
        "Total Unusual Items": 4160000.0,
        "Total Unusual Items Excluding Goodwill": 4160000.0,
        "Net Income From Continuing Operation Net Minority Interest": -184527000.0,
        "Reconciled Cost Of Revenue": 162869000.0,
        "EBITDA": -175931000.0,
        "EBIT": -175931000.0,
        "Net Interest Income": 2353000.0,
        "Interest Expense": 8596000.0,
        "Interest Income": 10949000.0,
        "Normalized Income": -188687000.0,
        "Net Income From Continuing And Discontinued Operation": -184527000.0,
        "Total Expenses": 881557000.0,
        "Total Operating Income As Reported": -191028000.0,
        "Diluted Average Shares": 259079078.0,
        "Basic Average Shares": 259079078.0,
        "Diluted EPS": -0.72,
        "Basic EPS": -0.72,
        "Diluted NI Availto Com Stockholders": -184527000.0,
        "Net Income Common Stockholders": -184527000.0,
        "Otherunder Preferred Stock Dividend": 0.0,
        "Net Income": -184527000.0,
        "Net Income Including Noncontrolling Interests": -184527000.0,
        "Net Income Continuous Operations": -184527000.0,
        "Tax Provision": 0.0,
        "Pretax Income": -184527000.0,
        "Other Income Expense": 4148000.0,
        "Other Non Operating Income Expenses": -12000.0,
        "Gain On Sale Of Security": 4160000.0,
        "Net Non Operating Interest Income Expense": 2353000.0,
        "Interest Expense Non Operating": 8596000.0,
        "Interest Income Non Operating": 10949000.0,
        "Operating Income": -191028000.0,
        "Operating Expense": 718688000.0,
        "Other Operating Expenses": 1565000.0,
        "Research And Development": 23747000.0,
        "Selling General And Administration": 693376000.0,
        "Selling And Marketing Expense": 664918000.0,
        "General And Administrative Expense": 28458000.0,
        "Other Gand A": 28458000.0,
        "Gross Profit": 527660000.0,
        "Cost Of Revenue": 162869000.0,
        "Total Revenue": 690529000.0,
        "Operating Revenue": 685983000.0
    },
    "2023-06-30": {
        "Tax Effect Of Unusual Items": 0.0,
        "Tax Rate For Calcs": 0.0,
        "Normalized EBITDA": 41784000.0,
        "Total Unusual Items": -17269000.0,
        "Total Unusual Items Excluding Goodwill": -17269000.0,
        "Net Income From Continuing Operation Net Minority Interest": 24515000.0,
        "Reconciled Cost Of Revenue": 668547000.0,
        "EBITDA": 24515000.0,
        "EBIT": 24515000.0,
        "Net Interest Income": 28054000.0,
        "Interest Expense": 0.0,
        "Interest Income": 28054000.0,
        "Normalized Income": 41784000.0,
        "Net Income From Continuing And Discontinued Operation": 24515000.0,
        "Total Expenses": 1022168000.0,
        "Total Operating Income As Reported": 13558000.0,
        "Diluted Average Shares": 260029782.0,
        "Basic Average Shares": 260029782.0,
        "Diluted EPS": 0.1,
        "Basic EPS": 0.1,
        "Diluted NI Availto Com Stockholders": 24515000.0,
        "Net Income Common Stockholders": 24515000.0,
        "Net Income": 24515000.0,
        "Net Income Including Noncontrolling Interests": 24515000.0,
        "Net Income Continuous Operations": 24515000.0,
        "Tax Provision": 0.0,
        "Pretax Income": 24515000.0,
        "Other Income Expense": -17097000.0,
        "Other Non Operating Income Expenses": 172000.0,
        "Gain On Sale Of Security": -17269000.0,
        "Net Non Operating Interest Income Expense": 28054000.0,
        "Interest Expense Non Operating": 0.0,
        "Interest Income Non Operating": 28054000.0,
        "Operating Income": 13558000.0,
        "Operating Expense": 353621000.0,
        "Other Operating Expenses": 8703000.0,
        "Research And Development": 18651000.0,
        "Selling General And Administration": 326267000.0,
        "Selling And Marketing Expense": 295150000.0,
        "General And Administrative Expense": 31117000.0,
        "Other Gand A": 31117000.0,
        "Gross Profit": 367179000.0,
        "Cost Of Revenue": 668547000.0,
        "Total Revenue": 1035726000.0,
        "Operating Revenue": 1026278000.0
    },
    "2023-09-30": {
        "Tax Effect Of Unusual Items": 1247394.046926,
        "Tax Rate For Calcs": 0.290159,
        "Normalized EBITDA": 66152000.0,
        "Total Unusual Items": 4299000.0,
        "Total Unusual Items Excluding Goodwill": 4299000.0,
        "Net Income From Continuing Operation Net Minority Interest": 50009000.0,
        "Reconciled Cost Of Revenue": 214817000.0,
        "EBITDA": 70451000.0,
        "EBIT": 70451000.0,
        "Net Interest Income": 32160000.0,
        "Interest Expense": 0.0,
        "Interest Income": 32160000.0,
        "Normalized Income": 46957394.046926,
        "Net Income From Continuing And Discontinued Operation": 50009000.0,
        "Total Expenses": 579458000.0,
        "Total Operating Income As Reported": 34008000.0,
        "Diluted Average Shares": 260037966.0,
        "Basic Average Shares": 260037966.0,
        "Diluted EPS": 0.2,
        "Basic EPS": 0.2,
        "Diluted NI Availto Com Stockholders": 50009000.0,
        "Net Income Common Stockholders": 50009000.0,
        "Net Income": 50009000.0,
        "Net Income Including Noncontrolling Interests": 50009000.0,
        "Net Income Continuous Operations": 50009000.0,
        "Tax Provision": 20442000.0,
        "Pretax Income": 70451000.0,
        "Other Income Expense": 4283000.0,
        "Other Non Operating Income Expenses": -16000.0,
        "Gain On Sale Of Security": 4299000.0,
        "Net Non Operating Interest Income Expense": 32160000.0,
        "Interest Expense Non Operating": 0.0,
        "Interest Income Non Operating": 32160000.0,
        "Operating Income": 34008000.0,
        "Operating Expense": 364641000.0,
        "Other Operating Expenses": 5532000.0,
        "Research And Development": 23799000.0,
        "Selling General And Administration": 335310000.0,
        "Selling And Marketing Expense": 298216000.0,
        "General And Administrative Expense": 37094000.0,
        "Other Gand A": 37094000.0,
        "Gross Profit": 398649000.0,
        "Cost Of Revenue": 214817000.0,
        "Total Revenue": 613466000.0,
        "Operating Revenue": 564193000.0
    },
    "2023-12-31": {
        "Tax Effect Of Unusual Items": 960798.727395,
        "Tax Rate For Calcs": 0.193905,
        "Normalized EBITDA": -1969000.0,
        "Total Unusual Items": 4955000.0,
        "Total Unusual Items Excluding Goodwill": 4955000.0,
        "Net Income From Continuing Operation Net Minority Interest": 2407000.0,
        "Reconciled Cost Of Revenue": 198711000.0,
        "EBITDA": 2986000.0,
        "EBIT": 2986000.0,
        "Net Interest Income": 30797000.0,
        "Interest Expense": 0.0,
        "Interest Income": 30797000.0,
        "Normalized Income": -1587201.272605,
        "Net Income From Continuing And Discontinued Operation": 2407000.0,
        "Total Expenses": 519476000.0,
        "Total Operating Income As Reported": -32856000.0,
        "Diluted Average Shares": 259909614.0,
        "Basic Average Shares": 259909614.0,
        "Diluted EPS": 0.009261,
        "Basic EPS": 0.009261,
        "Diluted NI Availto Com Stockholders": 2407000.0,
        "Net Income Common Stockholders": 2407000.0,
        "Net Income": 2407000.0,
        "Net Income Including Noncontrolling Interests": 2407000.0,
        "Net Income Continuous Operations": 2407000.0,
        "Tax Provision": 579000.0,
        "Pretax Income": 2986000.0,
        "Other Income Expense": 5045000.0,
        "Other Non Operating Income Expenses": 90000.0,
        "Gain On Sale Of Security": 4955000.0,
        "Net Non Operating Interest Income Expense": 30797000.0,
        "Interest Expense Non Operating": 0.0,
        "Interest Income Non Operating": 30797000.0,
        "Operating Income": -32856000.0,
        "Operating Expense": 320765000.0,
        "Other Operating Expenses": 13860000.0,
        "Research And Development": 27567000.0,
        "Selling General And Administration": 279338000.0,
        "Selling And Marketing Expense": -159947000.0,
        "General And Administrative Expense": 439285000.0,
        "Other Gand A": 30546000.0,
        "Gross Profit": 287909000.0,
        "Cost Of Revenue": 198711000.0,
        "Total Revenue": 486620000.0,
        "Operating Revenue": 465699000.0
    },
    "2024-03-31": {
        "Tax Effect Of Unusual Items": -141500.0,
        "Tax Rate For Calcs": 0.25,
        "Normalized EBITDA": 7905000.0,
        "Total Unusual Items": -566000.0,
        "Total Unusual Items Excluding Goodwill": -566000.0,
        "Net Income From Continuing Operation Net Minority Interest": -349000.0,
        "Reconciled Cost Of Revenue": 167737000.0,
        "EBITDA": 7339000.0,
        "EBIT": 7339000.0,
        "Net Interest Income": 30589000.0,
        "Interest Expense": 0.0,
        "Interest Income": 30589000.0,
        "Normalized Income": 75500.0,
        "Net Income From Continuing And Discontinued Operation": -349000.0,
        "Total Expenses": 419963000.0,
        "Total Operating Income As Reported": -22757000.0,
        "Diluted Average Shares": 259243580.0,
        "Basic Average Shares": 259243580.0,
        "Diluted EPS": -0.001346,
        "Basic EPS": -0.001346,
        "Diluted NI Availto Com Stockholders": -349000.0,
        "Net Income Common Stockholders": -349000.0,
        "Net Income": -349000.0,
        "Net Income Including Noncontrolling Interests": -349000.0,
        "Net Income Continuous Operations": -349000.0,
        "Tax Provision": 7688000.0,
        "Pretax Income": 7339000.0,
        "Other Income Expense": -493000.0,
        "Other Non Operating Income Expenses": 73000.0,
        "Gain On Sale Of Security": -566000.0,
        "Net Non Operating Interest Income Expense": 30589000.0,
        "Interest Expense Non Operating": 0.0,
        "Interest Income Non Operating": 30589000.0,
        "Operating Income": -22757000.0,
        "Operating Expense": 252226000.0,
        "Other Operating Expenses": 1474000.0,
        "Research And Development": 19674000.0,
        "Selling General And Administration": 231078000.0,
        "Selling And Marketing Expense": 204494000.0,
        "General And Administrative Expense": 26584000.0,
        "Other Gand A": 26584000.0,
        "Gross Profit": 229469000.0,
        "Cost Of Revenue": 167737000.0,
        "Total Revenue": 397206000.0,
        "Operating Revenue": 378076000.0
    },
    "2024-06-30": {
        "Tax Effect Of Unusual Items": -634250.0,
        "Tax Rate For Calcs": 0.25,
        "Normalized EBITDA": 22728000.0,
        "Total Unusual Items": -2537000.0,
        "Total Unusual Items Excluding Goodwill": -2537000.0,
        "Net Income From Continuing Operation Net Minority Interest": 9178000.0,
        "Reconciled Cost Of Revenue": 219600000.0,
        "EBITDA": 20191000.0,
        "EBIT": 20191000.0,
        "Net Interest Income": 28754000.0,
        "Interest Expense": 0.0,
        "Interest Income": 28754000.0,
        "Normalized Income": 11080750.0,
        "Net Income From Continuing And Discontinued Operation": 9178000.0,
        "Total Expenses": 468944000.0,
        "Total Operating Income As Reported": -6021000.0,
        "Diluted Average Shares": 261721362.0,
        "Basic Average Shares": 256627631.0,
        "Diluted EPS": 0.04,
        "Basic EPS": 0.04,
        "Diluted NI Availto Com Stockholders": 9178000.0,
        "Net Income Common Stockholders": 9178000.0,
        "Net Income": 9178000.0,
        "Net Income Including Noncontrolling Interests": 9178000.0,
        "Net Income Continuous Operations": 9178000.0,
        "Tax Provision": 11013000.0,
        "Pretax Income": 20191000.0,
        "Other Income Expense": -2542000.0,
        "Other Non Operating Income Expenses": -5000.0,
        "Gain On Sale Of Security": -2537000.0,
        "Net Non Operating Interest Income Expense": 28754000.0,
        "Interest Expense Non Operating": 0.0,
        "Interest Income Non Operating": 28754000.0,
        "Operating Income": -6021000.0,
        "Operating Expense": 249344000.0,
        "Other Operating Expenses": 8133000.0,
        "Research And Development": 20812000.0,
        "Selling General And Administration": 220399000.0,
        "Selling And Marketing Expense": 180949000.0,
        "General And Administrative Expense": 39450000.0,
        "Other Gand A": 39450000.0,
        "Gross Profit": 243323000.0,
        "Cost Of Revenue": 219600000.0,
        "Total Revenue": 462923000.0,
        "Operating Revenue": 410610000.0
    }
}