{
    "2023-06-30": {
        "Tax Effect Of Unusual Items": NaN,
        "Tax Rate For Calcs": NaN,
        "Normalized EBITDA": NaN,
        "Total Unusual Items": NaN,
        "Total Unusual Items Excluding Goodwill": NaN,
        "Net Income From Continuing Operation Net Minority Interest": NaN,
        "Reconciled Depreciation": NaN,
        "Reconciled Cost Of Revenue": NaN,
        "EBITDA": NaN,
        "EBIT": NaN,
        "Net Interest Income": NaN,
        "Interest Expense": 2692000.0,
        "Interest Income": NaN,
        "Normalized Income": NaN,
        "Net Income From Continuing And Discontinued Operation": NaN,
        "Total Expenses": NaN,
        "Total Operating Income As Reported": NaN,
        "Diluted Average Shares": 47588669.0,
        "Basic Average Shares": 47393493.0,
        "Diluted EPS": 2.95,
        "Basic EPS": 2.97,
        "Diluted NI Availto Com Stockholders": NaN,
        "Net Income Common Stockholders": NaN,
        "Net Income": NaN,
        "Minority Interests": NaN,
        "Net Income Including Noncontrolling Interests": NaN,
        "Net Income Continuous Operations": NaN,
        "Tax Provision": NaN,
        "Pretax Income": NaN,
        "Other Income Expense": -282000.0,
        "Other Non Operating Income Expenses": -282000.0,
        "Special Income Charges": NaN,
        "Impairment Of Capital Assets": NaN,
        "Net Non Operating Interest Income Expense": NaN,
        "Total Other Finance Cost": 2692000.0,
        "Interest Expense Non Operating": 2692000.0,
        "Interest Income Non Operating": NaN,
        "Operating Income": NaN,
        "Operating Expense": NaN,
        "Selling General And Administration": NaN,
        "General And Administrative Expense": 293675000.0,
        "Other Gand A": 293393000.0,
        "Salaries And Wages": 282000.0,
        "Gross Profit": NaN,
        "Cost Of Revenue": NaN,
        "Total Revenue": NaN,
        "Operating Revenue": NaN
    },
    "2023-03-31": {
        "Tax Effect Of Unusual Items": NaN,
        "Tax Rate For Calcs": NaN,
        "Normalized EBITDA": NaN,
        "Total Unusual Items": NaN,
        "Total Unusual Items Excluding Goodwill": NaN,
        "Net Income From Continuing Operation Net Minority Interest": NaN,
        "Reconciled Depreciation": NaN,
        "Reconciled Cost Of Revenue": NaN,
        "EBITDA": NaN,
        "EBIT": NaN,
        "Net Interest Income": NaN,
        "Interest Expense": 1832000.0,
        "Interest Income": NaN,
        "Normalized Income": NaN,
        "Net Income From Continuing And Discontinued Operation": NaN,
        "Total Expenses": NaN,
        "Total Operating Income As Reported": NaN,
        "Diluted Average Shares": NaN,
        "Basic Average Shares": NaN,
        "Diluted EPS": NaN,
        "Basic EPS": NaN,
        "Diluted NI Availto Com Stockholders": NaN,
        "Net Income Common Stockholders": NaN,
        "Net Income": NaN,
        "Minority Interests": NaN,
        "Net Income Including Noncontrolling Interests": NaN,
        "Net Income Continuous Operations": NaN,
        "Tax Provision": NaN,
        "Pretax Income": NaN,
        "Other Income Expense": NaN,
        "Other Non Operating Income Expenses": NaN,
        "Special Income Charges": NaN,
        "Impairment Of Capital Assets": NaN,
        "Net Non Operating Interest Income Expense": NaN,
        "Total Other Finance Cost": NaN,
        "Interest Expense Non Operating": 1832000.0,
        "Interest Income Non Operating": NaN,
        "Operating Income": NaN,
        "Operating Expense": NaN,
        "Selling General And Administration": NaN,
        "General And Administrative Expense": NaN,
        "Other Gand A": NaN,
        "Salaries And Wages": NaN,
        "Gross Profit": NaN,
        "Cost Of Revenue": NaN,
        "Total Revenue": NaN,
        "Operating Revenue": NaN
    },
    "2022-12-31": {
        "Tax Effect Of Unusual Items": NaN,
        "Tax Rate For Calcs": NaN,
        "Normalized EBITDA": NaN,
        "Total Unusual Items": NaN,
        "Total Unusual Items Excluding Goodwill": NaN,
        "Net Income From Continuing Operation Net Minority Interest": NaN,
        "Reconciled Depreciation": NaN,
        "Reconciled Cost Of Revenue": NaN,
        "EBITDA": NaN,
        "EBIT": NaN,
        "Net Interest Income": NaN,
        "Interest Expense": 6965000.0,
        "Interest Income": NaN,
        "Normalized Income": NaN,
        "Net Income From Continuing And Discontinued Operation": NaN,
        "Total Expenses": NaN,
        "Total Operating Income As Reported": NaN,
        "Diluted Average Shares": NaN,
        "Basic Average Shares": NaN,
        "Diluted EPS": NaN,
        "Basic EPS": NaN,
        "Diluted NI Availto Com Stockholders": NaN,
        "Net Income Common Stockholders": NaN,
        "Net Income": NaN,
        "Minority Interests": 0.0,
        "Net Income Including Noncontrolling Interests": NaN,
        "Net Income Continuous Operations": NaN,
        "Tax Provision": NaN,
        "Pretax Income": NaN,
        "Other Income Expense": NaN,
        "Other Non Operating Income Expenses": NaN,
        "Special Income Charges": NaN,
        "Impairment Of Capital Assets": NaN,
        "Net Non Operating Interest Income Expense": NaN,
        "Total Other Finance Cost": NaN,
        "Interest Expense Non Operating": 6965000.0,
        "Interest Income Non Operating": NaN,
        "Operating Income": NaN,
        "Operating Expense": NaN,
        "Selling General And Administration": NaN,
        "General And Administrative Expense": NaN,
        "Other Gand A": NaN,
        "Salaries And Wages": NaN,
        "Gross Profit": NaN,
        "Cost Of Revenue": NaN,
        "Total Revenue": NaN,
        "Operating Revenue": NaN
    },
    "2022-09-30": {
        "Tax Effect Of Unusual Items": NaN,
        "Tax Rate For Calcs": NaN,
        "Normalized EBITDA": NaN,
        "Total Unusual Items": 0.0,
        "Total Unusual Items Excluding Goodwill": 0.0,
        "Net Income From Continuing Operation Net Minority Interest": NaN,
        "Reconciled Depreciation": NaN,
        "Reconciled Cost Of Revenue": NaN,
        "EBITDA": NaN,
        "EBIT": NaN,
        "Net Interest Income": NaN,
        "Interest Expense": NaN,
        "Interest Income": NaN,
        "Normalized Income": NaN,
        "Net Income From Continuing And Discontinued Operation": NaN,
        "Total Expenses": NaN,
        "Total Operating Income As Reported": NaN,
        "Diluted Average Shares": NaN,
        "Basic Average Shares": NaN,
        "Diluted EPS": NaN,
        "Basic EPS": NaN,
        "Diluted NI Availto Com Stockholders": NaN,
        "Net Income Common Stockholders": NaN,
        "Net Income": NaN,
        "Minority Interests": 0.0,
        "Net Income Including Noncontrolling Interests": NaN,
        "Net Income Continuous Operations": NaN,
        "Tax Provision": NaN,
        "Pretax Income": NaN,
        "Other Income Expense": NaN,
        "Other Non Operating Income Expenses": NaN,
        "Special Income Charges": 0.0,
        "Impairment Of Capital Assets": 0.0,
        "Net Non Operating Interest Income Expense": NaN,
        "Interest Expense Non Operating": NaN,
        "Interest Income Non Operating": NaN,
        "Operating Income": NaN,
        "Operating Expense": NaN,
        "Selling General And Administration": NaN,
        "Gross Profit": NaN,
        "Cost Of Revenue": NaN,
        "Total Revenue": NaN,
        "Operating Revenue": NaN
    },
    "2022-06-30": {
        "Tax Effect Of Unusual Items": 0.0,
        "Tax Rate For Calcs": 0.265,
        "Normalized EBITDA": 164746000.0,
        "Net Income From Continuing Operation Net Minority Interest": 100664000.0,
        "Reconciled Depreciation": 26008000.0,
        "Reconciled Cost Of Revenue": 2324380000.0,
        "EBITDA": 164746000.0,
        "EBIT": 138738000.0,
        "Net Interest Income": -1751000.0,
        "Interest Expense": 1751000.0,
        "Normalized Income": 100664000.0,
        "Net Income From Continuing And Discontinued Operation": 100664000.0,
        "Total Expenses": 2569744000.0,
        "Total Operating Income As Reported": 137644000.0,
        "Diluted Average Shares": 50711770.0,
        "Basic Average Shares": 50507024.0,
        "Diluted EPS": 1.99,
        "Basic EPS": 1.99,
        "Diluted NI Availto Com Stockholders": 100664000.0,
        "Net Income Common Stockholders": 100664000.0,
        "Net Income": 100664000.0,
        "Minority Interests": 0.0,
        "Net Income Including Noncontrolling Interests": 100664000.0,
        "Net Income Continuous Operations": 100664000.0,
        "Tax Provision": 36323000.0,
        "Pretax Income": 136987000.0,
        "Other Income Expense": 1094000.0,
        "Other Non Operating Income Expenses": 1094000.0,
        "Net Non Operating Interest Income Expense": -1751000.0,
        "Interest Expense Non Operating": 1751000.0,
        "Operating Income": 137644000.0,
        "Operating Expense": 245364000.0,
        "Selling General And Administration": 245364000.0,
        "Gross Profit": 383008000.0,
        "Cost Of Revenue": 2324380000.0,
        "Total Revenue": 2707388000.0,
        "Operating Revenue": 2707388000.0
    },
    "2022-03-31": {
        "Diluted EPS": 1.39,
        "Total Revenue": NaN,
        "Gross Profit": 353,
        "Operating Income": 100,
        "EBIT": 127,
        "Net Income": 73
    },
    "2021-12-31": {
        "Diluted EPS": 1.89,
        "Total Revenue": NaN,
        "Gross Profit": 403,
        "Operating Income": 143,
        "EBIT": 171,
        "Net Income": 102
    },
    "2021-09-30": {
        "Diluted EPS": 1.85,
        "Total Revenue": NaN,
        "Gross Profit": 381,
        "Operating Income": 137,
        "EBIT": 167,
        "Net Income": 100
    },
    "2021-06-30": {
        "Diluted EPS": 1.78,
        "Total Revenue": NaN,
        "Gross Profit": 376,
        "Operating Income": 133,
        "EBIT": 161,
        "Net Income": 97
    },
    "2021-03-31": {
        "Diluted EPS": 1.54,
        "Total Revenue": NaN,
        "Gross Profit": 341,
        "Operating Income": 117,
        "EBIT": 144,
        "Net Income": 85
    },
    "2020-12-31": {
        "Diluted EPS": 1.46,
        "Total Revenue": NaN,
        "Gross Profit": 384,
        "Operating Income": 138,
        "EBIT": 165,
        "Net Income": 80
    },
    "2020-09-30": {
        "Diluted EPS": 1.11,
        "Total Revenue": NaN,
        "Gross Profit": 363,
        "Operating Income": 136,
        "EBIT": 163,
        "Net Income": 61
    },
    "2020-06-30": {
        "Diluted EPS": -1.52,
        "Total Revenue": NaN,
        "Gross Profit": 315,
        "Operating Income": -123,
        "EBIT": -97,
        "Net Income": -84
    },
    "2020-03-31": {
        "Diluted EPS": 1.35,
        "Total Revenue": NaN,
        "Gross Profit": 333,
        "Operating Income": 106,
        "EBIT": 133,
        "Net Income": 76
    },
    "2019-12-31": {
        "Diluted EPS": 1.53,
        "Total Revenue": NaN,
        "Gross Profit": 365,
        "Operating Income": 123,
        "EBIT": 148,
        "Net Income": 87
    },
    "2019-09-30": {
        "Diluted EPS": 1.45,
        "Total Revenue": NaN,
        "Gross Profit": 336,
        "Operating Income": 116,
        "EBIT": 138,
        "Net Income": 82
    },
    "2019-06-30": {
        "Diluted EPS": 1.49,
        "Total Revenue": NaN,
        "Gross Profit": 346,
        "Operating Income": 120,
        "EBIT": 142,
        "Net Income": 84
    },
    "2019-03-31": {
        "Diluted EPS": 1.28,
        "Total Revenue": NaN,
        "Gross Profit": 309,
        "Operating Income": 102,
        "EBIT": 125,
        "Net Income": 72
    },
    "2018-12-31": {
        "Diluted EPS": 1.35,
        "Total Revenue": NaN,
        "Gross Profit": 336,
        "Operating Income": 114,
        "EBIT": 134,
        "Net Income": 78
    },
    "2018-09-30": {
        "Diluted EPS": 1.35,
        "Total Revenue": NaN,
        "Gross Profit": 309,
        "Operating Income": 112,
        "EBIT": 131,
        "Net Income": 79
    },
    "2018-06-30": {
        "Diluted EPS": 1.21,
        "Total Revenue": NaN,
        "Gross Profit": 291,
        "Operating Income": 100,
        "EBIT": 120,
        "Net Income": 71
    },
    "2018-03-31": {
        "Diluted EPS": 0.94,
        "Total Revenue": NaN,
        "Gross Profit": 269,
        "Operating Income": 78,
        "EBIT": 98,
        "Net Income": 55
    },
    "2017-12-31": {
        "Diluted EPS": 0.91,
        "Total Revenue": NaN,
        "Gross Profit": 311,
        "Operating Income": 48,
        "EBIT": 70,
        "Net Income": 53
    },
    "2017-09-30": {
        "Diluted EPS": 1.09,
        "Total Revenue": NaN,
        "Gross Profit": 295,
        "Operating Income": 106,
        "EBIT": 128,
        "Net Income": 65
    },
    "2017-06-30": {
        "Diluted EPS": 0.95,
        "Total Revenue": NaN,
        "Gross Profit": 275,
        "Operating Income": 92,
        "EBIT": 115,
        "Net Income": 57
    },
    "2017-03-31": {
        "Diluted EPS": 0.87,
        "Total Revenue": NaN,
        "Gross Profit": 266,
        "Operating Income": 83,
        "EBIT": 105,
        "Net Income": 53
    },
    "2016-12-31": {
        "Diluted EPS": 0.67,
        "Total Revenue": NaN,
        "Gross Profit": 272,
        "Operating Income": 73,
        "EBIT": 93,
        "Net Income": 41
    },
    "2016-09-30": {
        "Diluted EPS": 0.84,
        "Total Revenue": NaN,
        "Gross Profit": 268,
        "Operating Income": 86,
        "EBIT": 107,
        "Net Income": 52
    },
    "2016-06-30": {
        "Diluted EPS": 0.9,
        "Total Revenue": NaN,
        "Gross Profit": 275,
        "Operating Income": 92,
        "EBIT": 113,
        "Net Income": 55
    },
    "2016-03-31": {
        "Diluted EPS": 0.56,
        "Total Revenue": NaN,
        "Gross Profit": 223,
        "Operating Income": 56,
        "EBIT": 74,
        "Net Income": 34
    },
    "2015-12-31": {
        "Diluted EPS": 0.8,
        "Total Revenue": NaN,
        "Gross Profit": 253,
        "Operating Income": 84,
        "EBIT": 103,
        "Net Income": 51
    },
    "2015-09-30": {
        "Diluted EPS": 0.66,
        "Total Revenue": NaN,
        "Gross Profit": 235,
        "Operating Income": 70,
        "EBIT": 88,
        "Net Income": 42
    },
    "2015-06-30": {
        "Diluted EPS": 0.74,
        "Total Revenue": NaN,
        "Gross Profit": 240,
        "Operating Income": 78,
        "EBIT": 96,
        "Net Income": 47
    },
    "2015-03-31": {
        "Diluted EPS": 0.52,
        "Total Revenue": NaN,
        "Gross Profit": 217,
        "Operating Income": 55,
        "EBIT": 74,
        "Net Income": 33
    },
    "2014-12-31": {
        "Diluted EPS": 0.65,
        "Total Revenue": NaN,
        "Gross Profit": 249,
        "Operating Income": 74,
        "EBIT": 93,
        "Net Income": 42
    },
    "2014-09-30": {
        "Diluted EPS": 0.67,
        "Total Revenue": NaN,
        "Gross Profit": 222,
        "Operating Income": 74,
        "EBIT": 92,
        "Net Income": 45
    },
    "2014-06-30": {
        "Diluted EPS": 0.59,
        "Total Revenue": NaN,
        "Gross Profit": 220,
        "Operating Income": 70,
        "EBIT": 88,
        "Net Income": 40
    },
    "2014-03-31": {
        "Diluted EPS": 0.61,
        "Total Revenue": NaN,
        "Gross Profit": 216,
        "Operating Income": 72,
        "EBIT": 90,
        "Net Income": 41
    },
    "2013-12-31": {
        "Diluted EPS": 0.68,
        "Total Revenue": NaN,
        "Gross Profit": 242,
        "Operating Income": 95,
        "EBIT": 115,
        "Net Income": 46
    },
    "2013-09-30": {
        "Diluted EPS": 0.39,
        "Total Revenue": NaN,
        "Gross Profit": 207,
        "Operating Income": 58,
        "EBIT": 76,
        "Net Income": 27
    },
    "2013-06-30": {
        "Diluted EPS": 0.31,
        "Total Revenue": NaN,
        "Gross Profit": 182,
        "Operating Income": 36,
        "EBIT": 51,
        "Net Income": 21
    },
    "2013-03-31": {
        "Diluted EPS": 0.44,
        "Total Revenue": NaN,
        "Gross Profit": 191,
        "Operating Income": 51,
        "EBIT": 66,
        "Net Income": 30
    },
    "2012-12-31": {
        "Diluted EPS": 0.68,
        "Total Revenue": NaN,
        "Gross Profit": 226,
        "Operating Income": 89,
        "EBIT": 105,
        "Net Income": 46
    },
    "2012-09-30": {
        "Diluted EPS": 0.59,
        "Total Revenue": NaN,
        "Gross Profit": 203,
        "Operating Income": 69,
        "EBIT": 84,
        "Net Income": 40
    },
    "2012-06-30": {
        "Diluted EPS": 0.49,
        "Total Revenue": NaN,
        "Gross Profit": 194,
        "Operating Income": 56,
        "EBIT": 71,
        "Net Income": 33
    },
    "2012-03-31": {
        "Diluted EPS": 0.4,
        "Total Revenue": NaN,
        "Gross Profit": 181,
        "Operating Income": 46,
        "EBIT": 61,
        "Net Income": 27
    },
    "2011-12-31": {
        "Diluted EPS": 0.53,
        "Total Revenue": NaN,
        "Gross Profit": 214,
        "Operating Income": 62,
        "EBIT": 77,
        "Net Income": 37
    },
    "2011-09-30": {
        "Diluted EPS": 0.6,
        "Total Revenue": NaN,
        "Gross Profit": 188,
        "Operating Income": 56,
        "EBIT": 72,
        "Net Income": 41
    },
    "2011-06-30": {
        "Diluted EPS": 0.42,
        "Total Revenue": NaN,
        "Gross Profit": 175,
        "Operating Income": 50,
        "EBIT": 62,
        "Net Income": 29
    },
    "2011-03-31": {
        "Diluted EPS": 0.36,
        "Total Revenue": NaN,
        "Gross Profit": 157,
        "Operating Income": 42,
        "EBIT": 53,
        "Net Income": 25
    },
    "2010-12-31": {
        "Diluted EPS": 0.61,
        "Total Revenue": NaN,
        "Gross Profit": 181,
        "Operating Income": 64,
        "EBIT": 76,
        "Net Income": 40
    },
    "2010-09-30": {
        "Diluted EPS": -2.64,
        "Total Revenue": NaN,
        "Gross Profit": 171,
        "Operating Income": -168,
        "EBIT": -158,
        "Net Income": -176
    },
    "2010-06-30": {
        "Diluted EPS": 0.4,
        "Total Revenue": NaN,
        "Gross Profit": 176,
        "Operating Income": 35,
        "EBIT": 45,
        "Net Income": 27
    },
    "2010-03-31": {
        "Diluted EPS": 0.32,
        "Total Revenue": NaN,
        "Gross Profit": 165,
        "Operating Income": 42,
        "EBIT": 52,
        "Net Income": 22
    },
    "2009-12-31": {
        "Diluted EPS": 0.57,
        "Total Revenue": NaN,
        "Gross Profit": 171,
        "Operating Income": 44,
        "EBIT": 55,
        "Net Income": 39
    },
    "2009-09-30": {
        "Diluted EPS": 0.59,
        "Total Revenue": NaN,
        "Gross Profit": 205,
        "Operating Income": 67,
        "EBIT": 78,
        "Net Income": 40
    },
    "2009-06-30": {
        "Diluted EPS": 0.67,
        "Total Revenue": NaN,
        "Gross Profit": 215,
        "Operating Income": 75,
        "EBIT": 86,
        "Net Income": 45
    },
    "2009-03-31": {
        "Diluted EPS": 0.55,
        "Total Revenue": NaN,
        "Gross Profit": 193,
        "Operating Income": 64,
        "EBIT": 76,
        "Net Income": 37
    },
    "2023-09-30": {
        "Tax Effect Of Unusual Items": -650950.0,
        "Tax Rate For Calcs": 0.277,
        "Normalized EBITDA": 269969000.0,
        "Total Unusual Items": -2350000.0,
        "Total Unusual Items Excluding Goodwill": -2350000.0,
        "Net Income From Continuing Operation Net Minority Interest": 169409000.0,
        "Reconciled Depreciation": 30286000.0,
        "Reconciled Cost Of Revenue": 2662126000.0,
        "EBITDA": 267619000.0,
        "EBIT": 237333000.0,
        "Net Interest Income": -90000.0,
        "Interest Expense": 90000.0,
        "Interest Income": NaN,
        "Normalized Income": 171108050.0,
        "Net Income From Continuing And Discontinued Operation": 169409000.0,
        "Total Expenses": 2970265000.0,
        "Total Operating Income As Reported": 234983000.0,
        "Diluted Average Shares": 47398197.0,
        "Basic Average Shares": 47173974.0,
        "Diluted EPS": 3.57,
        "Basic EPS": 3.59,
        "Diluted NI Availto Com Stockholders": 169409000.0,
        "Net Income Common Stockholders": 169409000.0,
        "Net Income": 169409000.0,
        "Minority Interests": -337000.0,
        "Net Income Including Noncontrolling Interests": 169746000.0,
        "Net Income Continuous Operations": 169746000.0,
        "Tax Provision": 64863000.0,
        "Pretax Income": 234609000.0,
        "Other Income Expense": -2634000.0,
        "Other Non Operating Income Expenses": -284000.0,
        "Special Income Charges": -2350000.0,
        "Impairment Of Capital Assets": 2350000.0,
        "Net Non Operating Interest Income Expense": -90000.0,
        "Total Other Finance Cost": 90000.0,
        "Interest Expense Non Operating": 90000.0,
        "Interest Income Non Operating": NaN,
        "Operating Income": 237333000.0,
        "Operating Expense": 308139000.0,
        "Selling General And Administration": 308139000.0,
        "General And Administrative Expense": NaN,
        "Other Gand A": NaN,
        "Salaries And Wages": NaN,
        "Gross Profit": 545472000.0,
        "Cost Of Revenue": 2662126000.0,
        "Total Revenue": 3207598000.0,
        "Operating Revenue": 3207598000.0
    },
    "2023-12-31": {
        "Tax Effect Of Unusual Items": 0.0,
        "Tax Rate For Calcs": 0.275005,
        "Normalized EBITDA": 335518000.0,
        "Total Unusual Items": 0.0,
        "Total Unusual Items Excluding Goodwill": 0.0,
        "Net Income From Continuing Operation Net Minority Interest": 211517000.0,
        "Reconciled Depreciation": 31186000.0,
        "Reconciled Cost Of Revenue": 2821476000.0,
        "EBITDA": 335518000.0,
        "EBIT": 304332000.0,
        "Net Interest Income": 2830000.0,
        "Interest Expense": 12585000.0,
        "Interest Income": NaN,
        "Normalized Income": 211517000.0,
        "Net Income From Continuing And Discontinued Operation": 211517000.0,
        "Total Expenses": 3150025000.0,
        "Total Operating Income As Reported": 289196000.0,
        "Diluted Average Shares": NaN,
        "Basic Average Shares": NaN,
        "Diluted EPS": NaN,
        "Basic EPS": NaN,
        "Diluted NI Availto Com Stockholders": 211517000.0,
        "Net Income Common Stockholders": 211517000.0,
        "Net Income": 211517000.0,
        "Minority Interests": 2000.0,
        "Net Income Including Noncontrolling Interests": 211515000.0,
        "Net Income Continuous Operations": 211515000.0,
        "Tax Provision": 80232000.0,
        "Pretax Income": 291747000.0,
        "Other Income Expense": -279000.0,
        "Other Non Operating Income Expenses": -279000.0,
        "Special Income Charges": 0.0,
        "Impairment Of Capital Assets": 0.0,
        "Net Non Operating Interest Income Expense": 2830000.0,
        "Total Other Finance Cost": NaN,
        "Interest Expense Non Operating": 12585000.0,
        "Interest Income Non Operating": NaN,
        "Operating Income": 289196000.0,
        "Operating Expense": 328549000.0,
        "Selling General And Administration": 328549000.0,
        "General And Administrative Expense": NaN,
        "Other Gand A": NaN,
        "Salaries And Wages": NaN,
        "Gross Profit": 617745000.0,
        "Cost Of Revenue": 2821476000.0,
        "Total Revenue": 3439221000.0,
        "Operating Revenue": 3439221000.0
    },
    "2024-03-31": {
        "Tax Effect Of Unusual Items": 0.0,
        "Tax Rate For Calcs": 0.264,
        "Normalized EBITDA": 289541000.0,
        "Total Unusual Items": NaN,
        "Total Unusual Items Excluding Goodwill": NaN,
        "Net Income From Continuing Operation Net Minority Interest": 197149000.0,
        "Reconciled Depreciation": 29588000.0,
        "Reconciled Cost Of Revenue": 2842967000.0,
        "EBITDA": 289541000.0,
        "EBIT": 259953000.0,
        "Net Interest Income": 7541000.0,
        "Interest Expense": NaN,
        "Interest Income": 7541000.0,
        "Normalized Income": 197149000.0,
        "Net Income From Continuing And Discontinued Operation": 197149000.0,
        "Total Expenses": 3172323000.0,
        "Total Operating Income As Reported": 259953000.0,
        "Diluted Average Shares": 47316497.0,
        "Basic Average Shares": 47138185.0,
        "Diluted EPS": 4.17,
        "Basic EPS": 4.18,
        "Diluted NI Availto Com Stockholders": 197149000.0,
        "Net Income Common Stockholders": 197149000.0,
        "Net Income": 197149000.0,
        "Minority Interests": NaN,
        "Net Income Including Noncontrolling Interests": 197149000.0,
        "Net Income Continuous Operations": 197149000.0,
        "Tax Provision": 70567000.0,
        "Pretax Income": 267716000.0,
        "Other Income Expense": 222000.0,
        "Other Non Operating Income Expenses": 222000.0,
        "Special Income Charges": NaN,
        "Impairment Of Capital Assets": NaN,
        "Net Non Operating Interest Income Expense": 7541000.0,
        "Total Other Finance Cost": NaN,
        "Interest Expense Non Operating": NaN,
        "Interest Income Non Operating": 7541000.0,
        "Operating Income": 259953000.0,
        "Operating Expense": 329356000.0,
        "Selling General And Administration": 329356000.0,
        "General And Administrative Expense": NaN,
        "Other Gand A": NaN,
        "Salaries And Wages": NaN,
        "Gross Profit": 589309000.0,
        "Cost Of Revenue": 2842967000.0,
        "Total Revenue": 3432276000.0,
        "Operating Revenue": 3432276000.0
    },
    "2024-06-30": {
        "Tax Effect Of Unusual Items": 0.0,
        "Tax Rate For Calcs": 0.27,
        "Normalized EBITDA": 367261000.0,
        "Total Unusual Items": NaN,
        "Total Unusual Items Excluding Goodwill": NaN,
        "Net Income From Continuing Operation Net Minority Interest": 247572000.0,
        "Reconciled Depreciation": 34232000.0,
        "Reconciled Cost Of Revenue": 2982896000.0,
        "EBITDA": 367261000.0,
        "EBIT": 333029000.0,
        "Net Interest Income": 6106000.0,
        "Interest Expense": NaN,
        "Interest Income": NaN,
        "Normalized Income": 247572000.0,
        "Net Income From Continuing And Discontinued Operation": 247572000.0,
        "Total Expenses": 3333868000.0,
        "Total Operating Income As Reported": 332808000.0,
        "Diluted Average Shares": 47159660.0,
        "Basic Average Shares": 46972032.0,
        "Diluted EPS": 5.25,
        "Basic EPS": 5.27,
        "Diluted NI Availto Com Stockholders": 247572000.0,
        "Net Income Common Stockholders": 247572000.0,
        "Net Income": 247572000.0,
        "Minority Interests": NaN,
        "Net Income Including Noncontrolling Interests": 247572000.0,
        "Net Income Continuous Operations": 247572000.0,
        "Tax Provision": 91563000.0,
        "Pretax Income": 339135000.0,
        "Other Income Expense": NaN,
        "Other Non Operating Income Expenses": NaN,
        "Special Income Charges": NaN,
        "Impairment Of Capital Assets": NaN,
        "Net Non Operating Interest Income Expense": 6106000.0,
        "Total Other Finance Cost": -6106000.0,
        "Interest Expense Non Operating": NaN,
        "Interest Income Non Operating": NaN,
        "Operating Income": 333029000.0,
        "Operating Expense": 350972000.0,
        "Selling General And Administration": 350972000.0,
        "General And Administrative Expense": 350972000.0,
        "Other Gand A": 351193000.0,
        "Salaries And Wages": -221000.0,
        "Gross Profit": 684001000.0,
        "Cost Of Revenue": 2982896000.0,
        "Total Revenue": 3666897000.0,
        "Operating Revenue": 3666897000.0
    },
    "2024-09-30": {
        "Tax Effect Of Unusual Items": 0.0,
        "Tax Rate For Calcs": 0.274,
        "Normalized EBITDA": 398076000.0,
        "Total Unusual Items": 0.0,
        "Total Unusual Items Excluding Goodwill": 0.0,
        "Net Income From Continuing Operation Net Minority Interest": 270263000.0,
        "Reconciled Depreciation": 34538000.0,
        "Reconciled Cost Of Revenue": 2962198000.0,
        "EBITDA": 398076000.0,
        "EBIT": 363538000.0,
        "Net Interest Income": 8312000.0,
        "Interest Expense": NaN,
        "Interest Income": NaN,
        "Normalized Income": 270263000.0,
        "Net Income From Continuing And Discontinued Operation": 270263000.0,
        "Total Expenses": 3333386000.0,
        "Total Operating Income As Reported": 363538000.0,
        "Diluted Average Shares": 46588760.0,
        "Basic Average Shares": 46394857.0,
        "Diluted EPS": 5.8,
        "Basic EPS": 5.83,
        "Diluted NI Availto Com Stockholders": 270263000.0,
        "Net Income Common Stockholders": 270263000.0,
        "Net Income": 270263000.0,
        "Minority Interests": 0.0,
        "Net Income Including Noncontrolling Interests": 270263000.0,
        "Net Income Continuous Operations": 270263000.0,
        "Tax Provision": 101814000.0,
        "Pretax Income": 372077000.0,
        "Other Income Expense": 227000.0,
        "Other Non Operating Income Expenses": 227000.0,
        "Special Income Charges": 0.0,
        "Impairment Of Capital Assets": 0.0,
        "Net Non Operating Interest Income Expense": 8312000.0,
        "Total Other Finance Cost": -8312000.0,
        "Interest Expense Non Operating": NaN,
        "Interest Income Non Operating": NaN,
        "Operating Income": 363538000.0,
        "Operating Expense": 371188000.0,
        "Selling General And Administration": 371188000.0,
        "General And Administrative Expense": NaN,
        "Other Gand A": NaN,
        "Salaries And Wages": NaN,
        "Gross Profit": 734726000.0,
        "Cost Of Revenue": 2962198000.0,
        "Total Revenue": 3696924000.0,
        "Operating Revenue": 3696924000.0
    }
}