{
    "2023-06-30": {
        "Tax Effect Of Unusual Items": NaN,
        "Tax Rate For Calcs": NaN,
        "Normalized EBITDA": NaN,
        "Total Unusual Items": NaN,
        "Total Unusual Items Excluding Goodwill": NaN,
        "Net Income From Continuing Operation Net Minority Interest": NaN,
        "Reconciled Depreciation": NaN,
        "Reconciled Cost Of Revenue": NaN,
        "EBITDA": NaN,
        "EBIT": NaN,
        "Net Interest Income": NaN,
        "Interest Expense": NaN,
        "Interest Income": NaN,
        "Normalized Income": NaN,
        "Net Income From Continuing And Discontinued Operation": NaN,
        "Total Expenses": NaN,
        "Diluted Average Shares": NaN,
        "Basic Average Shares": NaN,
        "Diluted EPS": NaN,
        "Basic EPS": NaN,
        "Diluted NI Availto Com Stockholders": NaN,
        "Net Income Common Stockholders": NaN,
        "Net Income": NaN,
        "Minority Interests": NaN,
        "Net Income Including Noncontrolling Interests": NaN,
        "Net Income Continuous Operations": NaN,
        "Tax Provision": NaN,
        "Pretax Income": NaN,
        "Other Income Expense": NaN,
        "Other Non Operating Income Expenses": NaN,
        "Special Income Charges": NaN,
        "Gain On Sale Of Ppe": 0.0,
        "Gain On Sale Of Business": 0.0,
        "Write Off": NaN,
        "Impairment Of Capital Assets": NaN,
        "Restructuring And Mergern Acquisition": NaN,
        "Gain On Sale Of Security": -2000000.0,
        "Net Non Operating Interest Income Expense": NaN,
        "Interest Expense Non Operating": NaN,
        "Interest Income Non Operating": NaN,
        "Operating Income": NaN,
        "Operating Expense": NaN,
        "Research And Development": NaN,
        "Selling General And Administration": NaN,
        "General And Administrative Expense": 182000000.0,
        "Other Gand A": 185000000.0,
        "Salaries And Wages": -3000000.0,
        "Gross Profit": NaN,
        "Cost Of Revenue": NaN,
        "Total Revenue": NaN,
        "Operating Revenue": NaN
    },
    "2023-03-31": {
        "Tax Effect Of Unusual Items": NaN,
        "Tax Rate For Calcs": NaN,
        "Normalized EBITDA": NaN,
        "Total Unusual Items": NaN,
        "Total Unusual Items Excluding Goodwill": NaN,
        "Net Income From Continuing Operation Net Minority Interest": NaN,
        "Reconciled Depreciation": NaN,
        "Reconciled Cost Of Revenue": NaN,
        "EBITDA": NaN,
        "EBIT": NaN,
        "Net Interest Income": NaN,
        "Interest Expense": NaN,
        "Interest Income": NaN,
        "Normalized Income": NaN,
        "Net Income From Continuing And Discontinued Operation": NaN,
        "Total Expenses": NaN,
        "Diluted Average Shares": NaN,
        "Basic Average Shares": NaN,
        "Diluted EPS": NaN,
        "Basic EPS": NaN,
        "Diluted NI Availto Com Stockholders": NaN,
        "Net Income Common Stockholders": NaN,
        "Net Income": NaN,
        "Minority Interests": NaN,
        "Net Income Including Noncontrolling Interests": NaN,
        "Net Income Continuous Operations": NaN,
        "Tax Provision": NaN,
        "Pretax Income": NaN,
        "Other Income Expense": NaN,
        "Other Non Operating Income Expenses": NaN,
        "Special Income Charges": NaN,
        "Gain On Sale Of Ppe": NaN,
        "Gain On Sale Of Business": 0.0,
        "Write Off": NaN,
        "Impairment Of Capital Assets": NaN,
        "Restructuring And Mergern Acquisition": NaN,
        "Gain On Sale Of Security": NaN,
        "Net Non Operating Interest Income Expense": NaN,
        "Interest Expense Non Operating": NaN,
        "Interest Income Non Operating": NaN,
        "Operating Income": NaN,
        "Operating Expense": NaN,
        "Research And Development": NaN,
        "Selling General And Administration": NaN,
        "General And Administrative Expense": 188000000.0,
        "Other Gand A": 191000000.0,
        "Salaries And Wages": -3000000.0,
        "Gross Profit": NaN,
        "Cost Of Revenue": NaN,
        "Total Revenue": NaN,
        "Operating Revenue": NaN
    },
    "2022-12-31": {
        "Tax Effect Of Unusual Items": NaN,
        "Tax Rate For Calcs": NaN,
        "Normalized EBITDA": NaN,
        "Total Unusual Items": NaN,
        "Total Unusual Items Excluding Goodwill": NaN,
        "Net Income From Continuing Operation Net Minority Interest": NaN,
        "Reconciled Depreciation": NaN,
        "Reconciled Cost Of Revenue": NaN,
        "EBITDA": NaN,
        "EBIT": NaN,
        "Net Interest Income": NaN,
        "Interest Expense": NaN,
        "Interest Income": NaN,
        "Normalized Income": NaN,
        "Net Income From Continuing And Discontinued Operation": NaN,
        "Total Expenses": NaN,
        "Diluted Average Shares": NaN,
        "Basic Average Shares": NaN,
        "Diluted EPS": NaN,
        "Basic EPS": NaN,
        "Diluted NI Availto Com Stockholders": NaN,
        "Net Income Common Stockholders": NaN,
        "Net Income": NaN,
        "Minority Interests": NaN,
        "Net Income Including Noncontrolling Interests": NaN,
        "Net Income Continuous Operations": NaN,
        "Tax Provision": NaN,
        "Pretax Income": NaN,
        "Other Income Expense": NaN,
        "Other Non Operating Income Expenses": NaN,
        "Special Income Charges": NaN,
        "Gain On Sale Of Ppe": NaN,
        "Gain On Sale Of Business": -50000000.0,
        "Impairment Of Capital Assets": 15000000.0,
        "Restructuring And Mergern Acquisition": NaN,
        "Gain On Sale Of Security": NaN,
        "Net Non Operating Interest Income Expense": NaN,
        "Interest Expense Non Operating": NaN,
        "Interest Income Non Operating": NaN,
        "Operating Income": NaN,
        "Operating Expense": NaN,
        "Research And Development": NaN,
        "Selling General And Administration": NaN,
        "General And Administrative Expense": NaN,
        "Other Gand A": NaN,
        "Salaries And Wages": NaN,
        "Gross Profit": NaN,
        "Cost Of Revenue": NaN,
        "Total Revenue": NaN,
        "Operating Revenue": NaN
    },
    "2022-09-30": {
        "Tax Effect Of Unusual Items": NaN,
        "Tax Rate For Calcs": NaN,
        "Normalized EBITDA": NaN,
        "Total Unusual Items": NaN,
        "Total Unusual Items Excluding Goodwill": NaN,
        "Net Income From Continuing Operation Net Minority Interest": NaN,
        "Reconciled Depreciation": NaN,
        "Reconciled Cost Of Revenue": NaN,
        "EBITDA": NaN,
        "EBIT": NaN,
        "Net Interest Income": NaN,
        "Interest Expense": NaN,
        "Interest Income": NaN,
        "Normalized Income": NaN,
        "Net Income From Continuing And Discontinued Operation": NaN,
        "Total Expenses": NaN,
        "Diluted Average Shares": NaN,
        "Basic Average Shares": NaN,
        "Diluted EPS": NaN,
        "Basic EPS": NaN,
        "Diluted NI Availto Com Stockholders": NaN,
        "Net Income Common Stockholders": NaN,
        "Net Income": NaN,
        "Minority Interests": NaN,
        "Net Income Including Noncontrolling Interests": NaN,
        "Net Income Continuous Operations": NaN,
        "Tax Provision": NaN,
        "Pretax Income": NaN,
        "Other Income Expense": NaN,
        "Other Non Operating Income Expenses": NaN,
        "Special Income Charges": NaN,
        "Gain On Sale Of Ppe": 0.0,
        "Gain On Sale Of Business": NaN,
        "Impairment Of Capital Assets": 0.0,
        "Restructuring And Mergern Acquisition": NaN,
        "Gain On Sale Of Security": NaN,
        "Net Non Operating Interest Income Expense": NaN,
        "Interest Expense Non Operating": NaN,
        "Interest Income Non Operating": NaN,
        "Operating Income": NaN,
        "Operating Expense": NaN,
        "Research And Development": NaN,
        "Selling General And Administration": NaN,
        "General And Administrative Expense": NaN,
        "Other Gand A": NaN,
        "Salaries And Wages": NaN,
        "Gross Profit": NaN,
        "Cost Of Revenue": NaN,
        "Total Revenue": NaN,
        "Operating Revenue": NaN
    },
    "2022-06-30": {
        "Tax Effect Of Unusual Items": -3960000.0,
        "Tax Rate For Calcs": 0.33,
        "Normalized EBITDA": 560000000.0,
        "Total Unusual Items": -12000000.0,
        "Total Unusual Items Excluding Goodwill": -12000000.0,
        "Net Income From Continuing Operation Net Minority Interest": 256000000.0,
        "Reconciled Depreciation": 122000000.0,
        "Reconciled Cost Of Revenue": 2114000000.0,
        "EBITDA": 548000000.0,
        "EBIT": 426000000.0,
        "Net Interest Income": -45000000.0,
        "Interest Expense": 45000000.0,
        "Interest Income": 0.0,
        "Normalized Income": 264040000.0,
        "Net Income From Continuing And Discontinued Operation": 256000000.0,
        "Total Expenses": 2366000000.0,
        "Diluted Average Shares": 126400000.0,
        "Basic Average Shares": 124800000.0,
        "Diluted EPS": 2.03,
        "Basic EPS": 2.05,
        "Diluted NI Availto Com Stockholders": 256000000.0,
        "Net Income Common Stockholders": 256000000.0,
        "Net Income": 256000000.0,
        "Minority Interests": -1000000.0,
        "Net Income Including Noncontrolling Interests": 257000000.0,
        "Net Income Continuous Operations": 257000000.0,
        "Tax Provision": 124000000.0,
        "Pretax Income": 381000000.0,
        "Other Income Expense": 8000000.0,
        "Other Non Operating Income Expenses": 20000000.0,
        "Special Income Charges": -12000000.0,
        "Gain On Sale Of Ppe": -15000000.0,
        "Gain On Sale Of Business": 7000000.0,
        "Write Off": 19000000.0,
        "Impairment Of Capital Assets": 0.0,
        "Restructuring And Mergern Acquisition": 4000000.0,
        "Gain On Sale Of Security": -4000000.0,
        "Net Non Operating Interest Income Expense": -45000000.0,
        "Interest Expense Non Operating": 45000000.0,
        "Interest Income Non Operating": 0.0,
        "Operating Income": 418000000.0,
        "Operating Expense": 252000000.0,
        "Research And Development": 67000000.0,
        "Selling General And Administration": 185000000.0,
        "General And Administrative Expense": NaN,
        "Other Gand A": NaN,
        "Salaries And Wages": NaN,
        "Gross Profit": 670000000.0,
        "Cost Of Revenue": 2114000000.0,
        "Total Revenue": 2784000000.0,
        "Operating Revenue": 2784000000.0
    },
    "2022-03-31": {
        "Diluted EPS": 1.8,
        "Total Revenue": NaN,
        "Gross Profit": 550,
        "Operating Income": 318,
        "EBIT": 439,
        "Net Income": 235
    },
    "2021-12-31": {
        "Diluted EPS": 2.76,
        "Total Revenue": NaN,
        "Gross Profit": 559,
        "Operating Income": 580,
        "EBIT": 702,
        "Net Income": 378
    },
    "2021-09-30": {
        "Diluted EPS": 2.57,
        "Total Revenue": NaN,
        "Gross Profit": 662,
        "Operating Income": 430,
        "EBIT": 557,
        "Net Income": 351
    },
    "2021-06-30": {
        "Diluted EPS": -1.07,
        "Total Revenue": NaN,
        "Gross Profit": 681,
        "Operating Income": 438,
        "EBIT": 578,
        "Net Income": -146
    },
    "2021-03-31": {
        "Diluted EPS": 1.99,
        "Total Revenue": NaN,
        "Gross Profit": 598,
        "Operating Income": 385,
        "EBIT": 534,
        "Net Income": 274
    },
    "2020-12-31": {
        "Diluted EPS": 0.23,
        "Total Revenue": NaN,
        "Gross Profit": 526,
        "Operating Income": 76,
        "EBIT": 221,
        "Net Income": 32
    },
    "2020-09-30": {
        "Diluted EPS": 1.18,
        "Total Revenue": NaN,
        "Gross Profit": 501,
        "Operating Income": 243,
        "EBIT": 392,
        "Net Income": 161
    },
    "2020-06-30": {
        "Diluted EPS": 0.2,
        "Total Revenue": NaN,
        "Gross Profit": 371,
        "Operating Income": 54,
        "EBIT": 195,
        "Net Income": 27
    },
    "2020-03-31": {
        "Diluted EPS": 1.89,
        "Total Revenue": NaN,
        "Gross Profit": 577,
        "Operating Income": 368,
        "EBIT": 507,
        "Net Income": 258
    },
    "2019-12-31": {
        "Diluted EPS": 0.21,
        "Total Revenue": NaN,
        "Gross Profit": 497,
        "Operating Income": 65,
        "EBIT": 214,
        "Net Income": 26
    },
    "2019-09-30": {
        "Diluted EPS": 1.93,
        "Total Revenue": NaN,
        "Gross Profit": 574,
        "Operating Income": 367,
        "EBIT": 518,
        "Net Income": 266
    },
    "2019-06-30": {
        "Diluted EPS": 1.85,
        "Total Revenue": NaN,
        "Gross Profit": 589,
        "Operating Income": 370,
        "EBIT": 526,
        "Net Income": 258
    },
    "2019-03-31": {
        "Diluted EPS": 1.49,
        "Total Revenue": NaN,
        "Gross Profit": 574,
        "Operating Income": 318,
        "EBIT": 473,
        "Net Income": 209
    },
    "2018-12-31": {
        "Diluted EPS": 0.28,
        "Total Revenue": NaN,
        "Gross Profit": 466,
        "Operating Income": 185,
        "EBIT": 338,
        "Net Income": 34
    },
    "2018-09-30": {
        "Diluted EPS": 2.89,
        "Total Revenue": NaN,
        "Gross Profit": 728,
        "Operating Income": 523,
        "EBIT": 674,
        "Net Income": 412
    },
    "2018-06-30": {
        "Diluted EPS": 2.39,
        "Total Revenue": NaN,
        "Gross Profit": 704,
        "Operating Income": 481,
        "EBIT": 629,
        "Net Income": 344
    },
    "2018-03-31": {
        "Diluted EPS": 2.0,
        "Total Revenue": NaN,
        "Gross Profit": 581,
        "Operating Income": 363,
        "EBIT": 515,
        "Net Income": 290
    },
    "2017-12-31": {
        "Diluted EPS": 3.36,
        "Total Revenue": NaN,
        "Gross Profit": 457,
        "Operating Income": 252,
        "EBIT": 399,
        "Net Income": 491
    },
    "2017-09-30": {
        "Diluted EPS": 2.22,
        "Total Revenue": NaN,
        "Gross Profit": 671,
        "Operating Income": 460,
        "EBIT": 608,
        "Net Income": 323
    },
    "2017-06-30": {
        "Diluted EPS": 2.0,
        "Total Revenue": NaN,
        "Gross Profit": 630,
        "Operating Income": 421,
        "EBIT": 568,
        "Net Income": 292
    },
    "2017-03-31": {
        "Diluted EPS": 1.89,
        "Total Revenue": NaN,
        "Gross Profit": 605,
        "Operating Income": 397,
        "EBIT": 542,
        "Net Income": 278
    },
    "2016-12-31": {
        "Diluted EPS": 0.79,
        "Total Revenue": NaN,
        "Gross Profit": 497,
        "Operating Income": 258,
        "EBIT": 402,
        "Net Income": 116
    },
    "2016-09-30": {
        "Diluted EPS": 1.56,
        "Total Revenue": NaN,
        "Gross Profit": 621,
        "Operating Income": 356,
        "EBIT": 501,
        "Net Income": 232
    },
    "2016-06-30": {
        "Diluted EPS": 1.71,
        "Total Revenue": NaN,
        "Gross Profit": 605,
        "Operating Income": 376,
        "EBIT": 520,
        "Net Income": 255
    },
    "2016-03-31": {
        "Diluted EPS": 1.69,
        "Total Revenue": NaN,
        "Gross Profit": 634,
        "Operating Income": 399,
        "EBIT": 546,
        "Net Income": 251
    },
    "2015-12-31": {
        "Diluted EPS": 0.83,
        "Total Revenue": NaN,
        "Gross Profit": 509,
        "Operating Income": 172,
        "EBIT": 314,
        "Net Income": 124
    },
    "2015-09-30": {
        "Diluted EPS": 1.71,
        "Total Revenue": NaN,
        "Gross Profit": 695,
        "Operating Income": 432,
        "EBIT": 574,
        "Net Income": 256
    },
    "2015-06-30": {
        "Diluted EPS": 1.98,
        "Total Revenue": NaN,
        "Gross Profit": 720,
        "Operating Income": 469,
        "EBIT": 611,
        "Net Income": 297
    },
    "2015-03-31": {
        "Diluted EPS": 1.14,
        "Total Revenue": NaN,
        "Gross Profit": 656,
        "Operating Income": 311,
        "EBIT": 456,
        "Net Income": 171
    },
    "2014-12-31": {
        "Diluted EPS": 0.13,
        "Total Revenue": NaN,
        "Gross Profit": 333,
        "Operating Income": 27,
        "EBIT": 149,
        "Net Income": 16
    },
    "2014-09-30": {
        "Diluted EPS": 1.39,
        "Total Revenue": NaN,
        "Gross Profit": 636,
        "Operating Income": 338,
        "EBIT": 449,
        "Net Income": 210
    },
    "2014-06-30": {
        "Diluted EPS": 1.93,
        "Total Revenue": NaN,
        "Gross Profit": 657,
        "Operating Income": 436,
        "EBIT": 546,
        "Net Income": 292
    },
    "2014-03-31": {
        "Diluted EPS": 1.52,
        "Total Revenue": NaN,
        "Gross Profit": 595,
        "Operating Income": 361,
        "EBIT": 468,
        "Net Income": 233
    },
    "2013-12-31": {
        "Diluted EPS": 2.21,
        "Total Revenue": NaN,
        "Gross Profit": 794,
        "Operating Income": 562,
        "EBIT": 669,
        "Net Income": 346
    },
    "2013-09-30": {
        "Diluted EPS": 1.97,
        "Total Revenue": NaN,
        "Gross Profit": 689,
        "Operating Income": 479,
        "EBIT": 587,
        "Net Income": 308
    },
    "2013-06-30": {
        "Diluted EPS": 1.69,
        "Total Revenue": NaN,
        "Gross Profit": 677,
        "Operating Income": 428,
        "EBIT": 536,
        "Net Income": 264
    },
    "2013-03-31": {
        "Diluted EPS": 1.57,
        "Total Revenue": NaN,
        "Gross Profit": 616,
        "Operating Income": 393,
        "EBIT": 503,
        "Net Income": 247
    },
    "2012-12-31": {
        "Diluted EPS": -0.45,
        "Total Revenue": NaN,
        "Gross Profit": 325,
        "Operating Income": -44,
        "EBIT": 64,
        "Net Income": -54
    },
    "2012-09-30": {
        "Diluted EPS": 0.99,
        "Total Revenue": NaN,
        "Gross Profit": 525,
        "Operating Income": 263,
        "EBIT": 375,
        "Net Income": 154
    },
    "2012-06-30": {
        "Diluted EPS": 1.27,
        "Total Revenue": NaN,
        "Gross Profit": 481,
        "Operating Income": 317,
        "EBIT": 388,
        "Net Income": 179
    },
    "2012-03-31": {
        "Diluted EPS": 1.12,
        "Total Revenue": NaN,
        "Gross Profit": 431,
        "Operating Income": 264,
        "EBIT": 333,
        "Net Income": 158
    },
    "2011-12-31": {
        "Diluted EPS": 0.13,
        "Total Revenue": NaN,
        "Gross Profit": 204,
        "Operating Income": 19,
        "EBIT": 88,
        "Net Income": 12
    },
    "2011-09-30": {
        "Diluted EPS": 1.22,
        "Total Revenue": NaN,
        "Gross Profit": 433,
        "Operating Income": 271,
        "EBIT": 340,
        "Net Income": 174
    },
    "2011-06-30": {
        "Diluted EPS": 1.51,
        "Total Revenue": NaN,
        "Gross Profit": 474,
        "Operating Income": 333,
        "EBIT": 400,
        "Net Income": 220
    },
    "2011-03-31": {
        "Diluted EPS": 1.66,
        "Total Revenue": NaN,
        "Gross Profit": 458,
        "Operating Income": 314,
        "EBIT": 382,
        "Net Income": 240
    },
    "2010-12-31": {
        "Diluted EPS": 0.03,
        "Total Revenue": NaN,
        "Gross Profit": 336,
        "Operating Income": 143,
        "EBIT": 211,
        "Net Income": 6
    },
    "2010-09-30": {
        "Diluted EPS": 1.16,
        "Total Revenue": NaN,
        "Gross Profit": 422,
        "Operating Income": 266,
        "EBIT": 339,
        "Net Income": 170
    },
    "2010-06-30": {
        "Diluted EPS": 1.01,
        "Total Revenue": NaN,
        "Gross Profit": 384,
        "Operating Income": 246,
        "EBIT": 316,
        "Net Income": 148
    },
    "2010-03-31": {
        "Diluted EPS": 0.69,
        "Total Revenue": NaN,
        "Gross Profit": 317,
        "Operating Income": 189,
        "EBIT": 258,
        "Net Income": 101
    },
    "2009-12-31": {
        "Diluted EPS": -0.22,
        "Total Revenue": 677,
        "Gross Profit": 265,
        "Operating Income": -2,
        "EBIT": 69,
        "Net Income": -32
    },
    "2009-09-30": {
        "Diluted EPS": 0.69,
        "Total Revenue": NaN,
        "Gross Profit": 328,
        "Operating Income": 191,
        "EBIT": 260,
        "Net Income": 101
    },
    "2009-06-30": {
        "Diluted EPS": 0.45,
        "Total Revenue": NaN,
        "Gross Profit": 260,
        "Operating Income": 131,
        "EBIT": 198,
        "Net Income": 65
    },
    "2009-03-31": {
        "Diluted EPS": 0.02,
        "Total Revenue": NaN,
        "Gross Profit": 179,
        "Operating Income": 25,
        "EBIT": 92,
        "Net Income": 2
    },
    "2023-09-30": {
        "Tax Effect Of Unusual Items": -300000.0,
        "Tax Rate For Calcs": 0.1,
        "Normalized EBITDA": 381000000.0,
        "Total Unusual Items": -3000000.0,
        "Total Unusual Items Excluding Goodwill": -3000000.0,
        "Net Income From Continuing Operation Net Minority Interest": 178000000.0,
        "Reconciled Depreciation": 120000000.0,
        "Reconciled Cost Of Revenue": 1783000000.0,
        "EBITDA": 378000000.0,
        "EBIT": 258000000.0,
        "Net Interest Income": -57000000.0,
        "Interest Expense": 59000000.0,
        "Interest Income": 2000000.0,
        "Normalized Income": 180700000.0,
        "Net Income From Continuing And Discontinued Operation": 178000000.0,
        "Total Expenses": 2003000000.0,
        "Diluted Average Shares": 119000000.0,
        "Basic Average Shares": 118500000.0,
        "Diluted EPS": 1.49,
        "Basic EPS": 1.5,
        "Diluted NI Availto Com Stockholders": 178000000.0,
        "Net Income Common Stockholders": 178000000.0,
        "Net Income": 178000000.0,
        "Minority Interests": -1000000.0,
        "Net Income Including Noncontrolling Interests": 179000000.0,
        "Net Income Continuous Operations": 179000000.0,
        "Tax Provision": 20000000.0,
        "Pretax Income": 199000000.0,
        "Other Income Expense": -8000000.0,
        "Other Non Operating Income Expenses": -5000000.0,
        "Special Income Charges": 0.0,
        "Gain On Sale Of Ppe": NaN,
        "Gain On Sale Of Business": 0.0,
        "Write Off": NaN,
        "Impairment Of Capital Assets": 0.0,
        "Restructuring And Mergern Acquisition": 0.0,
        "Gain On Sale Of Security": -3000000.0,
        "Net Non Operating Interest Income Expense": -57000000.0,
        "Interest Expense Non Operating": 59000000.0,
        "Interest Income Non Operating": 2000000.0,
        "Operating Income": 264000000.0,
        "Operating Expense": 220000000.0,
        "Research And Development": 60000000.0,
        "Selling General And Administration": 160000000.0,
        "General And Administrative Expense": NaN,
        "Other Gand A": NaN,
        "Salaries And Wages": NaN,
        "Gross Profit": 484000000.0,
        "Cost Of Revenue": 1783000000.0,
        "Total Revenue": 2267000000.0,
        "Operating Revenue": 2267000000.0
    },
    "2023-12-31": {
        "Tax Effect Of Unusual Items": 85835294.117647,
        "Tax Rate For Calcs": 0.268235,
        "Normalized EBITDA": 277000000.0,
        "Total Unusual Items": 320000000.0,
        "Total Unusual Items Excluding Goodwill": 320000000.0,
        "Net Income From Continuing Operation Net Minority Interest": 310000000.0,
        "Reconciled Depreciation": 118000000.0,
        "Reconciled Cost Of Revenue": 1743000000.0,
        "EBITDA": 597000000.0,
        "EBIT": 479000000.0,
        "Net Interest Income": -52000000.0,
        "Interest Expense": 54000000.0,
        "Interest Income": 2000000.0,
        "Normalized Income": 75835294.117647,
        "Net Income From Continuing And Discontinued Operation": 310000000.0,
        "Total Expenses": 2032000000.0,
        "Diluted Average Shares": 118700000.0,
        "Basic Average Shares": 118000000.0,
        "Diluted EPS": 2.61,
        "Basic EPS": 2.63,
        "Diluted NI Availto Com Stockholders": 310000000.0,
        "Net Income Common Stockholders": 310000000.0,
        "Net Income": 310000000.0,
        "Minority Interests": -1000000.0,
        "Net Income Including Noncontrolling Interests": 311000000.0,
        "Net Income Continuous Operations": 311000000.0,
        "Tax Provision": 114000000.0,
        "Pretax Income": 425000000.0,
        "Other Income Expense": 302000000.0,
        "Other Non Operating Income Expenses": -18000000.0,
        "Special Income Charges": 308000000.0,
        "Gain On Sale Of Ppe": NaN,
        "Gain On Sale Of Business": 323000000.0,
        "Write Off": NaN,
        "Impairment Of Capital Assets": 0.0,
        "Restructuring And Mergern Acquisition": 15000000.0,
        "Gain On Sale Of Security": 12000000.0,
        "Net Non Operating Interest Income Expense": -52000000.0,
        "Interest Expense Non Operating": 54000000.0,
        "Interest Income Non Operating": 2000000.0,
        "Operating Income": 175000000.0,
        "Operating Expense": 289000000.0,
        "Research And Development": 57000000.0,
        "Selling General And Administration": 232000000.0,
        "General And Administrative Expense": NaN,
        "Other Gand A": NaN,
        "Salaries And Wages": NaN,
        "Gross Profit": 464000000.0,
        "Cost Of Revenue": 1743000000.0,
        "Total Revenue": 2207000000.0,
        "Operating Revenue": 2207000000.0
    },
    "2024-03-31": {
        "Tax Effect Of Unusual Items": -3680000.0,
        "Tax Rate For Calcs": 0.23,
        "Normalized EBITDA": 410000000.0,
        "Total Unusual Items": -16000000.0,
        "Total Unusual Items Excluding Goodwill": -16000000.0,
        "Net Income From Continuing Operation Net Minority Interest": 165000000.0,
        "Reconciled Depreciation": 127000000.0,
        "Reconciled Cost Of Revenue": 1778000000.0,
        "EBITDA": 394000000.0,
        "EBIT": 267000000.0,
        "Net Interest Income": -49000000.0,
        "Interest Expense": 53000000.0,
        "Interest Income": 4000000.0,
        "Normalized Income": 177320000.0,
        "Net Income From Continuing And Discontinued Operation": 165000000.0,
        "Total Expenses": 2023000000.0,
        "Diluted Average Shares": 118200000.0,
        "Basic Average Shares": 117400000.0,
        "Diluted EPS": 1.39,
        "Basic EPS": 1.4,
        "Diluted NI Availto Com Stockholders": 165000000.0,
        "Net Income Common Stockholders": 165000000.0,
        "Net Income": 165000000.0,
        "Minority Interests": 0.0,
        "Net Income Including Noncontrolling Interests": 165000000.0,
        "Net Income Continuous Operations": 165000000.0,
        "Tax Provision": 49000000.0,
        "Pretax Income": 214000000.0,
        "Other Income Expense": -24000000.0,
        "Other Non Operating Income Expenses": -8000000.0,
        "Special Income Charges": -11000000.0,
        "Gain On Sale Of Ppe": NaN,
        "Gain On Sale Of Business": NaN,
        "Write Off": NaN,
        "Impairment Of Capital Assets": NaN,
        "Restructuring And Mergern Acquisition": 11000000.0,
        "Gain On Sale Of Security": -5000000.0,
        "Net Non Operating Interest Income Expense": -49000000.0,
        "Interest Expense Non Operating": 53000000.0,
        "Interest Income Non Operating": 4000000.0,
        "Operating Income": 287000000.0,
        "Operating Expense": 245000000.0,
        "Research And Development": 59000000.0,
        "Selling General And Administration": 186000000.0,
        "General And Administrative Expense": 186000000.0,
        "Other Gand A": 191000000.0,
        "Salaries And Wages": -5000000.0,
        "Gross Profit": 532000000.0,
        "Cost Of Revenue": 1778000000.0,
        "Total Revenue": 2310000000.0,
        "Operating Revenue": 2310000000.0
    },
    "2024-06-30": {
        "Tax Effect Of Unusual Items": -600000.0,
        "Tax Rate For Calcs": 0.2,
        "Normalized EBITDA": 470000000.0,
        "Total Unusual Items": -3000000.0,
        "Total Unusual Items Excluding Goodwill": -3000000.0,
        "Net Income From Continuing Operation Net Minority Interest": 230000000.0,
        "Reconciled Depreciation": 126000000.0,
        "Reconciled Cost Of Revenue": 1764000000.0,
        "EBITDA": 467000000.0,
        "EBIT": 341000000.0,
        "Net Interest Income": -50000000.0,
        "Interest Expense": 54000000.0,
        "Interest Income": 4000000.0,
        "Normalized Income": 232400000.0,
        "Net Income From Continuing And Discontinued Operation": 230000000.0,
        "Total Expenses": 2000000000.0,
        "Diluted Average Shares": 118600000.0,
        "Basic Average Shares": 117300000.0,
        "Diluted EPS": 1.94,
        "Basic EPS": 1.96,
        "Diluted NI Availto Com Stockholders": 230000000.0,
        "Net Income Common Stockholders": 230000000.0,
        "Net Income": 230000000.0,
        "Minority Interests": -1000000.0,
        "Net Income Including Noncontrolling Interests": 231000000.0,
        "Net Income Continuous Operations": 231000000.0,
        "Tax Provision": 56000000.0,
        "Pretax Income": 287000000.0,
        "Other Income Expense": -26000000.0,
        "Other Non Operating Income Expenses": -23000000.0,
        "Special Income Charges": 0.0,
        "Gain On Sale Of Ppe": NaN,
        "Gain On Sale Of Business": NaN,
        "Write Off": NaN,
        "Impairment Of Capital Assets": NaN,
        "Restructuring And Mergern Acquisition": 0.0,
        "Gain On Sale Of Security": -3000000.0,
        "Net Non Operating Interest Income Expense": -50000000.0,
        "Interest Expense Non Operating": 54000000.0,
        "Interest Income Non Operating": 4000000.0,
        "Operating Income": 363000000.0,
        "Operating Expense": 236000000.0,
        "Research And Development": 60000000.0,
        "Selling General And Administration": 176000000.0,
        "General And Administrative Expense": 176000000.0,
        "Other Gand A": 180000000.0,
        "Salaries And Wages": -4000000.0,
        "Gross Profit": 599000000.0,
        "Cost Of Revenue": 1764000000.0,
        "Total Revenue": 2363000000.0,
        "Operating Revenue": 2363000000.0
    },
    "2024-09-30": {
        "Tax Effect Of Unusual Items": -10607142.857143,
        "Tax Rate For Calcs": 0.353571,
        "Normalized EBITDA": 490000000.0,
        "Total Unusual Items": -30000000.0,
        "Total Unusual Items Excluding Goodwill": -30000000.0,
        "Net Income From Continuing Operation Net Minority Interest": 180000000.0,
        "Reconciled Depreciation": 127000000.0,
        "Reconciled Cost Of Revenue": 1859000000.0,
        "EBITDA": 460000000.0,
        "EBIT": 333000000.0,
        "Net Interest Income": -49000000.0,
        "Interest Expense": 53000000.0,
        "Interest Income": 4000000.0,
        "Normalized Income": 199392857.142857,
        "Net Income From Continuing And Discontinued Operation": 180000000.0,
        "Total Expenses": 2107000000.0,
        "Diluted Average Shares": 117800000.0,
        "Basic Average Shares": 116400000.0,
        "Diluted EPS": 1.53,
        "Basic EPS": 1.55,
        "Diluted NI Availto Com Stockholders": 180000000.0,
        "Net Income Common Stockholders": 180000000.0,
        "Net Income": 180000000.0,
        "Minority Interests": -1000000.0,
        "Net Income Including Noncontrolling Interests": 181000000.0,
        "Net Income Continuous Operations": 181000000.0,
        "Tax Provision": 99000000.0,
        "Pretax Income": 280000000.0,
        "Other Income Expense": -28000000.0,
        "Other Non Operating Income Expenses": 2000000.0,
        "Special Income Charges": -30000000.0,
        "Gain On Sale Of Ppe": NaN,
        "Gain On Sale Of Business": NaN,
        "Write Off": 5000000.0,
        "Impairment Of Capital Assets": NaN,
        "Restructuring And Mergern Acquisition": 25000000.0,
        "Gain On Sale Of Security": NaN,
        "Net Non Operating Interest Income Expense": -49000000.0,
        "Interest Expense Non Operating": 53000000.0,
        "Interest Income Non Operating": 4000000.0,
        "Operating Income": 357000000.0,
        "Operating Expense": 248000000.0,
        "Research And Development": 65000000.0,
        "Selling General And Administration": 183000000.0,
        "General And Administrative Expense": NaN,
        "Other Gand A": NaN,
        "Salaries And Wages": NaN,
        "Gross Profit": 605000000.0,
        "Cost Of Revenue": 1859000000.0,
        "Total Revenue": 2464000000.0,
        "Operating Revenue": 2464000000.0
    }
}