{
    "2023-03-31": {
        "Tax Effect Of Unusual Items": NaN,
        "Tax Rate For Calcs": NaN,
        "Normalized EBITDA": NaN,
        "Total Unusual Items": NaN,
        "Total Unusual Items Excluding Goodwill": NaN,
        "Net Income From Continuing Operation Net Minority Interest": NaN,
        "Reconciled Depreciation": NaN,
        "Reconciled Cost Of Revenue": NaN,
        "EBITDA": NaN,
        "EBIT": NaN,
        "Net Interest Income": NaN,
        "Interest Expense": NaN,
        "Interest Income": NaN,
        "Normalized Income": NaN,
        "Net Income From Continuing And Discontinued Operation": NaN,
        "Total Expenses": NaN,
        "Diluted Average Shares": NaN,
        "Basic Average Shares": NaN,
        "Diluted EPS": NaN,
        "Basic EPS": NaN,
        "Diluted NI Availto Com Stockholders": NaN,
        "Net Income Common Stockholders": NaN,
        "Net Income": NaN,
        "Minority Interests": NaN,
        "Net Income Including Noncontrolling Interests": NaN,
        "Net Income Discontinuous Operations": NaN,
        "Net Income Continuous Operations": NaN,
        "Tax Provision": NaN,
        "Pretax Income": NaN,
        "Other Income Expense": NaN,
        "Other Non Operating Income Expenses": NaN,
        "Special Income Charges": NaN,
        "Gain On Sale Of Business": NaN,
        "Restructuring And Mergern Acquisition": NaN,
        "Earnings From Equity Interest": NaN,
        "Gain On Sale Of Security": NaN,
        "Net Non Operating Interest Income Expense": NaN,
        "Interest Expense Non Operating": NaN,
        "Interest Income Non Operating": NaN,
        "Operating Income": NaN,
        "Operating Expense": NaN,
        "Depreciation Amortization Depletion Income Statement": NaN,
        "Depreciation And Amortization In Income Statement": NaN,
        "Amortization": NaN,
        "Amortization Of Intangibles Income Statement": NaN,
        "Selling General And Administration": NaN,
        "General And Administrative Expense": 1000000000.0,
        "Other Gand A": 1000000000.0,
        "Gross Profit": NaN,
        "Cost Of Revenue": NaN,
        "Total Revenue": NaN,
        "Operating Revenue": NaN
    },
    "2022-12-31": {
        "Tax Effect Of Unusual Items": NaN,
        "Tax Rate For Calcs": NaN,
        "Normalized EBITDA": NaN,
        "Total Unusual Items": NaN,
        "Total Unusual Items Excluding Goodwill": NaN,
        "Net Income From Continuing Operation Net Minority Interest": NaN,
        "Reconciled Depreciation": NaN,
        "Reconciled Cost Of Revenue": NaN,
        "EBITDA": NaN,
        "EBIT": NaN,
        "Net Interest Income": NaN,
        "Interest Expense": NaN,
        "Interest Income": NaN,
        "Normalized Income": NaN,
        "Net Income From Continuing And Discontinued Operation": NaN,
        "Total Expenses": NaN,
        "Diluted Average Shares": NaN,
        "Basic Average Shares": NaN,
        "Diluted EPS": NaN,
        "Basic EPS": NaN,
        "Diluted NI Availto Com Stockholders": NaN,
        "Net Income Common Stockholders": NaN,
        "Net Income": NaN,
        "Minority Interests": NaN,
        "Net Income Including Noncontrolling Interests": NaN,
        "Net Income Discontinuous Operations": NaN,
        "Net Income Continuous Operations": NaN,
        "Tax Provision": NaN,
        "Pretax Income": NaN,
        "Other Income Expense": NaN,
        "Other Non Operating Income Expenses": NaN,
        "Special Income Charges": NaN,
        "Gain On Sale Of Business": NaN,
        "Restructuring And Mergern Acquisition": NaN,
        "Earnings From Equity Interest": NaN,
        "Gain On Sale Of Security": NaN,
        "Net Non Operating Interest Income Expense": NaN,
        "Interest Expense Non Operating": NaN,
        "Interest Income Non Operating": NaN,
        "Operating Income": NaN,
        "Operating Expense": NaN,
        "Other Operating Expenses": -44000000.0,
        "Depreciation Amortization Depletion Income Statement": NaN,
        "Depreciation And Amortization In Income Statement": NaN,
        "Amortization": NaN,
        "Amortization Of Intangibles Income Statement": NaN,
        "Selling General And Administration": NaN,
        "General And Administrative Expense": NaN,
        "Other Gand A": NaN,
        "Gross Profit": NaN,
        "Cost Of Revenue": NaN,
        "Total Revenue": NaN,
        "Operating Revenue": NaN
    },
    "2022-09-30": {
        "Tax Effect Of Unusual Items": NaN,
        "Tax Rate For Calcs": NaN,
        "Normalized EBITDA": NaN,
        "Total Unusual Items": NaN,
        "Total Unusual Items Excluding Goodwill": NaN,
        "Net Income From Continuing Operation Net Minority Interest": NaN,
        "Reconciled Depreciation": NaN,
        "Reconciled Cost Of Revenue": NaN,
        "EBITDA": NaN,
        "EBIT": NaN,
        "Net Interest Income": NaN,
        "Interest Expense": NaN,
        "Interest Income": NaN,
        "Normalized Income": NaN,
        "Net Income From Continuing And Discontinued Operation": NaN,
        "Total Expenses": NaN,
        "Diluted Average Shares": NaN,
        "Basic Average Shares": NaN,
        "Diluted EPS": NaN,
        "Basic EPS": NaN,
        "Diluted NI Availto Com Stockholders": NaN,
        "Net Income Common Stockholders": NaN,
        "Net Income": NaN,
        "Minority Interests": NaN,
        "Net Income Including Noncontrolling Interests": NaN,
        "Net Income Discontinuous Operations": NaN,
        "Net Income Continuous Operations": NaN,
        "Tax Provision": NaN,
        "Pretax Income": NaN,
        "Other Income Expense": NaN,
        "Other Non Operating Income Expenses": NaN,
        "Special Income Charges": NaN,
        "Gain On Sale Of Business": NaN,
        "Restructuring And Mergern Acquisition": NaN,
        "Earnings From Equity Interest": NaN,
        "Gain On Sale Of Security": NaN,
        "Net Non Operating Interest Income Expense": NaN,
        "Interest Expense Non Operating": NaN,
        "Interest Income Non Operating": NaN,
        "Operating Income": NaN,
        "Operating Expense": NaN,
        "Other Operating Expenses": NaN,
        "Depreciation Amortization Depletion Income Statement": NaN,
        "Depreciation And Amortization In Income Statement": NaN,
        "Amortization": NaN,
        "Amortization Of Intangibles Income Statement": NaN,
        "Selling General And Administration": NaN,
        "General And Administrative Expense": 1136000000.0,
        "Other Gand A": 1136000000.0,
        "Gross Profit": NaN,
        "Cost Of Revenue": NaN,
        "Total Revenue": NaN,
        "Operating Revenue": NaN
    },
    "2022-06-30": {
        "Tax Effect Of Unusual Items": 56600000.0,
        "Tax Rate For Calcs": 0.2,
        "Normalized EBITDA": 1232000000.0,
        "Total Unusual Items": 283000000.0,
        "Total Unusual Items Excluding Goodwill": 283000000.0,
        "Net Income From Continuing Operation Net Minority Interest": 921000000.0,
        "Reconciled Depreciation": 270000000.0,
        "Reconciled Cost Of Revenue": 2736000000.0,
        "EBITDA": 1515000000.0,
        "EBIT": 1245000000.0,
        "Net Interest Income": -50000000.0,
        "Interest Expense": 50000000.0,
        "Interest Income": NaN,
        "Normalized Income": 694600000.0,
        "Net Income From Continuing And Discontinued Operation": 921000000.0,
        "Total Expenses": 4058000000.0,
        "Diluted Average Shares": 596200000.0,
        "Basic Average Shares": 592800000.0,
        "Diluted EPS": 1.54,
        "Basic EPS": 1.55,
        "Diluted NI Availto Com Stockholders": 921000000.0,
        "Net Income Common Stockholders": 921000000.0,
        "Net Income": 921000000.0,
        "Minority Interests": -31000000.0,
        "Net Income Including Noncontrolling Interests": 952000000.0,
        "Net Income Discontinuous Operations": NaN,
        "Net Income Continuous Operations": 952000000.0,
        "Tax Provision": 243000000.0,
        "Pretax Income": 1195000000.0,
        "Other Income Expense": 298000000.0,
        "Other Non Operating Income Expenses": 15000000.0,
        "Special Income Charges": 270000000.0,
        "Gain On Sale Of Business": 483000000.0,
        "Restructuring And Mergern Acquisition": 213000000.0,
        "Earnings From Equity Interest": 0.0,
        "Gain On Sale Of Security": 13000000.0,
        "Net Non Operating Interest Income Expense": -50000000.0,
        "Total Other Finance Cost": NaN,
        "Interest Expense Non Operating": 50000000.0,
        "Interest Income Non Operating": NaN,
        "Operating Income": 947000000.0,
        "Operating Expense": 1150000000.0,
        "Other Operating Expenses": NaN,
        "Depreciation Amortization Depletion Income Statement": 98000000.0,
        "Depreciation And Amortization In Income Statement": 98000000.0,
        "Amortization": 98000000.0,
        "Amortization Of Intangibles Income Statement": 98000000.0,
        "Selling General And Administration": 1052000000.0,
        "General And Administrative Expense": 1052000000.0,
        "Other Gand A": 1052000000.0,
        "Gross Profit": 2097000000.0,
        "Cost Of Revenue": 2908000000.0,
        "Total Revenue": 5005000000.0,
        "Operating Revenue": 5005000000.0
    },
    "2023-06-30": {
        "Tax Effect Of Unusual Items": NaN,
        "Tax Rate For Calcs": NaN,
        "Normalized EBITDA": NaN,
        "Total Unusual Items": NaN,
        "Total Unusual Items Excluding Goodwill": NaN,
        "Net Income From Continuing Operation Net Minority Interest": NaN,
        "Reconciled Depreciation": NaN,
        "Reconciled Cost Of Revenue": NaN,
        "EBITDA": NaN,
        "EBIT": NaN,
        "Net Interest Income": NaN,
        "Interest Expense": NaN,
        "Interest Income": NaN,
        "Normalized Income": NaN,
        "Net Income From Continuing And Discontinued Operation": NaN,
        "Total Expenses": NaN,
        "Diluted Average Shares": NaN,
        "Basic Average Shares": NaN,
        "Diluted EPS": NaN,
        "Basic EPS": NaN,
        "Diluted NI Availto Com Stockholders": NaN,
        "Net Income Common Stockholders": NaN,
        "Net Income": NaN,
        "Minority Interests": NaN,
        "Net Income Including Noncontrolling Interests": NaN,
        "Net Income Discontinuous Operations": NaN,
        "Net Income Continuous Operations": NaN,
        "Tax Provision": NaN,
        "Pretax Income": NaN,
        "Other Income Expense": NaN,
        "Other Non Operating Income Expenses": NaN,
        "Special Income Charges": NaN,
        "Gain On Sale Of Business": NaN,
        "Restructuring And Mergern Acquisition": NaN,
        "Earnings From Equity Interest": NaN,
        "Gain On Sale Of Security": NaN,
        "Net Non Operating Interest Income Expense": NaN,
        "Interest Expense Non Operating": NaN,
        "Interest Income Non Operating": NaN,
        "Operating Income": NaN,
        "Operating Expense": NaN,
        "Depreciation Amortization Depletion Income Statement": NaN,
        "Depreciation And Amortization In Income Statement": NaN,
        "Amortization": NaN,
        "Amortization Of Intangibles Income Statement": NaN,
        "Selling General And Administration": NaN,
        "General And Administrative Expense": 1042000000.0,
        "Other Gand A": 1042000000.0,
        "Gross Profit": NaN,
        "Cost Of Revenue": NaN,
        "Total Revenue": NaN,
        "Operating Revenue": NaN
    },
    "2022-03-31": {
        "Diluted EPS": 1.13,
        "Total Revenue": NaN,
        "Gross Profit": NaN,
        "Operating Income": 588,
        "EBIT": 759,
        "Net Income": 674
    },
    "2021-12-31": {
        "Diluted EPS": 1.5,
        "Total Revenue": NaN,
        "Gross Profit": NaN,
        "Operating Income": NaN,
        "EBIT": NaN,
        "Net Income": 896
    },
    "2021-09-30": {
        "Diluted EPS": 1.11,
        "Total Revenue": NaN,
        "Gross Profit": NaN,
        "Operating Income": 942,
        "EBIT": NaN,
        "Net Income": 670
    },
    "2021-06-30": {
        "Diluted EPS": 1.04,
        "Total Revenue": NaN,
        "Gross Profit": NaN,
        "Operating Income": 909,
        "EBIT": NaN,
        "Net Income": 627
    },
    "2021-03-31": {
        "Diluted EPS": 0.93,
        "Total Revenue": NaN,
        "Gross Profit": NaN,
        "Operating Income": 808,
        "EBIT": NaN,
        "Net Income": 561
    },
    "2020-12-31": {
        "Diluted EPS": 0.74,
        "Total Revenue": NaN,
        "Gross Profit": NaN,
        "Operating Income": 725,
        "EBIT": 969,
        "Net Income": 445
    },
    "2020-09-30": {
        "Diluted EPS": 1.2,
        "Total Revenue": NaN,
        "Gross Profit": NaN,
        "Operating Income": 936,
        "EBIT": NaN,
        "Net Income": 723
    },
    "2020-06-30": {
        "Diluted EPS": 0.67,
        "Total Revenue": NaN,
        "Gross Profit": NaN,
        "Operating Income": 684,
        "EBIT": 893,
        "Net Income": 399
    },
    "2020-03-31": {
        "Diluted EPS": 0.84,
        "Total Revenue": NaN,
        "Gross Profit": NaN,
        "Operating Income": 767,
        "EBIT": 978,
        "Net Income": 517
    },
    "2019-12-31": {
        "Diluted EPS": 0.53,
        "Total Revenue": NaN,
        "Gross Profit": NaN,
        "Operating Income": 636,
        "EBIT": 847,
        "Net Income": 326
    },
    "2019-09-30": {
        "Diluted EPS": 1.16,
        "Total Revenue": NaN,
        "Gross Profit": NaN,
        "Operating Income": NaN,
        "EBIT": NaN,
        "Net Income": 717
    },
    "2019-06-30": {
        "Diluted EPS": 0.97,
        "Total Revenue": NaN,
        "Gross Profit": NaN,
        "Operating Income": 875,
        "EBIT": NaN,
        "Net Income": 604
    },
    "2019-03-31": {
        "Diluted EPS": 0.84,
        "Total Revenue": NaN,
        "Gross Profit": NaN,
        "Operating Income": 780,
        "EBIT": 984,
        "Net Income": 520
    },
    "2018-12-31": {
        "Diluted EPS": 0.74,
        "Total Revenue": NaN,
        "Gross Profit": NaN,
        "Operating Income": 684,
        "EBIT": 886,
        "Net Income": 465
    },
    "2018-09-30": {
        "Diluted EPS": 0.97,
        "Total Revenue": NaN,
        "Gross Profit": NaN,
        "Operating Income": 878,
        "EBIT": NaN,
        "Net Income": 617
    },
    "2018-06-30": {
        "Diluted EPS": 1.12,
        "Total Revenue": NaN,
        "Gross Profit": NaN,
        "Operating Income": 884,
        "EBIT": NaN,
        "Net Income": 712
    },
    "2018-03-31": {
        "Diluted EPS": 0.76,
        "Total Revenue": NaN,
        "Gross Profit": NaN,
        "Operating Income": 782,
        "EBIT": 973,
        "Net Income": 482
    },
    "2017-12-31": {
        "Diluted EPS": 0.61,
        "Total Revenue": NaN,
        "Gross Profit": NaN,
        "Operating Income": 619,
        "EBIT": 806,
        "Net Income": 392
    },
    "2017-09-30": {
        "Diluted EPS": 0.78,
        "Total Revenue": NaN,
        "Gross Profit": NaN,
        "Operating Income": 845,
        "EBIT": NaN,
        "Net Income": 504
    },
    "2017-06-30": {
        "Diluted EPS": 0.64,
        "Total Revenue": NaN,
        "Gross Profit": NaN,
        "Operating Income": 747,
        "EBIT": 918,
        "Net Income": 413
    },
    "2017-03-31": {
        "Diluted EPS": 0.45,
        "Total Revenue": NaN,
        "Gross Profit": NaN,
        "Operating Income": 689,
        "EBIT": 829,
        "Net Income": 292
    },
    "2016-12-31": {
        "Diluted EPS": 0.48,
        "Total Revenue": NaN,
        "Gross Profit": NaN,
        "Operating Income": 543,
        "EBIT": 686,
        "Net Income": 309
    },
    "2016-09-30": {
        "Diluted EPS": 0.68,
        "Total Revenue": NaN,
        "Gross Profit": NaN,
        "Operating Income": 858,
        "EBIT": NaN,
        "Net Income": 438
    },
    "2016-06-30": {
        "Diluted EPS": 0.74,
        "Total Revenue": NaN,
        "Gross Profit": NaN,
        "Operating Income": 741,
        "EBIT": 881,
        "Net Income": 479
    },
    "2016-03-31": {
        "Diluted EPS": 0.57,
        "Total Revenue": NaN,
        "Gross Profit": NaN,
        "Operating Income": 664,
        "EBIT": 806,
        "Net Income": 369
    },
    "2015-12-31": {
        "Diluted EPS": 0.53,
        "Total Revenue": NaN,
        "Gross Profit": NaN,
        "Operating Income": 535,
        "EBIT": 679,
        "Net Income": 349
    },
    "2015-09-30": {
        "Diluted EPS": 0.98,
        "Total Revenue": -241,
        "Gross Profit": 328,
        "Operating Income": NaN,
        "EBIT": NaN,
        "Net Income": 648
    },
    "2015-06-30": {
        "Diluted EPS": 0.84,
        "Total Revenue": NaN,
        "Gross Profit": NaN,
        "Operating Income": 958,
        "EBIT": NaN,
        "Net Income": 564
    },
    "2015-03-31": {
        "Diluted EPS": 1.42,
        "Total Revenue": NaN,
        "Gross Profit": NaN,
        "Operating Income": 848,
        "EBIT": NaN,
        "Net Income": 973
    },
    "2014-12-31": {
        "Diluted EPS": 0.75,
        "Total Revenue": NaN,
        "Gross Profit": NaN,
        "Operating Income": 875,
        "EBIT": NaN,
        "Net Income": 525
    },
    "2014-09-30": {
        "Diluted EPS": 0.58,
        "Total Revenue": 3,
        "Gross Profit": 493,
        "Operating Income": 591,
        "EBIT": 537,
        "Net Income": 410
    },
    "2014-06-30": {
        "Diluted EPS": 1.03,
        "Total Revenue": NaN,
        "Gross Profit": NaN,
        "Operating Income": NaN,
        "EBIT": NaN,
        "Net Income": 728
    },
    "2014-03-31": {
        "Diluted EPS": 0.77,
        "Total Revenue": NaN,
        "Gross Profit": NaN,
        "Operating Income": NaN,
        "EBIT": NaN,
        "Net Income": 547
    },
    "2013-12-31": {
        "Diluted EPS": 0.65,
        "Total Revenue": NaN,
        "Gross Profit": NaN,
        "Operating Income": 792,
        "EBIT": NaN,
        "Net Income": 462
    },
    "2013-09-30": {
        "Diluted EPS": 1.1,
        "Total Revenue": NaN,
        "Gross Profit": NaN,
        "Operating Income": NaN,
        "EBIT": NaN,
        "Net Income": 795
    },
    "2013-06-30": {
        "Diluted EPS": 0.27,
        "Total Revenue": NaN,
        "Gross Profit": NaN,
        "Operating Income": 669,
        "EBIT": NaN,
        "Net Income": 194
    },
    "2013-03-31": {
        "Diluted EPS": 0.77,
        "Total Revenue": NaN,
        "Gross Profit": NaN,
        "Operating Income": 947,
        "EBIT": NaN,
        "Net Income": 561
    },
    "2012-12-31": {
        "Diluted EPS": 0.62,
        "Total Revenue": NaN,
        "Gross Profit": NaN,
        "Operating Income": 813,
        "EBIT": NaN,
        "Net Income": 454
    },
    "2012-09-30": {
        "Diluted EPS": 0.39,
        "Total Revenue": NaN,
        "Gross Profit": NaN,
        "Operating Income": 772,
        "EBIT": NaN,
        "Net Income": 282
    },
    "2012-06-30": {
        "Diluted EPS": 1.04,
        "Total Revenue": NaN,
        "Gross Profit": NaN,
        "Operating Income": NaN,
        "EBIT": NaN,
        "Net Income": 770
    },
    "2012-03-31": {
        "Diluted EPS": 0.74,
        "Total Revenue": NaN,
        "Gross Profit": NaN,
        "Operating Income": 977,
        "EBIT": NaN,
        "Net Income": 545
    },
    "2011-12-31": {
        "Diluted EPS": 0.5,
        "Total Revenue": NaN,
        "Gross Profit": NaN,
        "Operating Income": 701,
        "EBIT": 905,
        "Net Income": 371
    },
    "2011-09-30": {
        "Diluted EPS": 1.01,
        "Total Revenue": NaN,
        "Gross Profit": NaN,
        "Operating Income": NaN,
        "EBIT": NaN,
        "Net Income": 761
    },
    "2011-06-30": {
        "Diluted EPS": 0.9,
        "Total Revenue": NaN,
        "Gross Profit": NaN,
        "Operating Income": NaN,
        "EBIT": NaN,
        "Net Income": 683
    },
    "2011-03-31": {
        "Diluted EPS": 0.73,
        "Total Revenue": NaN,
        "Gross Profit": NaN,
        "Operating Income": 991,
        "EBIT": NaN,
        "Net Income": 556
    },
    "2010-12-31": {
        "Diluted EPS": 0.63,
        "Total Revenue": NaN,
        "Gross Profit": NaN,
        "Operating Income": 852,
        "EBIT": NaN,
        "Net Income": 480
    },
    "2010-09-30": {
        "Diluted EPS": 0.98,
        "Total Revenue": NaN,
        "Gross Profit": NaN,
        "Operating Income": NaN,
        "EBIT": NaN,
        "Net Income": 749
    },
    "2010-06-30": {
        "Diluted EPS": 0.77,
        "Total Revenue": NaN,
        "Gross Profit": NaN,
        "Operating Income": 996,
        "EBIT": NaN,
        "Net Income": 585
    },
    "2010-03-31": {
        "Diluted EPS": 0.53,
        "Total Revenue": NaN,
        "Gross Profit": NaN,
        "Operating Income": 760,
        "EBIT": 966,
        "Net Income": 405
    },
    "2009-12-31": {
        "Diluted EPS": 0.56,
        "Total Revenue": NaN,
        "Gross Profit": NaN,
        "Operating Income": 734,
        "EBIT": 930,
        "Net Income": 425
    },
    "2009-09-30": {
        "Diluted EPS": 0.67,
        "Total Revenue": NaN,
        "Gross Profit": NaN,
        "Operating Income": 874,
        "EBIT": NaN,
        "Net Income": 506
    },
    "2009-06-30": {
        "Diluted EPS": 0.51,
        "Total Revenue": NaN,
        "Gross Profit": NaN,
        "Operating Income": 749,
        "EBIT": 933,
        "Net Income": 387
    },
    "2009-03-31": {
        "Diluted EPS": 0.49,
        "Total Revenue": NaN,
        "Gross Profit": NaN,
        "Operating Income": 718,
        "EBIT": 900,
        "Net Income": 373
    },
    "2023-09-30": {
        "Tax Effect Of Unusual Items": NaN,
        "Tax Rate For Calcs": NaN,
        "Normalized EBITDA": NaN,
        "Total Unusual Items": NaN,
        "Total Unusual Items Excluding Goodwill": NaN,
        "Net Income From Continuing Operation Net Minority Interest": NaN,
        "Reconciled Depreciation": NaN,
        "Reconciled Cost Of Revenue": NaN,
        "EBITDA": NaN,
        "EBIT": NaN,
        "Net Interest Income": NaN,
        "Interest Expense": NaN,
        "Interest Income": NaN,
        "Normalized Income": NaN,
        "Net Income From Continuing And Discontinued Operation": NaN,
        "Total Expenses": NaN,
        "Diluted Average Shares": NaN,
        "Basic Average Shares": NaN,
        "Diluted EPS": NaN,
        "Basic EPS": NaN,
        "Diluted NI Availto Com Stockholders": NaN,
        "Net Income Common Stockholders": NaN,
        "Net Income": NaN,
        "Minority Interests": NaN,
        "Net Income Including Noncontrolling Interests": NaN,
        "Net Income Discontinuous Operations": NaN,
        "Net Income Continuous Operations": NaN,
        "Tax Provision": NaN,
        "Pretax Income": NaN,
        "Other Income Expense": NaN,
        "Other Non Operating Income Expenses": NaN,
        "Special Income Charges": NaN,
        "Gain On Sale Of Business": 0.0,
        "Restructuring And Mergern Acquisition": NaN,
        "Earnings From Equity Interest": 45000000.0,
        "Gain On Sale Of Security": NaN,
        "Net Non Operating Interest Income Expense": NaN,
        "Interest Expense Non Operating": NaN,
        "Interest Income Non Operating": NaN,
        "Operating Income": NaN,
        "Operating Expense": NaN,
        "Depreciation Amortization Depletion Income Statement": NaN,
        "Depreciation And Amortization In Income Statement": NaN,
        "Amortization": NaN,
        "Amortization Of Intangibles Income Statement": NaN,
        "Selling General And Administration": NaN,
        "General And Administrative Expense": 1114000000.0,
        "Other Gand A": 1114000000.0,
        "Gross Profit": NaN,
        "Cost Of Revenue": NaN,
        "Total Revenue": NaN,
        "Operating Revenue": NaN
    },
    "2023-12-31": {
        "Tax Effect Of Unusual Items": -17730000.0,
        "Tax Rate For Calcs": 0.09,
        "Normalized EBITDA": 878000000.0,
        "Total Unusual Items": -197000000.0,
        "Total Unusual Items Excluding Goodwill": -197000000.0,
        "Net Income From Continuing Operation Net Minority Interest": 169000000.0,
        "Reconciled Depreciation": 422000000.0,
        "Reconciled Cost Of Revenue": 2053000000.0,
        "EBITDA": 681000000.0,
        "EBIT": 259000000.0,
        "Net Interest Income": -13000000.0,
        "Interest Expense": 84000000.0,
        "Interest Income": 71000000.0,
        "Normalized Income": 348270000.0,
        "Net Income From Continuing And Discontinued Operation": 142000000.0,
        "Total Expenses": 3752000000.0,
        "Diluted Average Shares": 573300000.0,
        "Basic Average Shares": 570800000.0,
        "Diluted EPS": 0.25,
        "Basic EPS": 0.25,
        "Diluted NI Availto Com Stockholders": 142000000.0,
        "Net Income Common Stockholders": 142000000.0,
        "Net Income": 142000000.0,
        "Minority Interests": 10000000.0,
        "Net Income Including Noncontrolling Interests": 132000000.0,
        "Net Income Discontinuous Operations": -27000000.0,
        "Net Income Continuous Operations": 159000000.0,
        "Tax Provision": 16000000.0,
        "Pretax Income": 175000000.0,
        "Other Income Expense": -177000000.0,
        "Other Non Operating Income Expenses": 20000000.0,
        "Special Income Charges": -163000000.0,
        "Gain On Sale Of Business": 0.0,
        "Restructuring And Mergern Acquisition": 163000000.0,
        "Earnings From Equity Interest": -36000000.0,
        "Gain On Sale Of Security": -34000000.0,
        "Net Non Operating Interest Income Expense": -13000000.0,
        "Interest Expense Non Operating": 84000000.0,
        "Interest Income Non Operating": 71000000.0,
        "Operating Income": 365000000.0,
        "Operating Expense": 1551000000.0,
        "Depreciation Amortization Depletion Income Statement": 274000000.0,
        "Depreciation And Amortization In Income Statement": 274000000.0,
        "Amortization": 274000000.0,
        "Amortization Of Intangibles Income Statement": 274000000.0,
        "Selling General And Administration": 1277000000.0,
        "General And Administrative Expense": NaN,
        "Other Gand A": NaN,
        "Gross Profit": 1916000000.0,
        "Cost Of Revenue": 2201000000.0,
        "Total Revenue": 4117000000.0,
        "Operating Revenue": 4117000000.0
    },
    "2024-03-31": {
        "Tax Effect Of Unusual Items": -20930000.0,
        "Tax Rate For Calcs": 0.23,
        "Normalized EBITDA": 1257000000.0,
        "Total Unusual Items": -91000000.0,
        "Total Unusual Items Excluding Goodwill": -91000000.0,
        "Net Income From Continuing Operation Net Minority Interest": 501000000.0,
        "Reconciled Depreciation": 424000000.0,
        "Reconciled Cost Of Revenue": 1941000000.0,
        "EBITDA": 1166000000.0,
        "EBIT": 742000000.0,
        "Net Interest Income": -26000000.0,
        "Interest Expense": 90000000.0,
        "Interest Income": 64000000.0,
        "Normalized Income": 571070000.0,
        "Net Income From Continuing And Discontinued Operation": 501000000.0,
        "Total Expenses": 3661000000.0,
        "Diluted Average Shares": 574100000.0,
        "Basic Average Shares": 571400000.0,
        "Diluted EPS": 0.87,
        "Basic EPS": 0.87,
        "Diluted NI Availto Com Stockholders": 501000000.0,
        "Net Income Common Stockholders": 501000000.0,
        "Net Income": 501000000.0,
        "Minority Interests": -2000000.0,
        "Net Income Including Noncontrolling Interests": 503000000.0,
        "Net Income Discontinuous Operations": 0.0,
        "Net Income Continuous Operations": 503000000.0,
        "Tax Provision": 149000000.0,
        "Pretax Income": 652000000.0,
        "Other Income Expense": -37000000.0,
        "Other Non Operating Income Expenses": 34000000.0,
        "Special Income Charges": -74000000.0,
        "Gain On Sale Of Business": -39000000.0,
        "Restructuring And Mergern Acquisition": 35000000.0,
        "Earnings From Equity Interest": 20000000.0,
        "Gain On Sale Of Security": -17000000.0,
        "Net Non Operating Interest Income Expense": -26000000.0,
        "Interest Expense Non Operating": 90000000.0,
        "Interest Income Non Operating": 64000000.0,
        "Operating Income": 715000000.0,
        "Operating Expense": 1569000000.0,
        "Depreciation Amortization Depletion Income Statement": 273000000.0,
        "Depreciation And Amortization In Income Statement": 273000000.0,
        "Amortization": 273000000.0,
        "Amortization Of Intangibles Income Statement": 273000000.0,
        "Selling General And Administration": 1296000000.0,
        "General And Administrative Expense": 1296000000.0,
        "Other Gand A": 1296000000.0,
        "Gross Profit": 2284000000.0,
        "Cost Of Revenue": 2092000000.0,
        "Total Revenue": 4376000000.0,
        "Operating Revenue": 4376000000.0
    },
    "2024-06-30": {
        "Tax Effect Of Unusual Items": -66880000.0,
        "Tax Rate For Calcs": 0.19,
        "Normalized EBITDA": 1280000000.0,
        "Total Unusual Items": -352000000.0,
        "Total Unusual Items Excluding Goodwill": -352000000.0,
        "Net Income From Continuing Operation Net Minority Interest": 344000000.0,
        "Reconciled Depreciation": 417000000.0,
        "Reconciled Cost Of Revenue": 1913000000.0,
        "EBITDA": 928000000.0,
        "EBIT": 511000000.0,
        "Net Interest Income": -32000000.0,
        "Interest Expense": 56000000.0,
        "Interest Income": 24000000.0,
        "Normalized Income": 629120000.0,
        "Net Income From Continuing And Discontinued Operation": 329000000.0,
        "Total Expenses": 3584000000.0,
        "Diluted Average Shares": 574800000.0,
        "Basic Average Shares": 571900000.0,
        "Diluted EPS": 0.57,
        "Basic EPS": 0.58,
        "Diluted NI Availto Com Stockholders": 329000000.0,
        "Net Income Common Stockholders": 329000000.0,
        "Net Income": 329000000.0,
        "Minority Interests": -23000000.0,
        "Net Income Including Noncontrolling Interests": 352000000.0,
        "Net Income Discontinuous Operations": -15000000.0,
        "Net Income Continuous Operations": 367000000.0,
        "Tax Provision": 88000000.0,
        "Pretax Income": 455000000.0,
        "Other Income Expense": -309000000.0,
        "Other Non Operating Income Expenses": 43000000.0,
        "Special Income Charges": -343000000.0,
        "Gain On Sale Of Business": -279000000.0,
        "Restructuring And Mergern Acquisition": 64000000.0,
        "Earnings From Equity Interest": 0.0,
        "Gain On Sale Of Security": -9000000.0,
        "Net Non Operating Interest Income Expense": -32000000.0,
        "Interest Expense Non Operating": 56000000.0,
        "Interest Income Non Operating": 24000000.0,
        "Operating Income": 796000000.0,
        "Operating Expense": 1518000000.0,
        "Depreciation Amortization Depletion Income Statement": 264000000.0,
        "Depreciation And Amortization In Income Statement": 264000000.0,
        "Amortization": 264000000.0,
        "Amortization Of Intangibles Income Statement": 264000000.0,
        "Selling General And Administration": 1254000000.0,
        "General And Administrative Expense": NaN,
        "Other Gand A": NaN,
        "Gross Profit": 2314000000.0,
        "Cost Of Revenue": 2066000000.0,
        "Total Revenue": 4380000000.0,
        "Operating Revenue": 4380000000.0
    },
    "2024-09-30": {
        "Tax Effect Of Unusual Items": 46301914.580265,
        "Tax Rate For Calcs": 0.21944,
        "Normalized EBITDA": 1060000000.0,
        "Total Unusual Items": 211000000.0,
        "Total Unusual Items Excluding Goodwill": 211000000.0,
        "Net Income From Continuing Operation Net Minority Interest": 558000000.0,
        "Reconciled Depreciation": 426000000.0,
        "Reconciled Cost Of Revenue": 2088000000.0,
        "EBITDA": 1271000000.0,
        "EBIT": 845000000.0,
        "Net Interest Income": -18000000.0,
        "Interest Expense": 166000000.0,
        "Interest Income": 148000000.0,
        "Normalized Income": 393301914.580265,
        "Net Income From Continuing And Discontinued Operation": 996000000.0,
        "Total Expenses": 3829000000.0,
        "Diluted Average Shares": 573900000.0,
        "Basic Average Shares": 570200000.0,
        "Diluted EPS": 1.73,
        "Basic EPS": 1.746756,
        "Diluted NI Availto Com Stockholders": 996000000.0,
        "Net Income Common Stockholders": 996000000.0,
        "Net Income": 996000000.0,
        "Minority Interests": 28000000.0,
        "Net Income Including Noncontrolling Interests": 968000000.0,
        "Net Income Discontinuous Operations": 438000000.0,
        "Net Income Continuous Operations": 530000000.0,
        "Tax Provision": 149000000.0,
        "Pretax Income": 679000000.0,
        "Other Income Expense": -93000000.0,
        "Other Non Operating Income Expenses": -304000000.0,
        "Special Income Charges": 256000000.0,
        "Gain On Sale Of Business": 318000000.0,
        "Restructuring And Mergern Acquisition": 62000000.0,
        "Earnings From Equity Interest": 0.0,
        "Gain On Sale Of Security": -45000000.0,
        "Net Non Operating Interest Income Expense": -18000000.0,
        "Interest Expense Non Operating": 166000000.0,
        "Interest Income Non Operating": 148000000.0,
        "Operating Income": 790000000.0,
        "Operating Expense": 1581000000.0,
        "Depreciation Amortization Depletion Income Statement": 266000000.0,
        "Depreciation And Amortization In Income Statement": 266000000.0,
        "Amortization": 266000000.0,
        "Amortization Of Intangibles Income Statement": 266000000.0,
        "Selling General And Administration": 1315000000.0,
        "General And Administrative Expense": NaN,
        "Other Gand A": NaN,
        "Gross Profit": 2371000000.0,
        "Cost Of Revenue": 2248000000.0,
        "Total Revenue": 4619000000.0,
        "Operating Revenue": 4619000000.0
    },
    "2024-12-31": {
        "Tax Effect Of Unusual Items": -6000000.0,
        "Tax Rate For Calcs": 0.24,
        "Normalized EBITDA": 1235000000.0,
        "Total Unusual Items": -25000000.0,
        "Total Unusual Items Excluding Goodwill": -25000000.0,
        "Net Income From Continuing Operation Net Minority Interest": 585000000.0,
        "Reconciled Depreciation": 383000000.0,
        "Reconciled Cost Of Revenue": 1786000000.0,
        "EBITDA": 1210000000.0,
        "EBIT": 827000000.0,
        "Net Interest Income": -8000000.0,
        "Interest Expense": 52000000.0,
        "Interest Income": 44000000.0,
        "Normalized Income": 604000000.0,
        "Net Income From Continuing And Discontinued Operation": 585000000.0,
        "Total Expenses": 3393000000.0,
        "Diluted Average Shares": 571100000.0,
        "Basic Average Shares": 568500000.0,
        "Diluted EPS": 1.02,
        "Basic EPS": 1.03,
        "Diluted NI Availto Com Stockholders": 585000000.0,
        "Net Income Common Stockholders": 585000000.0,
        "Net Income": 585000000.0,
        "Minority Interests": -8000000.0,
        "Net Income Including Noncontrolling Interests": 593000000.0,
        "Net Income Discontinuous Operations": 0.0,
        "Net Income Continuous Operations": 593000000.0,
        "Tax Provision": 182000000.0,
        "Pretax Income": 775000000.0,
        "Other Income Expense": 1000000.0,
        "Other Non Operating Income Expenses": 26000000.0,
        "Special Income Charges": -24000000.0,
        "Gain On Sale Of Business": NaN,
        "Restructuring And Mergern Acquisition": 24000000.0,
        "Earnings From Equity Interest": NaN,
        "Gain On Sale Of Security": -1000000.0,
        "Net Non Operating Interest Income Expense": -8000000.0,
        "Interest Expense Non Operating": 52000000.0,
        "Interest Income Non Operating": 44000000.0,
        "Operating Income": 782000000.0,
        "Operating Expense": 1453000000.0,
        "Depreciation Amortization Depletion Income Statement": 229000000.0,
        "Depreciation And Amortization In Income Statement": 229000000.0,
        "Amortization": 229000000.0,
        "Amortization Of Intangibles Income Statement": 229000000.0,
        "Selling General And Administration": 1224000000.0,
        "General And Administrative Expense": NaN,
        "Other Gand A": NaN,
        "Gross Profit": 2235000000.0,
        "Cost Of Revenue": 1940000000.0,
        "Total Revenue": 4175000000.0,
        "Operating Revenue": 4175000000.0
    }
}