{
    "2023-12-31": {
        "Tax Effect Of Unusual Items": 44800.0,
        "Tax Rate For Calcs": 0.4,
        "Normalized EBITDA": 1967000.0,
        "Total Unusual Items": 112000.0,
        "Total Unusual Items Excluding Goodwill": 112000.0,
        "Net Income From Continuing Operation Net Minority Interest": 1374000.0,
        "Reconciled Depreciation": 1965000.0,
        "Reconciled Cost Of Revenue": 2009000.0,
        "EBITDA": 2079000.0,
        "EBIT": 114000.0,
        "Net Interest Income": -781000.0,
        "Interest Expense": 1282000.0,
        "Interest Income": 501000.0,
        "Normalized Income": 1306800.0,
        "Net Income From Continuing And Discontinued Operation": 1374000.0,
        "Total Expenses": 7014000.0,
        "Total Operating Income As Reported": 1591000.0,
        "Diluted Average Shares": NaN,
        "Basic Average Shares": NaN,
        "Diluted EPS": NaN,
        "Basic EPS": NaN,
        "Diluted NI Availto Com Stockholders": 1374000.0,
        "Net Income Common Stockholders": 1374000.0,
        "Net Income": 1374000.0,
        "Net Income Including Noncontrolling Interests": 1374000.0,
        "Net Income Continuous Operations": 1374000.0,
        "Tax Provision": -2542000.0,
        "Pretax Income": -1168000.0,
        "Other Income Expense": 1258000.0,
        "Other Non Operating Income Expenses": NaN,
        "Special Income Charges": -341000.0,
        "Other Special Charges": NaN,
        "Write Off": 27000.0,
        "Earnings From Equity Interest": 1146000.0,
        "Gain On Sale Of Security": 453000.0,
        "Net Non Operating Interest Income Expense": -781000.0,
        "Interest Expense Non Operating": 1282000.0,
        "Interest Income Non Operating": 501000.0,
        "Operating Income": -1645000.0,
        "Operating Expense": 5005000.0,
        "Other Operating Expenses": 650000.0,
        "Other Taxes": NaN,
        "Provision For Doubtful Accounts": NaN,
        "Selling General And Administration": 1620000.0,
        "General And Administrative Expense": 1620000.0,
        "Other Gand A": 766000.0,
        "Salaries And Wages": 854000.0,
        "Gross Profit": 3360000.0,
        "Cost Of Revenue": 2009000.0,
        "Total Revenue": 5369000.0,
        "Operating Revenue": 5369000.0
    },
    "2023-09-30": {
        "Tax Effect Of Unusual Items": -91600.0,
        "Tax Rate For Calcs": 0.4,
        "Normalized EBITDA": 7629000.0,
        "Total Unusual Items": -229000.0,
        "Total Unusual Items Excluding Goodwill": -229000.0,
        "Net Income From Continuing Operation Net Minority Interest": 2441000.0,
        "Reconciled Depreciation": 1587000.0,
        "Reconciled Cost Of Revenue": 1595000.0,
        "EBITDA": 7400000.0,
        "EBIT": 5813000.0,
        "Net Interest Income": -924000.0,
        "Interest Expense": 1298000.0,
        "Interest Income": 374000.0,
        "Normalized Income": 2578400.0,
        "Net Income From Continuing And Discontinued Operation": 2441000.0,
        "Total Expenses": 6207000.0,
        "Total Operating Income As Reported": 5433000.0,
        "Diluted Average Shares": 111437211.0,
        "Basic Average Shares": 111021550.0,
        "Diluted EPS": 0.02,
        "Basic EPS": 0.02,
        "Diluted NI Availto Com Stockholders": 2441000.0,
        "Net Income Common Stockholders": 2441000.0,
        "Net Income": 2441000.0,
        "Net Income Including Noncontrolling Interests": 2441000.0,
        "Net Income Continuous Operations": 2441000.0,
        "Tax Provision": 2074000.0,
        "Pretax Income": 4515000.0,
        "Other Income Expense": 504000.0,
        "Other Non Operating Income Expenses": NaN,
        "Special Income Charges": -43000.0,
        "Other Special Charges": 123000.0,
        "Write Off": 43000.0,
        "Earnings From Equity Interest": 733000.0,
        "Gain On Sale Of Security": -186000.0,
        "Net Non Operating Interest Income Expense": -924000.0,
        "Interest Expense Non Operating": 1298000.0,
        "Interest Income Non Operating": 374000.0,
        "Operating Income": 4935000.0,
        "Operating Expense": 4612000.0,
        "Other Operating Expenses": 2096000.0,
        "Other Taxes": 0.0,
        "Provision For Doubtful Accounts": 124000.0,
        "Selling General And Administration": 2392000.0,
        "General And Administrative Expense": 2392000.0,
        "Other Gand A": 770000.0,
        "Salaries And Wages": 1622000.0,
        "Gross Profit": 9547000.0,
        "Cost Of Revenue": 1595000.0,
        "Total Revenue": 11142000.0,
        "Operating Revenue": 11142000.0
    },
    "2023-06-30": {
        "Tax Effect Of Unusual Items": NaN,
        "Tax Rate For Calcs": NaN,
        "Normalized EBITDA": NaN,
        "Total Unusual Items": NaN,
        "Total Unusual Items Excluding Goodwill": NaN,
        "Net Income From Continuing Operation Net Minority Interest": NaN,
        "Reconciled Depreciation": NaN,
        "Reconciled Cost Of Revenue": NaN,
        "EBITDA": NaN,
        "EBIT": NaN,
        "Net Interest Income": NaN,
        "Interest Expense": NaN,
        "Interest Income": NaN,
        "Normalized Income": NaN,
        "Net Income From Continuing And Discontinued Operation": NaN,
        "Total Expenses": NaN,
        "Total Operating Income As Reported": NaN,
        "Diluted Average Shares": 110698311.0,
        "Basic Average Shares": 110698311.0,
        "Diluted EPS": -0.04,
        "Basic EPS": -0.04,
        "Diluted NI Availto Com Stockholders": NaN,
        "Net Income Common Stockholders": NaN,
        "Net Income": NaN,
        "Net Income Including Noncontrolling Interests": NaN,
        "Net Income Continuous Operations": NaN,
        "Tax Provision": NaN,
        "Pretax Income": NaN,
        "Other Income Expense": NaN,
        "Other Non Operating Income Expenses": NaN,
        "Special Income Charges": NaN,
        "Other Special Charges": -124000.0,
        "Write Off": NaN,
        "Earnings From Equity Interest": NaN,
        "Gain On Sale Of Security": NaN,
        "Net Non Operating Interest Income Expense": NaN,
        "Interest Expense Non Operating": NaN,
        "Interest Income Non Operating": NaN,
        "Operating Income": NaN,
        "Operating Expense": NaN,
        "Other Operating Expenses": NaN,
        "Other Taxes": NaN,
        "Provision For Doubtful Accounts": -124000.0,
        "Selling General And Administration": NaN,
        "General And Administrative Expense": NaN,
        "Other Gand A": NaN,
        "Salaries And Wages": NaN,
        "Gross Profit": NaN,
        "Cost Of Revenue": NaN,
        "Total Revenue": NaN,
        "Operating Revenue": NaN
    },
    "2023-03-31": {
        "Tax Effect Of Unusual Items": NaN,
        "Tax Rate For Calcs": NaN,
        "Normalized EBITDA": NaN,
        "Total Unusual Items": NaN,
        "Total Unusual Items Excluding Goodwill": NaN,
        "Net Income From Continuing Operation Net Minority Interest": NaN,
        "Reconciled Depreciation": NaN,
        "Reconciled Cost Of Revenue": NaN,
        "EBITDA": NaN,
        "EBIT": NaN,
        "Net Interest Income": NaN,
        "Interest Expense": NaN,
        "Interest Income": NaN,
        "Normalized Income": NaN,
        "Net Income From Continuing And Discontinued Operation": NaN,
        "Total Expenses": NaN,
        "Total Operating Income As Reported": NaN,
        "Diluted Average Shares": 110664190.0,
        "Basic Average Shares": 110664190.0,
        "Diluted EPS": -0.03,
        "Basic EPS": -0.03,
        "Diluted NI Availto Com Stockholders": NaN,
        "Net Income Common Stockholders": NaN,
        "Net Income": NaN,
        "Net Income Including Noncontrolling Interests": NaN,
        "Net Income Continuous Operations": NaN,
        "Tax Provision": NaN,
        "Pretax Income": NaN,
        "Other Income Expense": NaN,
        "Other Non Operating Income Expenses": NaN,
        "Special Income Charges": NaN,
        "Other Special Charges": NaN,
        "Write Off": NaN,
        "Earnings From Equity Interest": NaN,
        "Gain On Sale Of Security": NaN,
        "Net Non Operating Interest Income Expense": NaN,
        "Interest Expense Non Operating": NaN,
        "Interest Income Non Operating": NaN,
        "Operating Income": NaN,
        "Operating Expense": NaN,
        "Other Operating Expenses": NaN,
        "Provision For Doubtful Accounts": NaN,
        "Selling General And Administration": NaN,
        "General And Administrative Expense": NaN,
        "Other Gand A": NaN,
        "Salaries And Wages": NaN,
        "Gross Profit": NaN,
        "Cost Of Revenue": NaN,
        "Total Revenue": NaN,
        "Operating Revenue": NaN
    },
    "2024-03-31": {
        "Tax Effect Of Unusual Items": -1220.581655,
        "Tax Rate For Calcs": 0.003579,
        "Normalized EBITDA": 1588000.0,
        "Total Unusual Items": -341000.0,
        "Total Unusual Items Excluding Goodwill": -341000.0,
        "Net Income From Continuing Operation Net Minority Interest": -2227000.0,
        "Reconciled Depreciation": 2417000.0,
        "Reconciled Cost Of Revenue": 2419000.0,
        "EBITDA": 1247000.0,
        "EBIT": -1170000.0,
        "Net Interest Income": -617000.0,
        "Interest Expense": 1065000.0,
        "Interest Income": 448000.0,
        "Normalized Income": -1887220.581655,
        "Net Income From Continuing And Discontinued Operation": -2227000.0,
        "Total Expenses": 7678000.0,
        "Total Operating Income As Reported": -1438000.0,
        "Diluted Average Shares": 112252502.0,
        "Basic Average Shares": 112252502.0,
        "Diluted EPS": -0.02,
        "Basic EPS": -0.02,
        "Diluted NI Availto Com Stockholders": -2227000.0,
        "Net Income Common Stockholders": -2227000.0,
        "Net Income": -2227000.0,
        "Net Income Including Noncontrolling Interests": -2227000.0,
        "Net Income Continuous Operations": -2227000.0,
        "Tax Provision": -8000.0,
        "Pretax Income": -2235000.0,
        "Other Income Expense": 456000.0,
        "Other Non Operating Income Expenses": NaN,
        "Special Income Charges": -45000.0,
        "Other Special Charges": NaN,
        "Write Off": 45000.0,
        "Earnings From Equity Interest": 797000.0,
        "Gain On Sale Of Security": -296000.0,
        "Net Non Operating Interest Income Expense": -617000.0,
        "Interest Expense Non Operating": 1065000.0,
        "Interest Income Non Operating": 448000.0,
        "Operating Income": -2074000.0,
        "Operating Expense": 5259000.0,
        "Other Operating Expenses": 2934000.0,
        "Other Taxes": NaN,
        "Provision For Doubtful Accounts": NaN,
        "Selling General And Administration": 2325000.0,
        "General And Administrative Expense": 2325000.0,
        "Other Gand A": 1170000.0,
        "Salaries And Wages": 1155000.0,
        "Gross Profit": 3185000.0,
        "Cost Of Revenue": 2419000.0,
        "Total Revenue": 5604000.0,
        "Operating Revenue": 5604000.0
    },
    "2022-12-31": {
        "Tax Effect Of Unusual Items": NaN,
        "Tax Rate For Calcs": NaN,
        "Normalized EBITDA": NaN,
        "Total Unusual Items": NaN,
        "Total Unusual Items Excluding Goodwill": NaN,
        "Net Income From Continuing Operation Net Minority Interest": NaN,
        "Reconciled Depreciation": NaN,
        "Reconciled Cost Of Revenue": NaN,
        "EBITDA": NaN,
        "EBIT": NaN,
        "Net Interest Income": NaN,
        "Interest Expense": NaN,
        "Interest Income": NaN,
        "Normalized Income": NaN,
        "Net Income From Continuing And Discontinued Operation": NaN,
        "Total Expenses": NaN,
        "Total Operating Income As Reported": NaN,
        "Diluted Average Shares": NaN,
        "Basic Average Shares": NaN,
        "Diluted EPS": NaN,
        "Basic EPS": NaN,
        "Diluted NI Availto Com Stockholders": NaN,
        "Net Income Common Stockholders": NaN,
        "Net Income": NaN,
        "Net Income Including Noncontrolling Interests": NaN,
        "Net Income Continuous Operations": NaN,
        "Tax Provision": NaN,
        "Pretax Income": NaN,
        "Other Income Expense": NaN,
        "Other Non Operating Income Expenses": NaN,
        "Special Income Charges": NaN,
        "Other Special Charges": -1986417.101742,
        "Write Off": NaN,
        "Earnings From Equity Interest": NaN,
        "Gain On Sale Of Security": NaN,
        "Net Non Operating Interest Income Expense": NaN,
        "Interest Expense Non Operating": NaN,
        "Interest Income Non Operating": NaN,
        "Operating Income": NaN,
        "Operating Expense": NaN,
        "Other Operating Expenses": NaN,
        "Provision For Doubtful Accounts": NaN,
        "Selling General And Administration": NaN,
        "General And Administrative Expense": NaN,
        "Other Gand A": NaN,
        "Salaries And Wages": NaN,
        "Gross Profit": NaN,
        "Cost Of Revenue": NaN,
        "Total Revenue": NaN,
        "Operating Revenue": NaN
    },
    "2022-09-30": {
        "Tax Effect Of Unusual Items": NaN,
        "Tax Rate For Calcs": NaN,
        "Normalized EBITDA": NaN,
        "Total Unusual Items": NaN,
        "Total Unusual Items Excluding Goodwill": NaN,
        "Net Income From Continuing Operation Net Minority Interest": NaN,
        "Reconciled Depreciation": NaN,
        "Reconciled Cost Of Revenue": NaN,
        "EBITDA": NaN,
        "EBIT": NaN,
        "Net Interest Income": NaN,
        "Interest Expense": NaN,
        "Interest Income": NaN,
        "Normalized Income": NaN,
        "Net Income From Continuing And Discontinued Operation": NaN,
        "Total Expenses": NaN,
        "Total Operating Income As Reported": NaN,
        "Diluted Average Shares": 110091728.0,
        "Basic Average Shares": 110091728.0,
        "Diluted EPS": -0.12,
        "Basic EPS": -0.12,
        "Diluted NI Availto Com Stockholders": NaN,
        "Net Income Common Stockholders": NaN,
        "Net Income": NaN,
        "Net Income Including Noncontrolling Interests": NaN,
        "Net Income Continuous Operations": NaN,
        "Tax Provision": NaN,
        "Pretax Income": NaN,
        "Other Income Expense": NaN,
        "Special Income Charges": NaN,
        "Other Special Charges": NaN,
        "Write Off": NaN,
        "Earnings From Equity Interest": NaN,
        "Gain On Sale Of Security": NaN,
        "Net Non Operating Interest Income Expense": NaN,
        "Interest Expense Non Operating": NaN,
        "Interest Income Non Operating": NaN,
        "Operating Income": NaN,
        "Operating Expense": NaN,
        "Other Operating Expenses": -2957000.0,
        "Selling General And Administration": NaN,
        "General And Administrative Expense": NaN,
        "Other Gand A": NaN,
        "Salaries And Wages": NaN,
        "Gross Profit": NaN,
        "Cost Of Revenue": NaN,
        "Total Revenue": NaN,
        "Operating Revenue": NaN
    },
    "2024-06-30": {
        "Tax Effect Of Unusual Items": -15900.0,
        "Tax Rate For Calcs": 0.15,
        "Normalized EBITDA": -918000.0,
        "Total Unusual Items": -106000.0,
        "Total Unusual Items Excluding Goodwill": -106000.0,
        "Net Income From Continuing Operation Net Minority Interest": -4022000.0,
        "Reconciled Depreciation": 1326000.0,
        "Reconciled Cost Of Revenue": 1369000.0,
        "EBITDA": -1024000.0,
        "EBIT": -2350000.0,
        "Net Interest Income": -650000.0,
        "Interest Expense": 1080000.0,
        "Interest Income": 430000.0,
        "Normalized Income": -3931900.0,
        "Net Income From Continuing And Discontinued Operation": -4022000.0,
        "Total Expenses": 6842000.0,
        "Total Operating Income As Reported": -837000.0,
        "Diluted Average Shares": 113076261.0,
        "Basic Average Shares": 113076261.0,
        "Diluted EPS": -0.04,
        "Basic EPS": -0.04,
        "Diluted NI Availto Com Stockholders": -4022000.0,
        "Net Income Common Stockholders": -4022000.0,
        "Net Income": -4022000.0,
        "Net Income Including Noncontrolling Interests": -4022000.0,
        "Net Income Continuous Operations": -4022000.0,
        "Tax Provision": 592000.0,
        "Pretax Income": -3430000.0,
        "Other Income Expense": -1021000.0,
        "Other Non Operating Income Expenses": -2326000.0,
        "Special Income Charges": 0.0,
        "Other Special Charges": NaN,
        "Write Off": 0.0,
        "Earnings From Equity Interest": 1411000.0,
        "Gain On Sale Of Security": -106000.0,
        "Net Non Operating Interest Income Expense": -650000.0,
        "Interest Expense Non Operating": 1080000.0,
        "Interest Income Non Operating": 430000.0,
        "Operating Income": -1759000.0,
        "Operating Expense": 5473000.0,
        "Other Operating Expenses": 2907000.0,
        "Other Taxes": NaN,
        "Provision For Doubtful Accounts": 0.0,
        "Selling General And Administration": 2566000.0,
        "General And Administrative Expense": 2566000.0,
        "Other Gand A": 916000.0,
        "Salaries And Wages": 1650000.0,
        "Gross Profit": 3714000.0,
        "Cost Of Revenue": 1369000.0,
        "Total Revenue": 5083000.0,
        "Operating Revenue": 5083000.0
    },
    "2024-09-30": {
        "Tax Effect Of Unusual Items": 26675.367047,
        "Tax Rate For Calcs": 0.026101,
        "Normalized EBITDA": 3319000.0,
        "Total Unusual Items": 1022000.0,
        "Total Unusual Items Excluding Goodwill": 1022000.0,
        "Net Income From Continuing Operation Net Minority Interest": 1194000.0,
        "Reconciled Depreciation": 2194000.0,
        "Reconciled Cost Of Revenue": 2230000.0,
        "EBITDA": 4341000.0,
        "EBIT": 2147000.0,
        "Net Interest Income": -388000.0,
        "Interest Expense": 921000.0,
        "Interest Income": 533000.0,
        "Normalized Income": 198675.367047,
        "Net Income From Continuing And Discontinued Operation": 1194000.0,
        "Total Expenses": 6868000.0,
        "Total Operating Income As Reported": -151000.0,
        "Diluted Average Shares": 114265684.0,
        "Basic Average Shares": 114240974.0,
        "Diluted EPS": 0.01,
        "Basic EPS": 0.01,
        "Diluted NI Availto Com Stockholders": 1194000.0,
        "Net Income Common Stockholders": 1194000.0,
        "Net Income": 1194000.0,
        "Net Income Including Noncontrolling Interests": 1194000.0,
        "Net Income Continuous Operations": 1194000.0,
        "Tax Provision": 32000.0,
        "Pretax Income": 1226000.0,
        "Other Income Expense": 2298000.0,
        "Other Non Operating Income Expenses": NaN,
        "Special Income Charges": -783000.0,
        "Other Special Charges": 783000.0,
        "Write Off": 0.0,
        "Earnings From Equity Interest": 1276000.0,
        "Gain On Sale Of Security": 1805000.0,
        "Net Non Operating Interest Income Expense": -388000.0,
        "Interest Expense Non Operating": 921000.0,
        "Interest Income Non Operating": 533000.0,
        "Operating Income": -684000.0,
        "Operating Expense": 4638000.0,
        "Other Operating Expenses": 2780000.0,
        "Other Taxes": 0.0,
        "Provision For Doubtful Accounts": 0.0,
        "Selling General And Administration": 1858000.0,
        "General And Administrative Expense": 1858000.0,
        "Other Gand A": 743000.0,
        "Salaries And Wages": 1115000.0,
        "Gross Profit": 3954000.0,
        "Cost Of Revenue": 2230000.0,
        "Total Revenue": 6184000.0,
        "Operating Revenue": 6184000.0
    }
}