{
    "2023-03-31": {
        "Tax Effect Of Unusual Items": NaN,
        "Tax Rate For Calcs": NaN,
        "Normalized EBITDA": NaN,
        "Total Unusual Items": NaN,
        "Total Unusual Items Excluding Goodwill": NaN,
        "Net Income From Continuing Operation Net Minority Interest": NaN,
        "Reconciled Depreciation": NaN,
        "Reconciled Cost Of Revenue": NaN,
        "EBITDA": NaN,
        "EBIT": NaN,
        "Net Interest Income": NaN,
        "Interest Expense": NaN,
        "Normalized Income": NaN,
        "Net Income From Continuing And Discontinued Operation": NaN,
        "Total Expenses": NaN,
        "Total Operating Income As Reported": NaN,
        "Diluted Average Shares": 2028000000.0,
        "Basic Average Shares": 2025000000.0,
        "Diluted EPS": 0.85,
        "Basic EPS": 0.86,
        "Diluted NI Availto Com Stockholders": NaN,
        "Net Income Common Stockholders": NaN,
        "Preferred Stock Dividends": NaN,
        "Net Income": NaN,
        "Minority Interests": NaN,
        "Net Income Including Noncontrolling Interests": NaN,
        "Net Income Continuous Operations": NaN,
        "Tax Provision": NaN,
        "Pretax Income": NaN,
        "Other Income Expense": NaN,
        "Other Non Operating Income Expenses": NaN,
        "Special Income Charges": 3000000.0,
        "Gain On Sale Of Ppe": 3000000.0,
        "Gain On Sale Of Business": NaN,
        "Write Off": NaN,
        "Restructuring And Mergern Acquisition": NaN,
        "Earnings From Equity Interest": NaN,
        "Gain On Sale Of Security": NaN,
        "Net Non Operating Interest Income Expense": NaN,
        "Interest Expense Non Operating": NaN,
        "Operating Income": NaN,
        "Operating Expense": NaN,
        "Other Operating Expenses": NaN,
        "Selling General And Administration": NaN,
        "General And Administrative Expense": NaN,
        "Other Gand A": 2037000000.0,
        "Salaries And Wages": NaN,
        "Gross Profit": NaN,
        "Cost Of Revenue": NaN,
        "Total Revenue": NaN,
        "Operating Revenue": NaN
    },
    "2022-12-31": {
        "Tax Effect Of Unusual Items": NaN,
        "Tax Rate For Calcs": NaN,
        "Normalized EBITDA": NaN,
        "Total Unusual Items": NaN,
        "Total Unusual Items Excluding Goodwill": NaN,
        "Net Income From Continuing Operation Net Minority Interest": NaN,
        "Reconciled Depreciation": NaN,
        "Reconciled Cost Of Revenue": NaN,
        "EBITDA": NaN,
        "EBIT": NaN,
        "Net Interest Income": NaN,
        "Interest Expense": NaN,
        "Normalized Income": NaN,
        "Net Income From Continuing And Discontinued Operation": NaN,
        "Total Expenses": NaN,
        "Total Operating Income As Reported": NaN,
        "Diluted Average Shares": NaN,
        "Basic Average Shares": NaN,
        "Diluted EPS": NaN,
        "Basic EPS": NaN,
        "Diluted NI Availto Com Stockholders": NaN,
        "Net Income Common Stockholders": NaN,
        "Preferred Stock Dividends": NaN,
        "Net Income": NaN,
        "Minority Interests": NaN,
        "Net Income Including Noncontrolling Interests": NaN,
        "Net Income Continuous Operations": NaN,
        "Tax Provision": NaN,
        "Pretax Income": NaN,
        "Other Income Expense": NaN,
        "Other Non Operating Income Expenses": NaN,
        "Special Income Charges": NaN,
        "Gain On Sale Of Ppe": NaN,
        "Gain On Sale Of Business": NaN,
        "Write Off": 0.0,
        "Restructuring And Mergern Acquisition": 0.0,
        "Earnings From Equity Interest": NaN,
        "Gain On Sale Of Security": NaN,
        "Net Non Operating Interest Income Expense": NaN,
        "Interest Expense Non Operating": NaN,
        "Operating Income": NaN,
        "Operating Expense": NaN,
        "Other Operating Expenses": NaN,
        "Selling General And Administration": NaN,
        "General And Administrative Expense": NaN,
        "Other Gand A": 2261000000.0,
        "Salaries And Wages": NaN,
        "Gross Profit": NaN,
        "Cost Of Revenue": NaN,
        "Total Revenue": NaN,
        "Operating Revenue": NaN
    },
    "2022-09-30": {
        "Tax Effect Of Unusual Items": NaN,
        "Tax Rate For Calcs": NaN,
        "Normalized EBITDA": NaN,
        "Total Unusual Items": NaN,
        "Total Unusual Items Excluding Goodwill": NaN,
        "Net Income From Continuing Operation Net Minority Interest": NaN,
        "Reconciled Depreciation": NaN,
        "Reconciled Cost Of Revenue": NaN,
        "EBITDA": NaN,
        "EBIT": NaN,
        "Net Interest Income": NaN,
        "Interest Expense": NaN,
        "Normalized Income": NaN,
        "Net Income From Continuing And Discontinued Operation": NaN,
        "Total Expenses": NaN,
        "Total Operating Income As Reported": NaN,
        "Diluted Average Shares": 2028000000.0,
        "Basic Average Shares": 2025000000.0,
        "Diluted EPS": 0.63,
        "Basic EPS": 0.63,
        "Diluted NI Availto Com Stockholders": NaN,
        "Net Income Common Stockholders": NaN,
        "Preferred Stock Dividends": NaN,
        "Net Income": NaN,
        "Minority Interests": NaN,
        "Net Income Including Noncontrolling Interests": NaN,
        "Net Income Continuous Operations": NaN,
        "Tax Provision": NaN,
        "Pretax Income": NaN,
        "Other Income Expense": NaN,
        "Other Non Operating Income Expenses": NaN,
        "Special Income Charges": NaN,
        "Gain On Sale Of Ppe": 1000000.0,
        "Write Off": 0.0,
        "Restructuring And Mergern Acquisition": -1076000000.0,
        "Earnings From Equity Interest": NaN,
        "Gain On Sale Of Security": -1023000000.0,
        "Net Non Operating Interest Income Expense": NaN,
        "Interest Expense Non Operating": NaN,
        "Operating Income": NaN,
        "Operating Expense": NaN,
        "Other Operating Expenses": NaN,
        "Selling General And Administration": 2089000000.0,
        "General And Administrative Expense": 2089000000.0,
        "Other Gand A": 2089000000.0,
        "Gross Profit": NaN,
        "Cost Of Revenue": NaN,
        "Total Revenue": NaN,
        "Operating Revenue": NaN
    },
    "2022-06-30": {
        "Tax Effect Of Unusual Items": -104580000.0,
        "Tax Rate For Calcs": 0.18,
        "Normalized EBITDA": 3176000000.0,
        "Total Unusual Items": -581000000.0,
        "Total Unusual Items Excluding Goodwill": -581000000.0,
        "Net Income From Continuing Operation Net Minority Interest": 595000000.0,
        "Reconciled Depreciation": 1064000000.0,
        "Reconciled Cost Of Revenue": 9701000000.0,
        "EBITDA": 2595000000.0,
        "EBIT": 1531000000.0,
        "Net Interest Income": -791000000.0,
        "Interest Expense": 791000000.0,
        "Normalized Income": 1071420000.0,
        "Net Income From Continuing And Discontinued Operation": 595000000.0,
        "Total Expenses": 11695000000.0,
        "Total Operating Income As Reported": 1520000000.0,
        "Diluted Average Shares": 2030000000.0,
        "Basic Average Shares": 2026000000.0,
        "Diluted EPS": 0.22,
        "Basic EPS": 0.22,
        "Diluted NI Availto Com Stockholders": 450000000.0,
        "Net Income Common Stockholders": 450000000.0,
        "Preferred Stock Dividends": 145000000.0,
        "Net Income": 595000000.0,
        "Minority Interests": -12000000.0,
        "Net Income Including Noncontrolling Interests": 607000000.0,
        "Net Income Continuous Operations": 607000000.0,
        "Tax Provision": 133000000.0,
        "Pretax Income": 740000000.0,
        "Other Income Expense": 11000000.0,
        "Other Non Operating Income Expenses": 82000000.0,
        "Special Income Charges": NaN,
        "Gain On Sale Of Ppe": NaN,
        "Write Off": NaN,
        "Restructuring And Mergern Acquisition": NaN,
        "Earnings From Equity Interest": 510000000.0,
        "Gain On Sale Of Security": -581000000.0,
        "Net Non Operating Interest Income Expense": -791000000.0,
        "Interest Expense Non Operating": 791000000.0,
        "Operating Income": 1520000000.0,
        "Operating Expense": 1994000000.0,
        "Selling General And Administration": 1994000000.0,
        "General And Administrative Expense": 1994000000.0,
        "Other Gand A": 1994000000.0,
        "Gross Profit": 3514000000.0,
        "Cost Of Revenue": 9701000000.0,
        "Total Revenue": 13215000000.0,
        "Operating Revenue": 13215000000.0
    },
    "2022-03-31": {
        "Diluted EPS": 0.75,
        "Total Revenue": NaN,
        "Gross Profit": NaN,
        "Operating Income": NaN,
        "EBIT": NaN,
        "Net Income": NaN
    },
    "2021-12-31": {
        "Diluted EPS": 0.72,
        "Total Revenue": NaN,
        "Gross Profit": NaN,
        "Operating Income": NaN,
        "EBIT": NaN,
        "Net Income": NaN
    },
    "2021-09-30": {
        "Diluted EPS": 0.27,
        "Total Revenue": NaN,
        "Gross Profit": NaN,
        "Operating Income": NaN,
        "EBIT": NaN,
        "Net Income": 542
    },
    "2021-06-30": {
        "Diluted EPS": 0.56,
        "Total Revenue": NaN,
        "Gross Profit": NaN,
        "Operating Income": NaN,
        "EBIT": NaN,
        "Net Income": NaN
    },
    "2021-03-31": {
        "Diluted EPS": 0.74,
        "Total Revenue": NaN,
        "Gross Profit": NaN,
        "Operating Income": NaN,
        "EBIT": NaN,
        "Net Income": NaN
    },
    "2020-12-31": {
        "Diluted EPS": 0.67,
        "Total Revenue": NaN,
        "Gross Profit": NaN,
        "Operating Income": NaN,
        "EBIT": NaN,
        "Net Income": NaN
    },
    "2020-09-30": {
        "Diluted EPS": 0.37,
        "Total Revenue": NaN,
        "Gross Profit": NaN,
        "Operating Income": NaN,
        "EBIT": NaN,
        "Net Income": 743
    },
    "2020-06-30": {
        "Diluted EPS": 0.59,
        "Total Revenue": NaN,
        "Gross Profit": NaN,
        "Operating Income": NaN,
        "EBIT": NaN,
        "Net Income": NaN
    },
    "2020-03-31": {
        "Diluted EPS": -0.53,
        "Total Revenue": NaN,
        "Gross Profit": NaN,
        "Operating Income": NaN,
        "EBIT": NaN,
        "Net Income": NaN
    },
    "2019-12-31": {
        "Diluted EPS": 0.28,
        "Total Revenue": NaN,
        "Gross Profit": NaN,
        "Operating Income": NaN,
        "EBIT": NaN,
        "Net Income": 571
    },
    "2019-09-30": {
        "Diluted EPS": 0.36,
        "Total Revenue": NaN,
        "Gross Profit": NaN,
        "Operating Income": NaN,
        "EBIT": NaN,
        "Net Income": 719
    },
    "2019-06-30": {
        "Diluted EPS": 0.64,
        "Total Revenue": NaN,
        "Gross Profit": NaN,
        "Operating Income": NaN,
        "EBIT": NaN,
        "Net Income": NaN
    },
    "2019-03-31": {
        "Diluted EPS": 0.71,
        "Total Revenue": NaN,
        "Gross Profit": NaN,
        "Operating Income": NaN,
        "EBIT": NaN,
        "Net Income": NaN
    },
    "2018-12-31": {
        "Diluted EPS": 0.47,
        "Total Revenue": NaN,
        "Gross Profit": NaN,
        "Operating Income": NaN,
        "EBIT": NaN,
        "Net Income": 827
    },
    "2018-09-30": {
        "Diluted EPS": -0.04,
        "Total Revenue": NaN,
        "Gross Profit": NaN,
        "Operating Income": NaN,
        "EBIT": NaN,
        "Net Income": -69
    },
    "2018-06-30": {
        "Diluted EPS": 0.49,
        "Total Revenue": NaN,
        "Gross Profit": NaN,
        "Operating Income": NaN,
        "EBIT": NaN,
        "Net Income": 830
    },
    "2018-03-31": {
        "Diluted EPS": 0.21,
        "Total Revenue": NaN,
        "Gross Profit": NaN,
        "Operating Income": NaN,
        "EBIT": NaN,
        "Net Income": 352
    },
    "2017-12-31": {
        "Diluted EPS": 0.07,
        "Total Revenue": NaN,
        "Gross Profit": NaN,
        "Operating Income": NaN,
        "EBIT": NaN,
        "Net Income": 175
    },
    "2017-09-30": {
        "Diluted EPS": 0.38,
        "Total Revenue": NaN,
        "Gross Profit": NaN,
        "Operating Income": NaN,
        "EBIT": NaN,
        "Net Income": 610
    },
    "2017-06-30": {
        "Diluted EPS": 0.42,
        "Total Revenue": NaN,
        "Gross Profit": NaN,
        "Operating Income": NaN,
        "EBIT": NaN,
        "Net Income": 683
    },
    "2017-03-31": {
        "Diluted EPS": 0.41,
        "Total Revenue": NaN,
        "Gross Profit": NaN,
        "Operating Income": NaN,
        "EBIT": NaN,
        "Net Income": 482
    },
    "2016-12-31": {
        "Diluted EPS": 0.28,
        "Total Revenue": NaN,
        "Gross Profit": NaN,
        "Operating Income": 557,
        "EBIT": 963,
        "Net Income": 302
    },
    "2016-09-30": {
        "Diluted EPS": -0.08,
        "Total Revenue": NaN,
        "Gross Profit": NaN,
        "Operating Income": 595,
        "EBIT": NaN,
        "Net Income": -79
    },
    "2016-06-30": {
        "Diluted EPS": 0.26,
        "Total Revenue": NaN,
        "Gross Profit": NaN,
        "Operating Income": 616,
        "EBIT": NaN,
        "Net Income": 234
    },
    "2016-03-31": {
        "Diluted EPS": 1.01,
        "Total Revenue": NaN,
        "Gross Profit": NaN,
        "Operating Income": NaN,
        "EBIT": NaN,
        "Net Income": 884
    },
    "2015-12-31": {
        "Diluted EPS": 0.33,
        "Total Revenue": NaN,
        "Gross Profit": NaN,
        "Operating Income": 594,
        "EBIT": NaN,
        "Net Income": 339
    },
    "2015-09-30": {
        "Diluted EPS": -0.61,
        "Total Revenue": NaN,
        "Gross Profit": NaN,
        "Operating Income": 246,
        "EBIT": 602,
        "Net Income": -466
    },
    "2015-06-30": {
        "Diluted EPS": 0.55,
        "Total Revenue": NaN,
        "Gross Profit": NaN,
        "Operating Income": 908,
        "EBIT": NaN,
        "Net Income": 526
    },
    "2015-03-31": {
        "Diluted EPS": -0.38,
        "Total Revenue": NaN,
        "Gross Profit": NaN,
        "Operating Income": 200,
        "EBIT": 583,
        "Net Income": -257
    },
    "2014-12-31": {
        "Diluted EPS": 0.08,
        "Total Revenue": NaN,
        "Gross Profit": NaN,
        "Operating Income": 94,
        "EBIT": 465,
        "Net Income": 128
    },
    "2014-09-30": {
        "Diluted EPS": -0.09,
        "Total Revenue": NaN,
        "Gross Profit": NaN,
        "Operating Income": 60,
        "EBIT": 422,
        "Net Income": -12
    },
    "2014-06-30": {
        "Diluted EPS": 0.99,
        "Total Revenue": NaN,
        "Gross Profit": NaN,
        "Operating Income": NaN,
        "EBIT": NaN,
        "Net Income": 824
    },
    "2014-03-31": {
        "Diluted EPS": 0.43,
        "Total Revenue": NaN,
        "Gross Profit": NaN,
        "Operating Income": 830,
        "EBIT": NaN,
        "Net Income": 407
    },
    "2013-12-31": {
        "Diluted EPS": -0.29,
        "Total Revenue": NaN,
        "Gross Profit": 827,
        "Operating Income": -348,
        "EBIT": 12,
        "Net Income": -196
    },
    "2013-09-30": {
        "Diluted EPS": 0.49,
        "Total Revenue": NaN,
        "Gross Profit": NaN,
        "Operating Income": 576,
        "EBIT": 905,
        "Net Income": 450
    },
    "2013-06-30": {
        "Diluted EPS": 0.05,
        "Total Revenue": NaN,
        "Gross Profit": NaN,
        "Operating Income": 414,
        "EBIT": 735,
        "Net Income": 83
    },
    "2013-03-31": {
        "Diluted EPS": 0.31,
        "Total Revenue": NaN,
        "Gross Profit": NaN,
        "Operating Income": 462,
        "EBIT": 782,
        "Net Income": 287
    },
    "2012-12-31": {
        "Diluted EPS": 0.18,
        "Total Revenue": NaN,
        "Gross Profit": NaN,
        "Operating Income": 352,
        "EBIT": 671,
        "Net Income": 181
    },
    "2012-09-30": {
        "Diluted EPS": 0.24,
        "Total Revenue": NaN,
        "Gross Profit": NaN,
        "Operating Income": 224,
        "EBIT": 527,
        "Net Income": 221
    },
    "2012-06-30": {
        "Diluted EPS": 0.01,
        "Total Revenue": NaN,
        "Gross Profit": NaN,
        "Operating Income": 312,
        "EBIT": 607,
        "Net Income": 34
    },
    "2012-03-31": {
        "Diluted EPS": 0.34,
        "Total Revenue": NaN,
        "Gross Profit": -351,
        "Operating Income": NaN,
        "EBIT": -985,
        "Net Income": 280
    },
    "2011-12-31": {
        "Diluted EPS": 0.44,
        "Total Revenue": NaN,
        "Gross Profit": NaN,
        "Operating Income": 764,
        "EBIT": NaN,
        "Net Income": 342
    },
    "2011-09-30": {
        "Diluted EPS": 0.01,
        "Total Revenue": NaN,
        "Gross Profit": 720,
        "Operating Income": 52,
        "EBIT": 289,
        "Net Income": 5
    },
    "2011-06-30": {
        "Diluted EPS": 0.35,
        "Total Revenue": NaN,
        "Gross Profit": NaN,
        "Operating Income": 456,
        "EBIT": 694,
        "Net Income": 269
    },
    "2011-03-31": {
        "Diluted EPS": 0.54,
        "Total Revenue": NaN,
        "Gross Profit": NaN,
        "Operating Income": 663,
        "EBIT": 896,
        "Net Income": 411
    },
    "2010-12-31": {
        "Diluted EPS": 0.44,
        "Total Revenue": NaN,
        "Gross Profit": NaN,
        "Operating Income": 501,
        "EBIT": 751,
        "Net Income": 332
    },
    "2010-09-30": {
        "Diluted EPS": 0.21,
        "Total Revenue": NaN,
        "Gross Profit": 964,
        "Operating Income": 406,
        "EBIT": 608,
        "Net Income": 156
    },
    "2010-06-30": {
        "Diluted EPS": 0.18,
        "Total Revenue": NaN,
        "Gross Profit": 906,
        "Operating Income": 364,
        "EBIT": 559,
        "Net Income": 136
    },
    "2010-03-31": {
        "Diluted EPS": 0.45,
        "Total Revenue": NaN,
        "Gross Profit": 953,
        "Operating Income": 449,
        "EBIT": 642,
        "Net Income": 338
    },
    "2009-12-31": {
        "Diluted EPS": 0.38,
        "Total Revenue": NaN,
        "Gross Profit": 784,
        "Operating Income": 227,
        "EBIT": 388,
        "Net Income": 285
    },
    "2009-09-30": {
        "Diluted EPS": 0.39,
        "Total Revenue": NaN,
        "Gross Profit": 777,
        "Operating Income": 300,
        "EBIT": 493,
        "Net Income": 284
    },
    "2009-06-30": {
        "Diluted EPS": 0.5,
        "Total Revenue": NaN,
        "Gross Profit": 890,
        "Operating Income": 436,
        "EBIT": 608,
        "Net Income": 365
    },
    "2009-03-31": {
        "Diluted EPS": 0.66,
        "Total Revenue": NaN,
        "Gross Profit": 940,
        "Operating Income": 497,
        "EBIT": 643,
        "Net Income": 477
    },
    "2023-06-30": {
        "Tax Effect Of Unusual Items": 101558000.0,
        "Tax Rate For Calcs": 0.206,
        "Normalized EBITDA": 4047000000.0,
        "Total Unusual Items": 493000000.0,
        "Total Unusual Items Excluding Goodwill": 493000000.0,
        "Net Income From Continuing Operation Net Minority Interest": 1935000000.0,
        "Reconciled Depreciation": 1137000000.0,
        "Reconciled Cost Of Revenue": 6054000000.0,
        "EBITDA": 4540000000.0,
        "EBIT": 3403000000.0,
        "Net Interest Income": -883000000.0,
        "Interest Expense": 883000000.0,
        "Normalized Income": 1543558000.0,
        "Net Income From Continuing And Discontinued Operation": 1935000000.0,
        "Total Expenses": 8048000000.0,
        "Total Operating Income As Reported": 2350000000.0,
        "Diluted Average Shares": 2027000000.0,
        "Basic Average Shares": 2024000000.0,
        "Diluted EPS": 0.91,
        "Basic EPS": 0.91,
        "Diluted NI Availto Com Stockholders": 1848000000.0,
        "Net Income Common Stockholders": 1848000000.0,
        "Preferred Stock Dividends": 87000000.0,
        "Net Income": 1935000000.0,
        "Minority Interests": -66000000.0,
        "Net Income Including Noncontrolling Interests": 2001000000.0,
        "Net Income Continuous Operations": 2001000000.0,
        "Tax Provision": 519000000.0,
        "Pretax Income": 2520000000.0,
        "Other Income Expense": 1019000000.0,
        "Other Non Operating Income Expenses": 48000000.0,
        "Special Income Charges": 0.0,
        "Gain On Sale Of Ppe": 8000000.0,
        "Gain On Sale Of Business": 0.0,
        "Write Off": NaN,
        "Restructuring And Mergern Acquisition": NaN,
        "Earnings From Equity Interest": 478000000.0,
        "Gain On Sale Of Security": 493000000.0,
        "Net Non Operating Interest Income Expense": -883000000.0,
        "Interest Expense Non Operating": 883000000.0,
        "Operating Income": 2384000000.0,
        "Operating Expense": 1994000000.0,
        "Other Operating Expenses": 2028000000.0,
        "Selling General And Administration": -34000000.0,
        "General And Administrative Expense": -34000000.0,
        "Other Gand A": 2028000000.0,
        "Salaries And Wages": -34000000.0,
        "Gross Profit": 4378000000.0,
        "Cost Of Revenue": 6054000000.0,
        "Total Revenue": 10432000000.0,
        "Operating Revenue": 10432000000.0
    },
    "2023-09-30": {
        "Tax Effect Of Unusual Items": -104890000.0,
        "Tax Rate For Calcs": 0.17,
        "Normalized EBITDA": 3453000000.0,
        "Total Unusual Items": -617000000.0,
        "Total Unusual Items Excluding Goodwill": -617000000.0,
        "Net Income From Continuing Operation Net Minority Interest": 621000000.0,
        "Reconciled Depreciation": 1164000000.0,
        "Reconciled Cost Of Revenue": 5995000000.0,
        "EBITDA": 2836000000.0,
        "EBIT": 1672000000.0,
        "Net Interest Income": -921000000.0,
        "Interest Expense": 921000000.0,
        "Normalized Income": 1133110000.0,
        "Net Income From Continuing And Discontinued Operation": 621000000.0,
        "Total Expenses": 8016000000.0,
        "Total Operating Income As Reported": 1794000000.0,
        "Diluted Average Shares": 2049000000.0,
        "Basic Average Shares": 2048000000.0,
        "Diluted EPS": 0.26,
        "Basic EPS": 0.26,
        "Diluted NI Availto Com Stockholders": 532000000.0,
        "Net Income Common Stockholders": 532000000.0,
        "Preferred Stock Dividends": 89000000.0,
        "Net Income": 621000000.0,
        "Minority Interests": -2000000.0,
        "Net Income Including Noncontrolling Interests": 623000000.0,
        "Net Income Continuous Operations": 623000000.0,
        "Tax Provision": 128000000.0,
        "Pretax Income": 751000000.0,
        "Other Income Expense": -156000000.0,
        "Other Non Operating Income Expenses": 118000000.0,
        "Special Income Charges": 4000000.0,
        "Gain On Sale Of Ppe": 4000000.0,
        "Gain On Sale Of Business": NaN,
        "Write Off": NaN,
        "Restructuring And Mergern Acquisition": 0.0,
        "Earnings From Equity Interest": 343000000.0,
        "Gain On Sale Of Security": -621000000.0,
        "Net Non Operating Interest Income Expense": -921000000.0,
        "Interest Expense Non Operating": 921000000.0,
        "Operating Income": 1828000000.0,
        "Operating Expense": 2021000000.0,
        "Other Operating Expenses": 2055000000.0,
        "Selling General And Administration": -34000000.0,
        "General And Administrative Expense": -34000000.0,
        "Other Gand A": NaN,
        "Salaries And Wages": -34000000.0,
        "Gross Profit": 3849000000.0,
        "Cost Of Revenue": 5995000000.0,
        "Total Revenue": 9844000000.0,
        "Operating Revenue": 9844000000.0
    },
    "2023-12-31": {
        "Tax Effect Of Unusual Items": 132086021.505376,
        "Tax Rate For Calcs": 0.297491,
        "Normalized EBITDA": 4102000000.0,
        "Total Unusual Items": 444000000.0,
        "Total Unusual Items Excluding Goodwill": 444000000.0,
        "Net Income From Continuing Operation Net Minority Interest": 1818000000.0,
        "Reconciled Depreciation": 1166000000.0,
        "Reconciled Cost Of Revenue": 6554000000.0,
        "EBITDA": 4546000000.0,
        "EBIT": 3380000000.0,
        "Net Interest Income": -1103000000.0,
        "Interest Expense": 1148000000.0,
        "Normalized Income": 1506086021.505376,
        "Net Income From Continuing And Discontinued Operation": 1818000000.0,
        "Total Expenses": 9000000000.0,
        "Total Operating Income As Reported": 1845000000.0,
        "Diluted Average Shares": NaN,
        "Basic Average Shares": NaN,
        "Diluted EPS": NaN,
        "Basic EPS": NaN,
        "Diluted NI Availto Com Stockholders": 1726000000.0,
        "Net Income Common Stockholders": 1726000000.0,
        "Preferred Stock Dividends": 92000000.0,
        "Net Income": 1818000000.0,
        "Minority Interests": 250000000.0,
        "Net Income Including Noncontrolling Interests": 1568000000.0,
        "Net Income Continuous Operations": 1568000000.0,
        "Tax Provision": 664000000.0,
        "Pretax Income": 2232000000.0,
        "Other Income Expense": 1037000000.0,
        "Other Non Operating Income Expenses": 115000000.0,
        "Special Income Charges": -419000000.0,
        "Gain On Sale Of Ppe": 0.0,
        "Gain On Sale Of Business": NaN,
        "Write Off": NaN,
        "Restructuring And Mergern Acquisition": 0.0,
        "Earnings From Equity Interest": 478000000.0,
        "Gain On Sale Of Security": 863000000.0,
        "Net Non Operating Interest Income Expense": -1103000000.0,
        "Interest Expense Non Operating": 1148000000.0,
        "Operating Income": 2298000000.0,
        "Operating Expense": 2446000000.0,
        "Other Operating Expenses": 2480000000.0,
        "Selling General And Administration": -34000000.0,
        "General And Administrative Expense": -34000000.0,
        "Other Gand A": NaN,
        "Salaries And Wages": -34000000.0,
        "Gross Profit": 4744000000.0,
        "Cost Of Revenue": 6554000000.0,
        "Total Revenue": 11298000000.0,
        "Operating Revenue": 11298000000.0
    },
    "2024-03-31": {
        "Tax Effect Of Unusual Items": -145728000.0,
        "Tax Rate For Calcs": 0.198,
        "Normalized EBITDA": 4785000000.0,
        "Total Unusual Items": -736000000.0,
        "Total Unusual Items Excluding Goodwill": -736000000.0,
        "Net Income From Continuing Operation Net Minority Interest": 1512000000.0,
        "Reconciled Depreciation": 1193000000.0,
        "Reconciled Cost Of Revenue": 6193000000.0,
        "EBITDA": 4049000000.0,
        "EBIT": 2856000000.0,
        "Net Interest Income": -905000000.0,
        "Interest Expense": 905000000.0,
        "Normalized Income": 2102272000.0,
        "Net Income From Continuing And Discontinued Operation": 1512000000.0,
        "Total Expenses": 8286000000.0,
        "Total Operating Income As Reported": 2711000000.0,
        "Diluted Average Shares": 2128000000.0,
        "Basic Average Shares": 2126000000.0,
        "Diluted EPS": 0.67,
        "Basic EPS": 0.67,
        "Diluted NI Availto Com Stockholders": 1419000000.0,
        "Net Income Common Stockholders": 1419000000.0,
        "Preferred Stock Dividends": 93000000.0,
        "Net Income": 1512000000.0,
        "Minority Interests": -53000000.0,
        "Net Income Including Noncontrolling Interests": 1565000000.0,
        "Net Income Continuous Operations": 1565000000.0,
        "Tax Provision": 386000000.0,
        "Pretax Income": 1951000000.0,
        "Other Income Expense": 104000000.0,
        "Other Non Operating Income Expenses": 144000000.0,
        "Special Income Charges": NaN,
        "Gain On Sale Of Ppe": NaN,
        "Gain On Sale Of Business": NaN,
        "Write Off": NaN,
        "Restructuring And Mergern Acquisition": NaN,
        "Earnings From Equity Interest": 696000000.0,
        "Gain On Sale Of Security": -736000000.0,
        "Net Non Operating Interest Income Expense": -905000000.0,
        "Interest Expense Non Operating": 905000000.0,
        "Operating Income": 2752000000.0,
        "Operating Expense": 2093000000.0,
        "Other Operating Expenses": 2134000000.0,
        "Selling General And Administration": -41000000.0,
        "General And Administrative Expense": -41000000.0,
        "Other Gand A": NaN,
        "Salaries And Wages": -41000000.0,
        "Gross Profit": 4845000000.0,
        "Cost Of Revenue": 6193000000.0,
        "Total Revenue": 11038000000.0,
        "Operating Revenue": 11038000000.0
    },
    "2024-06-30": {
        "Tax Effect Of Unusual Items": 234900000.0,
        "Tax Rate For Calcs": 0.27,
        "Normalized EBITDA": 4225000000.0,
        "Total Unusual Items": 870000000.0,
        "Total Unusual Items Excluding Goodwill": 870000000.0,
        "Net Income From Continuing Operation Net Minority Interest": 1943000000.0,
        "Reconciled Depreciation": 1273000000.0,
        "Reconciled Cost Of Revenue": 6755000000.0,
        "EBITDA": 5095000000.0,
        "EBIT": 3822000000.0,
        "Net Interest Income": -1082000000.0,
        "Interest Expense": 1082000000.0,
        "Normalized Income": 1307900000.0,
        "Net Income From Continuing And Discontinued Operation": 1943000000.0,
        "Total Expenses": 9015000000.0,
        "Total Operating Income As Reported": 2273000000.0,
        "Diluted Average Shares": 2139000000.0,
        "Basic Average Shares": 2137000000.0,
        "Diluted EPS": 0.86,
        "Basic EPS": 0.86,
        "Diluted NI Availto Com Stockholders": 1848000000.0,
        "Net Income Common Stockholders": 1848000000.0,
        "Preferred Stock Dividends": 95000000.0,
        "Net Income": 1943000000.0,
        "Minority Interests": -58000000.0,
        "Net Income Including Noncontrolling Interests": 2001000000.0,
        "Net Income Continuous Operations": 2001000000.0,
        "Tax Provision": 739000000.0,
        "Pretax Income": 2740000000.0,
        "Other Income Expense": 1501000000.0,
        "Other Non Operating Income Expenses": 142000000.0,
        "Special Income Charges": 1091000000.0,
        "Gain On Sale Of Ppe": NaN,
        "Gain On Sale Of Business": 1091000000.0,
        "Write Off": NaN,
        "Restructuring And Mergern Acquisition": NaN,
        "Earnings From Equity Interest": 489000000.0,
        "Gain On Sale Of Security": -221000000.0,
        "Net Non Operating Interest Income Expense": -1082000000.0,
        "Interest Expense Non Operating": 1082000000.0,
        "Operating Income": 2321000000.0,
        "Operating Expense": 2260000000.0,
        "Other Operating Expenses": 2308000000.0,
        "Selling General And Administration": -48000000.0,
        "General And Administrative Expense": -48000000.0,
        "Other Gand A": NaN,
        "Salaries And Wages": -48000000.0,
        "Gross Profit": 4581000000.0,
        "Cost Of Revenue": 6755000000.0,
        "Total Revenue": 11336000000.0,
        "Operating Revenue": 11336000000.0
    }
}