{
    "2023-03-31": {
        "Tax Effect Of Unusual Items": NaN,
        "Tax Rate For Calcs": NaN,
        "Normalized EBITDA": NaN,
        "Total Unusual Items": 0.0,
        "Total Unusual Items Excluding Goodwill": 0.0,
        "Net Income From Continuing Operation Net Minority Interest": NaN,
        "Reconciled Depreciation": NaN,
        "EBITDA": NaN,
        "EBIT": NaN,
        "Net Interest Income": -435000.0,
        "Normalized Income": NaN,
        "Net Income From Continuing And Discontinued Operation": NaN,
        "Total Expenses": NaN,
        "Total Operating Income As Reported": NaN,
        "Diluted Average Shares": 18516438.0,
        "Basic Average Shares": 18516438.0,
        "Diluted EPS": -0.39,
        "Basic EPS": -0.39,
        "Diluted NI Availto Com Stockholders": NaN,
        "Net Income Common Stockholders": NaN,
        "Net Income": NaN,
        "Net Income Including Noncontrolling Interests": NaN,
        "Net Income Continuous Operations": NaN,
        "Pretax Income": NaN,
        "Other Income Expense": -435000.0,
        "Other Non Operating Income Expenses": -435000.0,
        "Special Income Charges": 0.0,
        "Gain On Sale Of Ppe": 0.0,
        "Net Non Operating Interest Income Expense": -435000.0,
        "Total Other Finance Cost": 435000.0,
        "Operating Income": NaN,
        "Operating Expense": NaN,
        "Research And Development": NaN,
        "Selling General And Administration": NaN,
        "General And Administrative Expense": NaN,
        "Other Gand A": NaN,
        "Total Revenue": NaN,
        "Operating Revenue": NaN
    },
    "2022-12-31": {
        "Tax Effect Of Unusual Items": 0.0,
        "Tax Rate For Calcs": 0.0,
        "Normalized EBITDA": -7624000.0,
        "Net Income From Continuing Operation Net Minority Interest": -7189000.0,
        "Reconciled Depreciation": 221000.0,
        "EBITDA": -7624000.0,
        "EBIT": -7845000.0,
        "Normalized Income": -7189000.0,
        "Net Income From Continuing And Discontinued Operation": -7189000.0,
        "Total Expenses": 7845000.0,
        "Total Operating Income As Reported": -7845000.0,
        "Diluted Average Shares": NaN,
        "Basic Average Shares": NaN,
        "Diluted EPS": NaN,
        "Basic EPS": NaN,
        "Diluted NI Availto Com Stockholders": -7189000.0,
        "Net Income Common Stockholders": -7189000.0,
        "Net Income": -7189000.0,
        "Net Income Including Noncontrolling Interests": -7189000.0,
        "Net Income Continuous Operations": -7189000.0,
        "Pretax Income": -7189000.0,
        "Other Income Expense": -165000.0,
        "Other Non Operating Income Expenses": NaN,
        "Operating Income": -7845000.0,
        "Operating Expense": 7845000.0,
        "Research And Development": 5700000.0,
        "Selling General And Administration": 1743000.0,
        "General And Administrative Expense": 1743000.0,
        "Other Gand A": -2958000.0,
        "Total Revenue": 0.0,
        "Operating Revenue": 0.0
    },
    "2022-09-30": {
        "Tax Effect Of Unusual Items": NaN,
        "Tax Rate For Calcs": NaN,
        "Normalized EBITDA": NaN,
        "Total Unusual Items": NaN,
        "Total Unusual Items Excluding Goodwill": NaN,
        "Net Income From Continuing Operation Net Minority Interest": NaN,
        "Reconciled Depreciation": NaN,
        "EBITDA": NaN,
        "EBIT": NaN,
        "Net Interest Income": NaN,
        "Normalized Income": NaN,
        "Net Income From Continuing And Discontinued Operation": NaN,
        "Total Expenses": NaN,
        "Total Operating Income As Reported": NaN,
        "Diluted Average Shares": 18391929.0,
        "Basic Average Shares": 18391929.0,
        "Diluted EPS": -0.31,
        "Basic EPS": -0.31,
        "Diluted NI Availto Com Stockholders": NaN,
        "Net Income Common Stockholders": NaN,
        "Net Income": NaN,
        "Net Income Including Noncontrolling Interests": NaN,
        "Net Income Continuous Operations": NaN,
        "Pretax Income": NaN,
        "Other Income Expense": NaN,
        "Other Non Operating Income Expenses": -56000.0,
        "Special Income Charges": NaN,
        "Gain On Sale Of Ppe": NaN,
        "Net Non Operating Interest Income Expense": NaN,
        "Total Other Finance Cost": NaN,
        "Operating Income": NaN,
        "Operating Expense": NaN,
        "Research And Development": NaN,
        "Selling General And Administration": NaN,
        "General And Administrative Expense": NaN,
        "Other Gand A": NaN,
        "Total Revenue": NaN,
        "Operating Revenue": NaN
    },
    "2022-06-30": {
        "Tax Effect Of Unusual Items": 0.0,
        "Tax Rate For Calcs": 0.0,
        "Normalized EBITDA": -5695000.0,
        "Net Income From Continuing Operation Net Minority Interest": -9913000.0,
        "Reconciled Depreciation": 176000.0,
        "EBITDA": -5695000.0,
        "EBIT": -5871000.0,
        "Normalized Income": -9913000.0,
        "Net Income From Continuing And Discontinued Operation": -9913000.0,
        "Total Expenses": 5871000.0,
        "Total Operating Income As Reported": -5871000.0,
        "Diluted Average Shares": 18375206.0,
        "Basic Average Shares": 18375206.0,
        "Diluted EPS": -0.54,
        "Basic EPS": -0.54,
        "Diluted NI Availto Com Stockholders": -9913000.0,
        "Net Income Common Stockholders": -9913000.0,
        "Net Income": -9913000.0,
        "Net Income Including Noncontrolling Interests": -9913000.0,
        "Net Income Continuous Operations": -9913000.0,
        "Pretax Income": -9913000.0,
        "Other Income Expense": -4042000.0,
        "Other Non Operating Income Expenses": -4042000.0,
        "Operating Income": -5871000.0,
        "Operating Expense": 5871000.0,
        "Research And Development": 4110000.0,
        "Selling General And Administration": 1761000.0,
        "General And Administrative Expense": 1761000.0,
        "Other Gand A": 1761000.0,
        "Total Revenue": 0.0,
        "Operating Revenue": 0.0
    },
    "2022-03-31": {
        "Diluted EPS": -0.45,
        "Total Revenue": NaN,
        "Gross Profit": NaN,
        "Operating Income": -6,
        "EBIT": -6,
        "Net Income": -8
    },
    "2021-12-31": {
        "Diluted EPS": -0.26,
        "Total Revenue": NaN,
        "Gross Profit": NaN,
        "Operating Income": -8,
        "EBIT": -8,
        "Net Income": -5
    },
    "2021-09-30": {
        "Diluted EPS": -0.19,
        "Total Revenue": NaN,
        "Gross Profit": NaN,
        "Operating Income": -4,
        "EBIT": -4,
        "Net Income": -3
    },
    "2021-06-30": {
        "Diluted EPS": -0.17,
        "Total Revenue": NaN,
        "Gross Profit": NaN,
        "Operating Income": -4,
        "EBIT": -4,
        "Net Income": -3
    },
    "2021-03-31": {
        "Diluted EPS": -0.19,
        "Total Revenue": NaN,
        "Gross Profit": NaN,
        "Operating Income": -4,
        "EBIT": -4,
        "Net Income": -3
    },
    "2020-12-31": {
        "Diluted EPS": -0.44,
        "Total Revenue": NaN,
        "Gross Profit": NaN,
        "Operating Income": -4,
        "EBIT": -4,
        "Net Income": -6
    },
    "2020-09-30": {
        "Diluted EPS": -0.16,
        "Total Revenue": NaN,
        "Gross Profit": NaN,
        "Operating Income": -2,
        "EBIT": -2,
        "Net Income": -2
    },
    "2020-06-30": {
        "Diluted EPS": -0.23,
        "Total Revenue": NaN,
        "Gross Profit": NaN,
        "Operating Income": -2,
        "EBIT": -2,
        "Net Income": -3
    },
    "2020-03-31": {
        "Diluted EPS": -0.07,
        "Total Revenue": NaN,
        "Gross Profit": NaN,
        "Operating Income": -2,
        "EBIT": -2,
        "Net Income": -1
    },
    "2019-12-31": {
        "Diluted EPS": 0.0,
        "Total Revenue": NaN,
        "Gross Profit": NaN,
        "Operating Income": -3,
        "EBIT": -3,
        "Net Income": -3
    },
    "2019-09-30": {
        "Diluted EPS": -0.23,
        "Total Revenue": NaN,
        "Gross Profit": NaN,
        "Operating Income": -2,
        "EBIT": -2,
        "Net Income": -2
    },
    "2019-06-30": {
        "Diluted EPS": -0.14,
        "Total Revenue": NaN,
        "Gross Profit": NaN,
        "Operating Income": -1,
        "EBIT": -1,
        "Net Income": -1
    },
    "2019-03-31": {
        "Diluted EPS": -0.74,
        "Total Revenue": NaN,
        "Gross Profit": NaN,
        "Operating Income": -2,
        "EBIT": -2,
        "Net Income": -3
    },
    "2018-12-31": {
        "Diluted EPS": -0.3,
        "Total Revenue": NaN,
        "Gross Profit": NaN,
        "Operating Income": -2,
        "EBIT": -2,
        "Net Income": -2
    },
    "2018-09-30": {
        "Diluted EPS": -0.35,
        "Total Revenue": NaN,
        "Gross Profit": NaN,
        "Operating Income": -1,
        "EBIT": -1,
        "Net Income": -1
    },
    "2018-06-30": {
        "Diluted EPS": 0.0,
        "Total Revenue": NaN,
        "Gross Profit": NaN,
        "Operating Income": NaN,
        "Net Income": NaN
    },
    "2018-03-31": {
        "Diluted EPS": -0.41,
        "Total Revenue": NaN,
        "Gross Profit": NaN,
        "Operating Income": -1,
        "EBIT": -1,
        "Net Income": -1
    },
    "2017-12-31": {
        "Diluted EPS": 9.54,
        "Total Revenue": NaN,
        "Gross Profit": NaN,
        "Operating Income": 3,
        "EBIT": 3,
        "Net Income": 2
    },
    "2017-09-30": {
        "Diluted EPS": -0.08,
        "Total Revenue": NaN,
        "Gross Profit": NaN,
        "Operating Income": 0,
        "EBIT": 0,
        "Net Income": 0
    },
    "2017-06-30": {
        "Diluted EPS": -4.0,
        "Total Revenue": NaN,
        "Gross Profit": NaN,
        "Operating Income": -2,
        "EBIT": -2,
        "Net Income": -2
    },
    "2017-03-31": {
        "Diluted EPS": -6.4,
        "Total Revenue": NaN,
        "Gross Profit": NaN,
        "Operating Income": -3,
        "EBIT": -3,
        "Net Income": -3
    },
    "2016-12-31": {
        "Diluted EPS": -7.28,
        "Total Revenue": NaN,
        "Gross Profit": NaN,
        "Operating Income": -3,
        "EBIT": -3,
        "Net Income": -3
    },
    "2016-09-30": {
        "Diluted EPS": -11.36,
        "Total Revenue": NaN,
        "Gross Profit": NaN,
        "Operating Income": -5,
        "EBIT": -5,
        "Net Income": -5
    },
    "2016-06-30": {
        "Diluted EPS": -8.8,
        "Total Revenue": NaN,
        "Gross Profit": NaN,
        "Operating Income": -4,
        "EBIT": -4,
        "Net Income": -4
    },
    "2016-03-31": {
        "Diluted EPS": -12.8,
        "Total Revenue": NaN,
        "Gross Profit": NaN,
        "Operating Income": -4,
        "EBIT": -4,
        "Net Income": -5
    },
    "2015-12-31": {
        "Diluted EPS": -13.6,
        "Total Revenue": NaN,
        "Gross Profit": NaN,
        "Operating Income": -5,
        "EBIT": -5,
        "Net Income": -5
    },
    "2015-09-30": {
        "Diluted EPS": -10.0,
        "Total Revenue": NaN,
        "Gross Profit": NaN,
        "Operating Income": -4,
        "EBIT": -4,
        "Net Income": -4
    },
    "2015-06-30": {
        "Diluted EPS": -10.4,
        "Total Revenue": NaN,
        "Gross Profit": NaN,
        "Operating Income": -4,
        "EBIT": -4,
        "Net Income": -4
    },
    "2015-03-31": {
        "Diluted EPS": -9.2,
        "Total Revenue": NaN,
        "Gross Profit": NaN,
        "Operating Income": -3,
        "EBIT": -3,
        "Net Income": -3
    },
    "2014-12-31": {
        "Diluted EPS": -10.0,
        "Total Revenue": NaN,
        "Gross Profit": NaN,
        "Operating Income": -3,
        "EBIT": -3,
        "Net Income": -3
    },
    "2014-09-30": {
        "Diluted EPS": -6.4,
        "Total Revenue": NaN,
        "Gross Profit": NaN,
        "Operating Income": -2,
        "EBIT": -2,
        "Net Income": -2
    },
    "2014-06-30": {
        "Diluted EPS": -4.0,
        "Total Revenue": NaN,
        "Gross Profit": NaN,
        "Operating Income": -1,
        "EBIT": -1,
        "Net Income": -1
    },
    "2014-03-31": {
        "Diluted EPS": -2.4,
        "Total Revenue": NaN,
        "Gross Profit": NaN,
        "Operating Income": -1,
        "EBIT": -1,
        "Net Income": -1
    },
    "2013-12-31": {
        "Diluted EPS": 0.0,
        "Total Revenue": NaN,
        "Gross Profit": NaN,
        "Operating Income": NaN,
        "EBIT": NaN,
        "Net Income": NaN
    },
    "2013-09-30": {
        "Diluted EPS": -0.8,
        "Total Revenue": NaN,
        "Gross Profit": NaN,
        "Operating Income": 0,
        "EBIT": 0,
        "Net Income": 0
    },
    "2013-06-30": {
        "Diluted EPS": -0.8,
        "Total Revenue": NaN,
        "Gross Profit": NaN,
        "Operating Income": 0,
        "EBIT": 0,
        "Net Income": 0
    },
    "2012-12-31": {
        "Diluted EPS": 0.0,
        "Total Revenue": NaN,
        "Gross Profit": NaN,
        "Operating Income": NaN,
        "EBIT": NaN,
        "Net Income": NaN
    },
    "2023-06-30": {
        "Tax Effect Of Unusual Items": 0.0,
        "Tax Rate For Calcs": 0.0,
        "Normalized EBITDA": -6437000.0,
        "Total Unusual Items": NaN,
        "Total Unusual Items Excluding Goodwill": NaN,
        "Net Income From Continuing Operation Net Minority Interest": -6792000.0,
        "Reconciled Depreciation": 212000.0,
        "EBITDA": -6437000.0,
        "EBIT": -6649000.0,
        "Net Interest Income": NaN,
        "Normalized Income": -6792000.0,
        "Net Income From Continuing And Discontinued Operation": -6792000.0,
        "Total Expenses": 6649000.0,
        "Total Operating Income As Reported": -6649000.0,
        "Diluted Average Shares": 18584801.0,
        "Basic Average Shares": 18584801.0,
        "Diluted EPS": -0.37,
        "Basic EPS": -0.37,
        "Diluted NI Availto Com Stockholders": -6792000.0,
        "Net Income Common Stockholders": -6792000.0,
        "Net Income": -6792000.0,
        "Net Income Including Noncontrolling Interests": -6792000.0,
        "Net Income Continuous Operations": -6792000.0,
        "Pretax Income": -6792000.0,
        "Other Income Expense": -143000.0,
        "Other Non Operating Income Expenses": -143000.0,
        "Special Income Charges": NaN,
        "Gain On Sale Of Ppe": NaN,
        "Net Non Operating Interest Income Expense": NaN,
        "Total Other Finance Cost": NaN,
        "Operating Income": -6649000.0,
        "Operating Expense": 6649000.0,
        "Research And Development": 5035000.0,
        "Selling General And Administration": 1614000.0,
        "General And Administrative Expense": 1614000.0,
        "Other Gand A": 1614000.0,
        "Total Revenue": 0.0,
        "Operating Revenue": 0.0
    },
    "2023-09-30": {
        "Tax Effect Of Unusual Items": 0.0,
        "Tax Rate For Calcs": 0.0,
        "Normalized EBITDA": -5414000.0,
        "Total Unusual Items": NaN,
        "Total Unusual Items Excluding Goodwill": NaN,
        "Net Income From Continuing Operation Net Minority Interest": -5963000.0,
        "Reconciled Depreciation": 214000.0,
        "EBITDA": -5414000.0,
        "EBIT": -5628000.0,
        "Net Interest Income": NaN,
        "Normalized Income": -5963000.0,
        "Net Income From Continuing And Discontinued Operation": -5963000.0,
        "Total Expenses": 5628000.0,
        "Total Operating Income As Reported": -5628000.0,
        "Diluted Average Shares": 18597313.0,
        "Basic Average Shares": 18597313.0,
        "Diluted EPS": -0.32,
        "Basic EPS": -0.32,
        "Diluted NI Availto Com Stockholders": -5963000.0,
        "Net Income Common Stockholders": -5963000.0,
        "Net Income": -5963000.0,
        "Net Income Including Noncontrolling Interests": -5963000.0,
        "Net Income Continuous Operations": -5963000.0,
        "Pretax Income": -5963000.0,
        "Other Income Expense": -335000.0,
        "Other Non Operating Income Expenses": -335000.0,
        "Special Income Charges": NaN,
        "Gain On Sale Of Ppe": NaN,
        "Net Non Operating Interest Income Expense": NaN,
        "Total Other Finance Cost": NaN,
        "Operating Income": -5628000.0,
        "Operating Expense": 5628000.0,
        "Research And Development": 4349000.0,
        "Selling General And Administration": 1279000.0,
        "General And Administrative Expense": 1279000.0,
        "Other Gand A": 1279000.0,
        "Total Revenue": 0.0,
        "Operating Revenue": 0.0
    },
    "2023-12-31": {
        "Tax Effect Of Unusual Items": 0.0,
        "Tax Rate For Calcs": 0.0,
        "Normalized EBITDA": -5891000.0,
        "Total Unusual Items": NaN,
        "Total Unusual Items Excluding Goodwill": NaN,
        "Net Income From Continuing Operation Net Minority Interest": -9095000.0,
        "Reconciled Depreciation": 200000.0,
        "EBITDA": -5891000.0,
        "EBIT": -6091000.0,
        "Net Interest Income": NaN,
        "Normalized Income": -9095000.0,
        "Net Income From Continuing And Discontinued Operation": -9095000.0,
        "Total Expenses": 6091000.0,
        "Total Operating Income As Reported": -10335000.0,
        "Diluted Average Shares": NaN,
        "Basic Average Shares": NaN,
        "Diluted EPS": NaN,
        "Basic EPS": NaN,
        "Diluted NI Availto Com Stockholders": -9095000.0,
        "Net Income Common Stockholders": -9095000.0,
        "Net Income": -9095000.0,
        "Net Income Including Noncontrolling Interests": -9095000.0,
        "Net Income Continuous Operations": -9095000.0,
        "Pretax Income": -9095000.0,
        "Other Income Expense": -4555000.0,
        "Other Non Operating Income Expenses": NaN,
        "Special Income Charges": NaN,
        "Gain On Sale Of Ppe": NaN,
        "Net Non Operating Interest Income Expense": NaN,
        "Total Other Finance Cost": NaN,
        "Operating Income": -6091000.0,
        "Operating Expense": 6091000.0,
        "Research And Development": 4452000.0,
        "Selling General And Administration": 733000.0,
        "General And Administrative Expense": 733000.0,
        "Other Gand A": -3060000.0,
        "Total Revenue": 0.0,
        "Operating Revenue": 0.0
    },
    "2024-03-31": {
        "Tax Effect Of Unusual Items": 0.0,
        "Tax Rate For Calcs": 0.0,
        "Normalized EBITDA": -3561000.0,
        "Total Unusual Items": -201000.0,
        "Total Unusual Items Excluding Goodwill": -201000.0,
        "Net Income From Continuing Operation Net Minority Interest": -4140000.0,
        "Reconciled Depreciation": 188000.0,
        "EBITDA": -3762000.0,
        "EBIT": -3950000.0,
        "Net Interest Income": 11000.0,
        "Normalized Income": -3939000.0,
        "Net Income From Continuing And Discontinued Operation": -4140000.0,
        "Total Expenses": 3950000.0,
        "Total Operating Income As Reported": -4151000.0,
        "Diluted Average Shares": 18727037.0,
        "Basic Average Shares": 18727037.0,
        "Diluted EPS": -0.22,
        "Basic EPS": -0.22,
        "Diluted NI Availto Com Stockholders": -4140000.0,
        "Net Income Common Stockholders": -4140000.0,
        "Net Income": -4140000.0,
        "Net Income Including Noncontrolling Interests": -4140000.0,
        "Net Income Continuous Operations": -4140000.0,
        "Pretax Income": -4140000.0,
        "Other Income Expense": -201000.0,
        "Other Non Operating Income Expenses": NaN,
        "Special Income Charges": -201000.0,
        "Gain On Sale Of Ppe": -201000.0,
        "Net Non Operating Interest Income Expense": 11000.0,
        "Total Other Finance Cost": -11000.0,
        "Operating Income": -3950000.0,
        "Operating Expense": 3950000.0,
        "Research And Development": 2857000.0,
        "Selling General And Administration": 1093000.0,
        "General And Administrative Expense": 1093000.0,
        "Other Gand A": 1093000.0,
        "Total Revenue": 0.0,
        "Operating Revenue": 0.0
    },
    "2024-06-30": {
        "Tax Effect Of Unusual Items": 0.0,
        "Tax Rate For Calcs": 0.0,
        "Normalized EBITDA": -2826000.0,
        "Total Unusual Items": 0.0,
        "Total Unusual Items Excluding Goodwill": 0.0,
        "Net Income From Continuing Operation Net Minority Interest": -3096000.0,
        "Reconciled Depreciation": 160000.0,
        "EBITDA": -2826000.0,
        "EBIT": -2986000.0,
        "Net Interest Income": -110000.0,
        "Normalized Income": -3096000.0,
        "Net Income From Continuing And Discontinued Operation": -3096000.0,
        "Total Expenses": 2986000.0,
        "Total Operating Income As Reported": -2986000.0,
        "Diluted Average Shares": NaN,
        "Basic Average Shares": NaN,
        "Diluted EPS": NaN,
        "Basic EPS": NaN,
        "Diluted NI Availto Com Stockholders": -3096000.0,
        "Net Income Common Stockholders": -3096000.0,
        "Net Income": -3096000.0,
        "Net Income Including Noncontrolling Interests": -3096000.0,
        "Net Income Continuous Operations": -3096000.0,
        "Pretax Income": -3096000.0,
        "Other Income Expense": NaN,
        "Other Non Operating Income Expenses": NaN,
        "Special Income Charges": 0.0,
        "Gain On Sale Of Ppe": 0.0,
        "Net Non Operating Interest Income Expense": -110000.0,
        "Total Other Finance Cost": 110000.0,
        "Operating Income": -2986000.0,
        "Operating Expense": 2986000.0,
        "Research And Development": 1999000.0,
        "Selling General And Administration": 987000.0,
        "General And Administrative Expense": 987000.0,
        "Other Gand A": 987000.0,
        "Total Revenue": 0.0,
        "Operating Revenue": 0.0
    }
}