{
    "2023-12-31": {
        "Tax Effect Of Unusual Items": 0.0,
        "Tax Rate For Calcs": 0.0,
        "Normalized EBITDA": -4086573.0,
        "Net Income From Continuing Operation Net Minority Interest": -4100940.0,
        "Reconciled Depreciation": 7319.0,
        "EBITDA": -4086573.0,
        "EBIT": -4093892.0,
        "Net Interest Income": -6824.0,
        "Interest Expense": 7048.0,
        "Interest Income": 224.0,
        "Normalized Income": -4100940.0,
        "Net Income From Continuing And Discontinued Operation": -4100940.0,
        "Total Expenses": 4093621.0,
        "Total Operating Income As Reported": -4093621.0,
        "Diluted Average Shares": NaN,
        "Basic Average Shares": NaN,
        "Diluted EPS": NaN,
        "Basic EPS": NaN,
        "Diluted NI Availto Com Stockholders": -4178021.0,
        "Average Dilution Earnings": NaN,
        "Net Income Common Stockholders": -4178021.0,
        "Otherunder Preferred Stock Dividend": 0.0,
        "Preferred Stock Dividends": 77081.0,
        "Net Income": -4100940.0,
        "Net Income Including Noncontrolling Interests": -4100940.0,
        "Net Income Discontinuous Operations": NaN,
        "Net Income Continuous Operations": -4100940.0,
        "Tax Provision": NaN,
        "Pretax Income": -4100940.0,
        "Other Income Expense": -495.0,
        "Other Non Operating Income Expenses": -495.0,
        "Net Non Operating Interest Income Expense": -6824.0,
        "Interest Expense Non Operating": 7048.0,
        "Interest Income Non Operating": 224.0,
        "Operating Income": -4093621.0,
        "Operating Expense": 4093621.0,
        "Research And Development": 1307385.0,
        "Selling General And Administration": 2786236.0,
        "General And Administrative Expense": 2786236.0,
        "Other Gand A": 2786236.0,
        "Total Revenue": 0.0,
        "Operating Revenue": 0.0
    },
    "2023-09-30": {
        "Tax Effect Of Unusual Items": 0.0,
        "Tax Rate For Calcs": 0.0,
        "Normalized EBITDA": -3425590.0,
        "Net Income From Continuing Operation Net Minority Interest": -3434158.0,
        "Reconciled Depreciation": 7318.0,
        "EBITDA": -3425590.0,
        "EBIT": -3432908.0,
        "Net Interest Income": -1021.0,
        "Interest Expense": 1250.0,
        "Interest Income": 229.0,
        "Normalized Income": -3434158.0,
        "Net Income From Continuing And Discontinued Operation": -3434158.0,
        "Total Expenses": 3433137.0,
        "Total Operating Income As Reported": -3433137.0,
        "Diluted Average Shares": 378300.0,
        "Basic Average Shares": 378300.0,
        "Diluted EPS": -9.2,
        "Basic EPS": -9.2,
        "Diluted NI Availto Com Stockholders": -3483450.0,
        "Average Dilution Earnings": NaN,
        "Net Income Common Stockholders": -3483450.0,
        "Otherunder Preferred Stock Dividend": 0.0,
        "Preferred Stock Dividends": 49292.0,
        "Net Income": -3434158.0,
        "Net Income Including Noncontrolling Interests": -3434158.0,
        "Net Income Discontinuous Operations": NaN,
        "Net Income Continuous Operations": -3434158.0,
        "Tax Provision": NaN,
        "Pretax Income": -3434158.0,
        "Other Income Expense": NaN,
        "Other Non Operating Income Expenses": NaN,
        "Net Non Operating Interest Income Expense": -1021.0,
        "Interest Expense Non Operating": 1250.0,
        "Interest Income Non Operating": 229.0,
        "Operating Income": -3433137.0,
        "Operating Expense": 3433137.0,
        "Research And Development": 1011055.0,
        "Selling General And Administration": 2422082.0,
        "General And Administrative Expense": 2422082.0,
        "Other Gand A": 2422082.0,
        "Total Revenue": 0.0,
        "Operating Revenue": 0.0
    },
    "2023-06-30": {
        "Tax Effect Of Unusual Items": 0.0,
        "Tax Rate For Calcs": 0.0,
        "Normalized EBITDA": -4176940.0,
        "Net Income From Continuing Operation Net Minority Interest": -4189232.0,
        "Reconciled Depreciation": 7319.0,
        "EBITDA": -4176940.0,
        "EBIT": -4184259.0,
        "Net Interest Income": -4973.0,
        "Interest Expense": 4973.0,
        "Interest Income": 205.0,
        "Normalized Income": -4189232.0,
        "Net Income From Continuing And Discontinued Operation": -4189232.0,
        "Total Expenses": 4181644.0,
        "Total Operating Income As Reported": -4181644.0,
        "Diluted Average Shares": 113546.0,
        "Basic Average Shares": 113546.0,
        "Diluted EPS": -37.73,
        "Basic EPS": -37.73,
        "Diluted NI Availto Com Stockholders": -4283556.0,
        "Average Dilution Earnings": NaN,
        "Net Income Common Stockholders": -4283556.0,
        "Otherunder Preferred Stock Dividend": 0.0,
        "Preferred Stock Dividends": 94324.0,
        "Net Income": -4189232.0,
        "Net Income Including Noncontrolling Interests": -4189232.0,
        "Net Income Discontinuous Operations": 0.0,
        "Net Income Continuous Operations": -4189232.0,
        "Tax Provision": 0.0,
        "Pretax Income": -4189232.0,
        "Other Income Expense": -2615.0,
        "Other Non Operating Income Expenses": -2615.0,
        "Net Non Operating Interest Income Expense": -4973.0,
        "Interest Expense Non Operating": 4973.0,
        "Interest Income Non Operating": 205.0,
        "Operating Income": -4181644.0,
        "Operating Expense": 4181644.0,
        "Research And Development": 1353095.0,
        "Selling General And Administration": 2828549.0,
        "General And Administrative Expense": 2828549.0,
        "Other Gand A": 2828549.0,
        "Total Revenue": 0.0,
        "Operating Revenue": 0.0
    },
    "2023-03-31": {
        "Tax Effect Of Unusual Items": NaN,
        "Tax Rate For Calcs": NaN,
        "Normalized EBITDA": NaN,
        "Net Income From Continuing Operation Net Minority Interest": NaN,
        "Reconciled Depreciation": NaN,
        "EBITDA": NaN,
        "EBIT": NaN,
        "Net Interest Income": NaN,
        "Interest Expense": 8987.0,
        "Interest Income": NaN,
        "Normalized Income": NaN,
        "Net Income From Continuing And Discontinued Operation": NaN,
        "Total Expenses": NaN,
        "Total Operating Income As Reported": NaN,
        "Diluted Average Shares": 114033.0,
        "Basic Average Shares": 114033.0,
        "Diluted EPS": -36.46,
        "Basic EPS": -36.46,
        "Diluted NI Availto Com Stockholders": NaN,
        "Average Dilution Earnings": NaN,
        "Net Income Common Stockholders": NaN,
        "Otherunder Preferred Stock Dividend": NaN,
        "Preferred Stock Dividends": NaN,
        "Net Income": NaN,
        "Net Income Including Noncontrolling Interests": NaN,
        "Net Income Discontinuous Operations": NaN,
        "Net Income Continuous Operations": NaN,
        "Tax Provision": 0.0,
        "Pretax Income": NaN,
        "Other Income Expense": -1114.0,
        "Other Non Operating Income Expenses": -1114.0,
        "Net Non Operating Interest Income Expense": NaN,
        "Interest Expense Non Operating": 8987.0,
        "Interest Income Non Operating": NaN,
        "Operating Income": NaN,
        "Operating Expense": NaN,
        "Research And Development": NaN,
        "Selling General And Administration": NaN,
        "General And Administrative Expense": NaN,
        "Other Gand A": NaN,
        "Total Revenue": NaN,
        "Operating Revenue": NaN
    },
    "2024-03-31": {
        "Tax Effect Of Unusual Items": 0.0,
        "Tax Rate For Calcs": 0.21,
        "Normalized EBITDA": -9213786.0,
        "Net Income From Continuing Operation Net Minority Interest": 5567606.0,
        "Reconciled Depreciation": 12293.0,
        "EBITDA": -9213786.0,
        "EBIT": -9226079.0,
        "Net Interest Income": -65974.0,
        "Interest Expense": 66202.0,
        "Interest Income": 228.0,
        "Normalized Income": 5567606.0,
        "Net Income From Continuing And Discontinued Operation": 5567606.0,
        "Total Expenses": 9225654.0,
        "Total Operating Income As Reported": -9225654.0,
        "Diluted Average Shares": 14511461.0,
        "Basic Average Shares": 1761953.0,
        "Diluted EPS": 0.38,
        "Basic EPS": 3.12,
        "Diluted NI Availto Com Stockholders": 5567606.0,
        "Average Dilution Earnings": 66144.0,
        "Net Income Common Stockholders": 5501462.0,
        "Otherunder Preferred Stock Dividend": NaN,
        "Preferred Stock Dividends": 66144.0,
        "Net Income": 5567606.0,
        "Net Income Including Noncontrolling Interests": 5567606.0,
        "Net Income Discontinuous Operations": NaN,
        "Net Income Continuous Operations": 5567606.0,
        "Tax Provision": -14859887.0,
        "Pretax Income": -9292281.0,
        "Other Income Expense": -653.0,
        "Other Non Operating Income Expenses": -653.0,
        "Net Non Operating Interest Income Expense": -65974.0,
        "Interest Expense Non Operating": 66202.0,
        "Interest Income Non Operating": 228.0,
        "Operating Income": -9225654.0,
        "Operating Expense": 9225654.0,
        "Research And Development": 565962.0,
        "Selling General And Administration": 8659692.0,
        "General And Administrative Expense": 8659692.0,
        "Other Gand A": 8659692.0,
        "Total Revenue": 0.0,
        "Operating Revenue": 0.0
    },
    "2022-12-31": {
        "Tax Effect Of Unusual Items": NaN,
        "Tax Rate For Calcs": NaN,
        "Normalized EBITDA": NaN,
        "Net Income From Continuing Operation Net Minority Interest": NaN,
        "Reconciled Depreciation": NaN,
        "EBITDA": NaN,
        "EBIT": NaN,
        "Net Interest Income": NaN,
        "Interest Expense": NaN,
        "Interest Income": NaN,
        "Normalized Income": NaN,
        "Net Income From Continuing And Discontinued Operation": NaN,
        "Total Expenses": NaN,
        "Total Operating Income As Reported": NaN,
        "Diluted Average Shares": NaN,
        "Basic Average Shares": NaN,
        "Diluted EPS": NaN,
        "Basic EPS": NaN,
        "Diluted NI Availto Com Stockholders": NaN,
        "Average Dilution Earnings": NaN,
        "Net Income Common Stockholders": NaN,
        "Otherunder Preferred Stock Dividend": 0.0,
        "Preferred Stock Dividends": NaN,
        "Net Income": NaN,
        "Net Income Including Noncontrolling Interests": NaN,
        "Net Income Continuous Operations": NaN,
        "Tax Provision": NaN,
        "Pretax Income": NaN,
        "Other Income Expense": -1704811.0,
        "Other Non Operating Income Expenses": 6560.0,
        "Net Non Operating Interest Income Expense": NaN,
        "Interest Expense Non Operating": NaN,
        "Interest Income Non Operating": NaN,
        "Operating Income": NaN,
        "Operating Expense": NaN,
        "Research And Development": NaN,
        "Selling General And Administration": NaN,
        "General And Administrative Expense": NaN,
        "Other Gand A": NaN,
        "Total Revenue": NaN,
        "Operating Revenue": NaN
    },
    "2022-09-30": {
        "Tax Effect Of Unusual Items": NaN,
        "Tax Rate For Calcs": NaN,
        "Normalized EBITDA": NaN,
        "Net Income From Continuing Operation Net Minority Interest": NaN,
        "Reconciled Depreciation": NaN,
        "EBITDA": NaN,
        "EBIT": NaN,
        "Net Interest Income": NaN,
        "Interest Expense": NaN,
        "Interest Income": NaN,
        "Normalized Income": NaN,
        "Net Income From Continuing And Discontinued Operation": NaN,
        "Total Expenses": NaN,
        "Total Operating Income As Reported": NaN,
        "Diluted Average Shares": 11612.0,
        "Basic Average Shares": 11438.0,
        "Diluted EPS": 364.6,
        "Basic EPS": 370.2,
        "Diluted NI Availto Com Stockholders": NaN,
        "Average Dilution Earnings": NaN,
        "Net Income Common Stockholders": NaN,
        "Otherunder Preferred Stock Dividend": 47300.0,
        "Preferred Stock Dividends": NaN,
        "Net Income": NaN,
        "Net Income Including Noncontrolling Interests": NaN,
        "Net Income Continuous Operations": NaN,
        "Tax Provision": NaN,
        "Pretax Income": NaN,
        "Other Income Expense": NaN,
        "Other Non Operating Income Expenses": NaN,
        "Net Non Operating Interest Income Expense": NaN,
        "Interest Expense Non Operating": NaN,
        "Interest Income Non Operating": NaN,
        "Operating Income": NaN,
        "Operating Expense": NaN,
        "Research And Development": NaN,
        "Selling General And Administration": NaN,
        "General And Administrative Expense": NaN,
        "Other Gand A": NaN,
        "Total Revenue": NaN,
        "Operating Revenue": NaN
    },
    "2024-06-30": {
        "Tax Effect Of Unusual Items": 0.0,
        "Tax Rate For Calcs": 0.21,
        "Normalized EBITDA": -3390791.0,
        "Net Income From Continuing Operation Net Minority Interest": -7685469.0,
        "Reconciled Depreciation": 35317.0,
        "EBITDA": -3390791.0,
        "EBIT": -3426108.0,
        "Net Interest Income": 218.0,
        "Interest Expense": NaN,
        "Interest Income": 218.0,
        "Normalized Income": -7685469.0,
        "Net Income From Continuing And Discontinued Operation": -8807702.0,
        "Total Expenses": 3426108.0,
        "Total Operating Income As Reported": -3426108.0,
        "Diluted Average Shares": 2294208.0,
        "Basic Average Shares": 2294208.0,
        "Diluted EPS": -3.86,
        "Basic EPS": -3.86,
        "Diluted NI Availto Com Stockholders": -8845760.0,
        "Average Dilution Earnings": NaN,
        "Net Income Common Stockholders": -8845760.0,
        "Otherunder Preferred Stock Dividend": NaN,
        "Preferred Stock Dividends": 38058.0,
        "Net Income": -8807702.0,
        "Net Income Including Noncontrolling Interests": -8807702.0,
        "Net Income Discontinuous Operations": -1122233.0,
        "Net Income Continuous Operations": -7685469.0,
        "Tax Provision": 4255247.0,
        "Pretax Income": -3430222.0,
        "Other Income Expense": -4332.0,
        "Other Non Operating Income Expenses": -4332.0,
        "Net Non Operating Interest Income Expense": 218.0,
        "Interest Expense Non Operating": NaN,
        "Interest Income Non Operating": 218.0,
        "Operating Income": -3426108.0,
        "Operating Expense": 3426108.0,
        "Research And Development": 219591.0,
        "Selling General And Administration": 3206517.0,
        "General And Administrative Expense": 3206517.0,
        "Other Gand A": 3206517.0,
        "Total Revenue": 0.0,
        "Operating Revenue": 0.0
    }
}