{
    "2023-03-31": {
        "Tax Effect Of Unusual Items": NaN,
        "Tax Rate For Calcs": NaN,
        "Normalized EBITDA": NaN,
        "Net Income From Continuing Operation Net Minority Interest": NaN,
        "Reconciled Depreciation": NaN,
        "Reconciled Cost Of Revenue": NaN,
        "EBITDA": NaN,
        "EBIT": NaN,
        "Net Interest Income": NaN,
        "Interest Income": 22000.0,
        "Normalized Income": NaN,
        "Net Income From Continuing And Discontinued Operation": NaN,
        "Total Expenses": NaN,
        "Total Operating Income As Reported": NaN,
        "Diluted Average Shares": NaN,
        "Basic Average Shares": NaN,
        "Diluted EPS": NaN,
        "Basic EPS": NaN,
        "Diluted NI Availto Com Stockholders": NaN,
        "Net Income Common Stockholders": NaN,
        "Net Income": NaN,
        "Net Income Including Noncontrolling Interests": NaN,
        "Net Income Continuous Operations": NaN,
        "Tax Provision": 0.0,
        "Pretax Income": NaN,
        "Net Non Operating Interest Income Expense": NaN,
        "Total Other Finance Cost": NaN,
        "Interest Income Non Operating": 22000.0,
        "Operating Income": NaN,
        "Operating Expense": NaN,
        "Other Operating Expenses": -13000.0,
        "Research And Development": NaN,
        "Selling General And Administration": NaN,
        "General And Administrative Expense": NaN,
        "Other Gand A": NaN,
        "Gross Profit": NaN,
        "Cost Of Revenue": NaN,
        "Total Revenue": NaN,
        "Operating Revenue": NaN
    },
    "2022-12-31": {
        "Tax Effect Of Unusual Items": NaN,
        "Tax Rate For Calcs": NaN,
        "Normalized EBITDA": NaN,
        "Net Income From Continuing Operation Net Minority Interest": NaN,
        "Reconciled Depreciation": NaN,
        "Reconciled Cost Of Revenue": NaN,
        "EBITDA": NaN,
        "EBIT": NaN,
        "Net Interest Income": NaN,
        "Interest Income": NaN,
        "Normalized Income": NaN,
        "Net Income From Continuing And Discontinued Operation": NaN,
        "Total Expenses": NaN,
        "Total Operating Income As Reported": NaN,
        "Diluted Average Shares": NaN,
        "Basic Average Shares": NaN,
        "Diluted EPS": NaN,
        "Basic EPS": NaN,
        "Diluted NI Availto Com Stockholders": NaN,
        "Net Income Common Stockholders": NaN,
        "Net Income": NaN,
        "Net Income Including Noncontrolling Interests": NaN,
        "Net Income Continuous Operations": NaN,
        "Tax Provision": 320000.0,
        "Pretax Income": NaN,
        "Net Non Operating Interest Income Expense": NaN,
        "Total Other Finance Cost": -179000.0,
        "Interest Income Non Operating": NaN,
        "Operating Income": NaN,
        "Operating Expense": NaN,
        "Other Operating Expenses": -18000.0,
        "Research And Development": NaN,
        "Selling General And Administration": NaN,
        "General And Administrative Expense": NaN,
        "Other Gand A": NaN,
        "Gross Profit": NaN,
        "Cost Of Revenue": NaN,
        "Total Revenue": NaN,
        "Operating Revenue": NaN
    },
    "2022-09-30": {
        "Tax Effect Of Unusual Items": NaN,
        "Tax Rate For Calcs": NaN,
        "Normalized EBITDA": NaN,
        "Net Income From Continuing Operation Net Minority Interest": NaN,
        "Reconciled Depreciation": NaN,
        "Reconciled Cost Of Revenue": NaN,
        "EBITDA": NaN,
        "EBIT": NaN,
        "Net Interest Income": NaN,
        "Interest Income": NaN,
        "Normalized Income": NaN,
        "Net Income From Continuing And Discontinued Operation": NaN,
        "Total Expenses": NaN,
        "Total Operating Income As Reported": NaN,
        "Diluted Average Shares": 28809922.0,
        "Basic Average Shares": 28809922.0,
        "Diluted EPS": -0.11,
        "Basic EPS": -0.11,
        "Diluted NI Availto Com Stockholders": NaN,
        "Net Income Common Stockholders": NaN,
        "Net Income": NaN,
        "Net Income Including Noncontrolling Interests": NaN,
        "Net Income Continuous Operations": NaN,
        "Tax Provision": NaN,
        "Pretax Income": NaN,
        "Net Non Operating Interest Income Expense": NaN,
        "Total Other Finance Cost": 8000.0,
        "Interest Income Non Operating": NaN,
        "Operating Income": NaN,
        "Operating Expense": NaN,
        "Other Operating Expenses": NaN,
        "Research And Development": NaN,
        "Selling General And Administration": NaN,
        "General And Administrative Expense": NaN,
        "Other Gand A": NaN,
        "Gross Profit": NaN,
        "Cost Of Revenue": NaN,
        "Total Revenue": NaN,
        "Operating Revenue": NaN
    },
    "2022-06-30": {
        "Tax Effect Of Unusual Items": 0.0,
        "Tax Rate For Calcs": 0.001254,
        "Normalized EBITDA": -3233000.0,
        "Net Income From Continuing Operation Net Minority Interest": -3185000.0,
        "Reconciled Depreciation": 16000.0,
        "Reconciled Cost Of Revenue": 33000.0,
        "EBITDA": -3233000.0,
        "EBIT": -3249000.0,
        "Net Interest Income": 60000.0,
        "Interest Income": NaN,
        "Normalized Income": -3185000.0,
        "Net Income From Continuing And Discontinued Operation": -3185000.0,
        "Total Expenses": 3293000.0,
        "Total Operating Income As Reported": -3249000.0,
        "Diluted Average Shares": 28808023.0,
        "Basic Average Shares": 28808023.0,
        "Diluted EPS": -0.11,
        "Basic EPS": -0.11,
        "Diluted NI Availto Com Stockholders": -3185000.0,
        "Net Income Common Stockholders": -3185000.0,
        "Net Income": -3185000.0,
        "Net Income Including Noncontrolling Interests": -3185000.0,
        "Net Income Continuous Operations": -3185000.0,
        "Tax Provision": -4000.0,
        "Pretax Income": -3189000.0,
        "Net Non Operating Interest Income Expense": 60000.0,
        "Total Other Finance Cost": -60000.0,
        "Interest Income Non Operating": NaN,
        "Operating Income": -3249000.0,
        "Operating Expense": 3260000.0,
        "Other Operating Expenses": -14000.0,
        "Research And Development": 1394000.0,
        "Selling General And Administration": 1880000.0,
        "General And Administrative Expense": 1880000.0,
        "Other Gand A": 1880000.0,
        "Gross Profit": 11000.0,
        "Cost Of Revenue": 33000.0,
        "Total Revenue": 44000.0,
        "Operating Revenue": 44000.0
    },
    "2022-03-31": {
        "Diluted EPS": -0.13,
        "Total Revenue": 0,
        "Gross Profit": 0,
        "Operating Income": -4,
        "EBIT": -4,
        "Net Income": -4
    },
    "2021-12-31": {
        "Diluted EPS": -0.16,
        "Total Revenue": 0,
        "Gross Profit": 0,
        "Operating Income": -4,
        "EBIT": -4,
        "Net Income": -4
    },
    "2021-09-30": {
        "Diluted EPS": -0.11,
        "Total Revenue": 0,
        "Gross Profit": 0,
        "Operating Income": -3,
        "EBIT": -3,
        "Net Income": -3
    },
    "2021-06-30": {
        "Diluted EPS": -0.1,
        "Total Revenue": 0,
        "Gross Profit": 0,
        "Operating Income": -3,
        "EBIT": -3,
        "Net Income": -3
    },
    "2021-03-31": {
        "Diluted EPS": -0.1,
        "Total Revenue": 0,
        "Gross Profit": 0,
        "Operating Income": -2,
        "EBIT": -2,
        "Net Income": -2
    },
    "2020-12-31": {
        "Diluted EPS": -0.25,
        "Total Revenue": 0,
        "Gross Profit": 0,
        "Operating Income": -2,
        "EBIT": -2,
        "Net Income": -3
    },
    "2020-09-30": {
        "Diluted EPS": -0.09,
        "Total Revenue": 0,
        "Gross Profit": 0,
        "Operating Income": -2,
        "EBIT": -2,
        "Net Income": -2
    },
    "2020-06-30": {
        "Diluted EPS": -0.17,
        "Total Revenue": 0,
        "Gross Profit": 0,
        "Operating Income": -4,
        "EBIT": -3,
        "Net Income": -3
    },
    "2020-03-31": {
        "Diluted EPS": -0.16,
        "Total Revenue": 0,
        "Gross Profit": NaN,
        "Operating Income": -3,
        "EBIT": -3,
        "Net Income": -3
    },
    "2019-12-31": {
        "Diluted EPS": -0.26,
        "Total Revenue": 0,
        "Gross Profit": 0,
        "Operating Income": -3,
        "EBIT": -3,
        "Net Income": -3
    },
    "2019-09-30": {
        "Diluted EPS": -0.25,
        "Total Revenue": 0,
        "Gross Profit": 0,
        "Operating Income": -3,
        "EBIT": -3,
        "Net Income": -3
    },
    "2019-06-30": {
        "Diluted EPS": -0.12,
        "Total Revenue": 0,
        "Gross Profit": 0,
        "Operating Income": -2,
        "EBIT": -2,
        "Net Income": -1
    },
    "2019-03-31": {
        "Diluted EPS": -0.26,
        "Total Revenue": NaN,
        "Gross Profit": NaN,
        "Operating Income": -3,
        "EBIT": -3,
        "Net Income": -3
    },
    "2018-12-31": {
        "Diluted EPS": -0.17,
        "Total Revenue": 1,
        "Gross Profit": 1,
        "Operating Income": -2,
        "EBIT": -2,
        "Net Income": -3
    },
    "2018-09-30": {
        "Diluted EPS": -0.45,
        "Total Revenue": NaN,
        "Gross Profit": NaN,
        "Operating Income": -3,
        "EBIT": -3,
        "Net Income": -5
    },
    "2018-06-30": {
        "Diluted EPS": -0.11,
        "Total Revenue": NaN,
        "Gross Profit": NaN,
        "Operating Income": -1,
        "EBIT": -1,
        "Net Income": 2
    },
    "2018-03-31": {
        "Diluted EPS": -0.93,
        "Total Revenue": NaN,
        "Gross Profit": NaN,
        "Operating Income": -4,
        "EBIT": -4,
        "Net Income": -4
    },
    "2017-12-31": {
        "Diluted EPS": 0.0,
        "Total Revenue": NaN,
        "Gross Profit": NaN,
        "Operating Income": NaN,
        "EBIT": NaN,
        "Net Income": NaN
    },
    "2023-06-30": {
        "Tax Effect Of Unusual Items": NaN,
        "Tax Rate For Calcs": NaN,
        "Normalized EBITDA": NaN,
        "Net Income From Continuing Operation Net Minority Interest": NaN,
        "Reconciled Depreciation": NaN,
        "Reconciled Cost Of Revenue": NaN,
        "EBITDA": NaN,
        "EBIT": NaN,
        "Net Interest Income": NaN,
        "Interest Income": NaN,
        "Normalized Income": NaN,
        "Net Income From Continuing And Discontinued Operation": NaN,
        "Total Expenses": NaN,
        "Total Operating Income As Reported": NaN,
        "Diluted Average Shares": 28812375.0,
        "Basic Average Shares": 28812375.0,
        "Diluted EPS": -0.08,
        "Basic EPS": -0.08,
        "Diluted NI Availto Com Stockholders": NaN,
        "Net Income Common Stockholders": NaN,
        "Net Income": NaN,
        "Net Income Including Noncontrolling Interests": NaN,
        "Net Income Continuous Operations": NaN,
        "Tax Provision": 0.0,
        "Pretax Income": NaN,
        "Net Non Operating Interest Income Expense": NaN,
        "Total Other Finance Cost": -5000.0,
        "Interest Income Non Operating": NaN,
        "Operating Income": NaN,
        "Operating Expense": NaN,
        "Other Operating Expenses": -14000.0,
        "Research And Development": NaN,
        "Selling General And Administration": NaN,
        "General And Administrative Expense": NaN,
        "Other Gand A": NaN,
        "Gross Profit": NaN,
        "Cost Of Revenue": NaN,
        "Total Revenue": NaN,
        "Operating Revenue": NaN
    },
    "2023-09-30": {
        "Tax Effect Of Unusual Items": 0.0,
        "Tax Rate For Calcs": 0.21,
        "Normalized EBITDA": -2372000.0,
        "Net Income From Continuing Operation Net Minority Interest": -2379000.0,
        "Reconciled Depreciation": 14000.0,
        "Reconciled Cost Of Revenue": 0.0,
        "EBITDA": -2372000.0,
        "EBIT": -2386000.0,
        "Net Interest Income": 36000.0,
        "Interest Income": NaN,
        "Normalized Income": -2379000.0,
        "Net Income From Continuing And Discontinued Operation": -2379000.0,
        "Total Expenses": 2386000.0,
        "Total Operating Income As Reported": -2386000.0,
        "Diluted Average Shares": 28813952.0,
        "Basic Average Shares": 28813952.0,
        "Diluted EPS": -0.08,
        "Basic EPS": -0.08,
        "Diluted NI Availto Com Stockholders": -2379000.0,
        "Net Income Common Stockholders": -2379000.0,
        "Net Income": -2379000.0,
        "Net Income Including Noncontrolling Interests": -2379000.0,
        "Net Income Continuous Operations": -2379000.0,
        "Tax Provision": 29000.0,
        "Pretax Income": -2350000.0,
        "Net Non Operating Interest Income Expense": 36000.0,
        "Total Other Finance Cost": -36000.0,
        "Interest Income Non Operating": NaN,
        "Operating Income": -2386000.0,
        "Operating Expense": 2386000.0,
        "Other Operating Expenses": -12000.0,
        "Research And Development": 1370000.0,
        "Selling General And Administration": 1028000.0,
        "General And Administrative Expense": 1028000.0,
        "Other Gand A": 1028000.0,
        "Gross Profit": 0.0,
        "Cost Of Revenue": 0.0,
        "Total Revenue": 0.0,
        "Operating Revenue": 0.0
    },
    "2023-12-31": {
        "Tax Effect Of Unusual Items": 0.0,
        "Tax Rate For Calcs": 0.0,
        "Normalized EBITDA": -1950000.0,
        "Net Income From Continuing Operation Net Minority Interest": -1995000.0,
        "Reconciled Depreciation": 13000.0,
        "Reconciled Cost Of Revenue": 0.0,
        "EBITDA": -1950000.0,
        "EBIT": -1963000.0,
        "Net Interest Income": -32000.0,
        "Interest Income": NaN,
        "Normalized Income": -1995000.0,
        "Net Income From Continuing And Discontinued Operation": -1995000.0,
        "Total Expenses": 1963000.0,
        "Total Operating Income As Reported": -1963000.0,
        "Diluted Average Shares": NaN,
        "Basic Average Shares": NaN,
        "Diluted EPS": NaN,
        "Basic EPS": NaN,
        "Diluted NI Availto Com Stockholders": -1995000.0,
        "Net Income Common Stockholders": -1995000.0,
        "Net Income": -1995000.0,
        "Net Income Including Noncontrolling Interests": -1995000.0,
        "Net Income Continuous Operations": -1995000.0,
        "Tax Provision": 0.0,
        "Pretax Income": -1995000.0,
        "Net Non Operating Interest Income Expense": -32000.0,
        "Total Other Finance Cost": 32000.0,
        "Interest Income Non Operating": NaN,
        "Operating Income": -1963000.0,
        "Operating Expense": 1963000.0,
        "Other Operating Expenses": -10000.0,
        "Research And Development": 1000000.0,
        "Selling General And Administration": 973000.0,
        "General And Administrative Expense": 973000.0,
        "Other Gand A": 973000.0,
        "Gross Profit": 0.0,
        "Cost Of Revenue": 0.0,
        "Total Revenue": 0.0,
        "Operating Revenue": 0.0
    },
    "2024-03-31": {
        "Tax Effect Of Unusual Items": 0.0,
        "Tax Rate For Calcs": 0.0,
        "Normalized EBITDA": -2049000.0,
        "Net Income From Continuing Operation Net Minority Interest": -2017000.0,
        "Reconciled Depreciation": 13000.0,
        "Reconciled Cost Of Revenue": 0.0,
        "EBITDA": -2049000.0,
        "EBIT": -2062000.0,
        "Net Interest Income": 45000.0,
        "Interest Income": 45000.0,
        "Normalized Income": -2017000.0,
        "Net Income From Continuing And Discontinued Operation": -2017000.0,
        "Total Expenses": 2062000.0,
        "Total Operating Income As Reported": -2062000.0,
        "Diluted Average Shares": 36735429.0,
        "Basic Average Shares": 36735429.0,
        "Diluted EPS": -0.05,
        "Basic EPS": -0.05,
        "Diluted NI Availto Com Stockholders": -2017000.0,
        "Net Income Common Stockholders": -2017000.0,
        "Net Income": -2017000.0,
        "Net Income Including Noncontrolling Interests": -2017000.0,
        "Net Income Continuous Operations": -2017000.0,
        "Tax Provision": NaN,
        "Pretax Income": -2017000.0,
        "Net Non Operating Interest Income Expense": 45000.0,
        "Total Other Finance Cost": NaN,
        "Interest Income Non Operating": 45000.0,
        "Operating Income": -2062000.0,
        "Operating Expense": 2062000.0,
        "Other Operating Expenses": NaN,
        "Research And Development": 735000.0,
        "Selling General And Administration": 1327000.0,
        "General And Administrative Expense": 1327000.0,
        "Other Gand A": 1327000.0,
        "Gross Profit": 0.0,
        "Cost Of Revenue": 0.0,
        "Total Revenue": 0.0,
        "Operating Revenue": 0.0
    },
    "2024-06-30": {
        "Tax Effect Of Unusual Items": 0.0,
        "Tax Rate For Calcs": 0.0,
        "Normalized EBITDA": -2154000.0,
        "Net Income From Continuing Operation Net Minority Interest": -2145000.0,
        "Reconciled Depreciation": 11000.0,
        "Reconciled Cost Of Revenue": 48000.0,
        "EBITDA": -2154000.0,
        "EBIT": -2165000.0,
        "Net Interest Income": 20000.0,
        "Interest Income": NaN,
        "Normalized Income": -2145000.0,
        "Net Income From Continuing And Discontinued Operation": -2145000.0,
        "Total Expenses": 2222000.0,
        "Total Operating Income As Reported": -2165000.0,
        "Diluted Average Shares": 37090160.0,
        "Basic Average Shares": 37090160.0,
        "Diluted EPS": -0.06,
        "Basic EPS": -0.06,
        "Diluted NI Availto Com Stockholders": -2145000.0,
        "Net Income Common Stockholders": -2145000.0,
        "Net Income": -2145000.0,
        "Net Income Including Noncontrolling Interests": -2145000.0,
        "Net Income Continuous Operations": -2145000.0,
        "Tax Provision": NaN,
        "Pretax Income": -2145000.0,
        "Net Non Operating Interest Income Expense": 20000.0,
        "Total Other Finance Cost": -20000.0,
        "Interest Income Non Operating": NaN,
        "Operating Income": -2165000.0,
        "Operating Expense": 2174000.0,
        "Other Operating Expenses": NaN,
        "Research And Development": 1086000.0,
        "Selling General And Administration": 1088000.0,
        "General And Administrative Expense": 1088000.0,
        "Other Gand A": 1088000.0,
        "Gross Profit": 9000.0,
        "Cost Of Revenue": 48000.0,
        "Total Revenue": 57000.0,
        "Operating Revenue": 57000.0
    },
    "2024-09-30": {
        "Tax Effect Of Unusual Items": 0.0,
        "Tax Rate For Calcs": 0.0,
        "Normalized EBITDA": -3010000.0,
        "Net Income From Continuing Operation Net Minority Interest": -3021000.0,
        "Reconciled Depreciation": 11000.0,
        "Reconciled Cost Of Revenue": 42000.0,
        "EBITDA": -3010000.0,
        "EBIT": -3021000.0,
        "Net Interest Income": 0.0,
        "Interest Income": NaN,
        "Normalized Income": -3021000.0,
        "Net Income From Continuing And Discontinued Operation": -3021000.0,
        "Total Expenses": 3063000.0,
        "Total Operating Income As Reported": -3021000.0,
        "Diluted Average Shares": 37644612.0,
        "Basic Average Shares": 37644612.0,
        "Diluted EPS": -0.08,
        "Basic EPS": -0.08,
        "Diluted NI Availto Com Stockholders": -3021000.0,
        "Net Income Common Stockholders": -3021000.0,
        "Net Income": -3021000.0,
        "Net Income Including Noncontrolling Interests": -3021000.0,
        "Net Income Continuous Operations": -3021000.0,
        "Tax Provision": 0.0,
        "Pretax Income": -3021000.0,
        "Net Non Operating Interest Income Expense": 0.0,
        "Total Other Finance Cost": NaN,
        "Interest Income Non Operating": NaN,
        "Operating Income": -3021000.0,
        "Operating Expense": 3021000.0,
        "Other Operating Expenses": NaN,
        "Research And Development": 1477000.0,
        "Selling General And Administration": 1544000.0,
        "General And Administrative Expense": 1544000.0,
        "Other Gand A": 1544000.0,
        "Gross Profit": 0.0,
        "Cost Of Revenue": 42000.0,
        "Total Revenue": 42000.0,
        "Operating Revenue": 42000.0
    }
}