{
    "2023-03-31": {
        "Tax Effect Of Unusual Items": NaN,
        "Tax Rate For Calcs": NaN,
        "Normalized EBITDA": NaN,
        "Total Unusual Items": NaN,
        "Total Unusual Items Excluding Goodwill": NaN,
        "Net Income From Continuing Operation Net Minority Interest": NaN,
        "Reconciled Depreciation": NaN,
        "EBITDA": NaN,
        "EBIT": NaN,
        "Net Interest Income": NaN,
        "Interest Expense": 11.0,
        "Interest Income": NaN,
        "Normalized Income": NaN,
        "Net Income From Continuing And Discontinued Operation": NaN,
        "Total Expenses": NaN,
        "Total Operating Income As Reported": NaN,
        "Diluted Average Shares": NaN,
        "Basic Average Shares": NaN,
        "Diluted EPS": NaN,
        "Basic EPS": NaN,
        "Diluted NI Availto Com Stockholders": NaN,
        "Net Income Common Stockholders": NaN,
        "Preferred Stock Dividends": 110991.0,
        "Net Income": NaN,
        "Minority Interests": NaN,
        "Net Income Including Noncontrolling Interests": NaN,
        "Net Income Continuous Operations": NaN,
        "Tax Provision": NaN,
        "Pretax Income": NaN,
        "Other Income Expense": NaN,
        "Gain On Sale Of Security": NaN,
        "Net Non Operating Interest Income Expense": NaN,
        "Total Other Finance Cost": NaN,
        "Interest Expense Non Operating": 11.0,
        "Interest Income Non Operating": NaN,
        "Operating Income": NaN,
        "Operating Expense": NaN,
        "Depreciation Amortization Depletion Income Statement": NaN,
        "Depreciation And Amortization In Income Statement": NaN,
        "Research And Development": NaN,
        "Selling General And Administration": NaN,
        "General And Administrative Expense": NaN,
        "Other Gand A": NaN,
        "Total Revenue": NaN,
        "Operating Revenue": NaN
    },
    "2022-12-31": {
        "Tax Effect Of Unusual Items": NaN,
        "Tax Rate For Calcs": NaN,
        "Normalized EBITDA": NaN,
        "Total Unusual Items": NaN,
        "Total Unusual Items Excluding Goodwill": NaN,
        "Net Income From Continuing Operation Net Minority Interest": NaN,
        "Reconciled Depreciation": NaN,
        "EBITDA": NaN,
        "EBIT": NaN,
        "Net Interest Income": NaN,
        "Interest Expense": 135.0,
        "Interest Income": NaN,
        "Normalized Income": NaN,
        "Net Income From Continuing And Discontinued Operation": NaN,
        "Total Expenses": NaN,
        "Rent Expense Supplemental": 0.0,
        "Total Operating Income As Reported": NaN,
        "Diluted Average Shares": NaN,
        "Basic Average Shares": NaN,
        "Diluted EPS": NaN,
        "Basic EPS": NaN,
        "Diluted NI Availto Com Stockholders": NaN,
        "Net Income Common Stockholders": NaN,
        "Preferred Stock Dividends": 110991.0,
        "Net Income": NaN,
        "Minority Interests": NaN,
        "Net Income Including Noncontrolling Interests": NaN,
        "Net Income Continuous Operations": NaN,
        "Tax Provision": NaN,
        "Pretax Income": NaN,
        "Other Income Expense": NaN,
        "Gain On Sale Of Security": NaN,
        "Net Non Operating Interest Income Expense": NaN,
        "Total Other Finance Cost": NaN,
        "Interest Expense Non Operating": 135.0,
        "Interest Income Non Operating": NaN,
        "Operating Income": NaN,
        "Operating Expense": NaN,
        "Depreciation Amortization Depletion Income Statement": NaN,
        "Depreciation And Amortization In Income Statement": NaN,
        "Research And Development": NaN,
        "Selling General And Administration": NaN,
        "General And Administrative Expense": NaN,
        "Other Gand A": NaN,
        "Rent And Landing Fees": 0.0,
        "Total Revenue": NaN,
        "Operating Revenue": NaN
    },
    "2022-09-30": {
        "Tax Effect Of Unusual Items": NaN,
        "Tax Rate For Calcs": NaN,
        "Normalized EBITDA": NaN,
        "Total Unusual Items": NaN,
        "Total Unusual Items Excluding Goodwill": NaN,
        "Net Income From Continuing Operation Net Minority Interest": NaN,
        "Reconciled Depreciation": NaN,
        "EBITDA": NaN,
        "EBIT": NaN,
        "Net Interest Income": NaN,
        "Interest Expense": 308.0,
        "Interest Income": NaN,
        "Normalized Income": NaN,
        "Net Income From Continuing And Discontinued Operation": NaN,
        "Total Expenses": NaN,
        "Rent Expense Supplemental": 0.0,
        "Total Operating Income As Reported": NaN,
        "Diluted Average Shares": 1787235.0,
        "Basic Average Shares": 1787235.0,
        "Diluted EPS": -1.46,
        "Basic EPS": -1.46,
        "Diluted NI Availto Com Stockholders": NaN,
        "Net Income Common Stockholders": NaN,
        "Preferred Stock Dividends": 110991.0,
        "Net Income": NaN,
        "Minority Interests": NaN,
        "Net Income Including Noncontrolling Interests": NaN,
        "Net Income Continuous Operations": NaN,
        "Tax Provision": 0.0,
        "Pretax Income": NaN,
        "Other Income Expense": NaN,
        "Gain On Sale Of Security": NaN,
        "Net Non Operating Interest Income Expense": NaN,
        "Total Other Finance Cost": 308.0,
        "Interest Expense Non Operating": 308.0,
        "Interest Income Non Operating": NaN,
        "Operating Income": NaN,
        "Operating Expense": NaN,
        "Depreciation Amortization Depletion Income Statement": NaN,
        "Depreciation And Amortization In Income Statement": NaN,
        "Research And Development": NaN,
        "Selling General And Administration": NaN,
        "General And Administrative Expense": NaN,
        "Other Gand A": NaN,
        "Rent And Landing Fees": 0.0,
        "Total Revenue": NaN,
        "Operating Revenue": NaN
    },
    "2022-06-30": {
        "Tax Effect Of Unusual Items": 0.0,
        "Tax Rate For Calcs": 0.0,
        "Normalized EBITDA": -4586802.0,
        "Total Unusual Items": 1916922.0,
        "Total Unusual Items Excluding Goodwill": 1916922.0,
        "Net Income From Continuing Operation Net Minority Interest": -2798313.0,
        "Reconciled Depreciation": 119957.0,
        "EBITDA": -2669880.0,
        "EBIT": -2789837.0,
        "Net Interest Income": -668.0,
        "Interest Expense": 668.0,
        "Interest Income": NaN,
        "Normalized Income": -4715235.0,
        "Net Income From Continuing And Discontinued Operation": -2798313.0,
        "Total Expenses": 4706759.0,
        "Total Operating Income As Reported": -4706759.0,
        "Diluted Average Shares": 1053760.0,
        "Basic Average Shares": 1053760.0,
        "Diluted EPS": -2.73,
        "Basic EPS": -2.73,
        "Diluted NI Availto Com Stockholders": -2872307.0,
        "Net Income Common Stockholders": -2872307.0,
        "Preferred Stock Dividends": 73994.0,
        "Net Income": -2798313.0,
        "Minority Interests": -7808.0,
        "Net Income Including Noncontrolling Interests": -2790505.0,
        "Net Income Continuous Operations": -2790505.0,
        "Pretax Income": -2790505.0,
        "Other Income Expense": 1916922.0,
        "Gain On Sale Of Security": 1916922.0,
        "Net Non Operating Interest Income Expense": -668.0,
        "Interest Expense Non Operating": 668.0,
        "Interest Income Non Operating": NaN,
        "Operating Income": -4706759.0,
        "Operating Expense": 4706759.0,
        "Depreciation Amortization Depletion Income Statement": 85502.0,
        "Depreciation And Amortization In Income Statement": 85502.0,
        "Research And Development": 2120051.0,
        "Selling General And Administration": 2501206.0,
        "General And Administrative Expense": 2501206.0,
        "Other Gand A": 2501206.0,
        "Total Revenue": 0.0,
        "Operating Revenue": 0.0
    },
    "2022-03-31": {
        "Diluted EPS": -5.34,
        "Total Revenue": NaN,
        "Gross Profit": NaN,
        "Operating Income": -5,
        "EBIT": -5,
        "Net Income": -5
    },
    "2021-12-31": {
        "Diluted EPS": -85.65,
        "Total Revenue": NaN,
        "Gross Profit": NaN,
        "Operating Income": -51,
        "EBIT": -12,
        "Net Income": -42
    },
    "2021-09-30": {
        "Diluted EPS": -5.91,
        "Total Revenue": NaN,
        "Gross Profit": NaN,
        "Operating Income": -4,
        "EBIT": -3,
        "Net Income": -3
    },
    "2021-06-30": {
        "Diluted EPS": -2.13,
        "Total Revenue": NaN,
        "Gross Profit": NaN,
        "Operating Income": -3,
        "EBIT": -3,
        "Net Income": -1
    },
    "2021-03-31": {
        "Diluted EPS": -10.0,
        "Total Revenue": NaN,
        "Gross Profit": NaN,
        "Operating Income": -7,
        "EBIT": -7,
        "Net Income": -3
    },
    "2020-12-31": {
        "Diluted EPS": -37.5,
        "Total Revenue": NaN,
        "Gross Profit": NaN,
        "Operating Income": -4,
        "EBIT": -3,
        "Net Income": -4
    },
    "2020-09-30": {
        "Diluted EPS": -5.0,
        "Total Revenue": NaN,
        "Gross Profit": NaN,
        "Operating Income": 0,
        "EBIT": 0,
        "Net Income": -1
    },
    "2020-06-30": {
        "Diluted EPS": -7.5,
        "Total Revenue": NaN,
        "Gross Profit": NaN,
        "Operating Income": -1,
        "EBIT": -1,
        "Net Income": -1
    },
    "2020-03-31": {
        "Diluted EPS": -9.5,
        "Total Revenue": NaN,
        "Gross Profit": NaN,
        "Operating Income": -1,
        "EBIT": -1,
        "Net Income": -1
    },
    "2019-12-31": {
        "Diluted EPS": 335.0,
        "Total Revenue": NaN,
        "Gross Profit": NaN,
        "Operating Income": 33,
        "EBIT": 32,
        "Net Income": 1
    },
    "2019-09-30": {
        "Diluted EPS": -6.0,
        "Total Revenue": 9,
        "Gross Profit": 2,
        "Operating Income": -2,
        "EBIT": -2,
        "Net Income": 0
    },
    "2019-06-30": {
        "Diluted EPS": -134.0,
        "Total Revenue": 11,
        "Gross Profit": 2,
        "Operating Income": -1,
        "EBIT": -1,
        "Net Income": -1
    },
    "2019-03-31": {
        "Diluted EPS": -218.0,
        "Total Revenue": 11,
        "Gross Profit": 2,
        "Operating Income": -1,
        "EBIT": -1,
        "Net Income": -2
    },
    "2018-12-31": {
        "Diluted EPS": NaN,
        "Total Revenue": 10,
        "Gross Profit": 2,
        "Operating Income": -11,
        "EBIT": -1,
        "Net Income": -20
    },
    "2018-09-30": {
        "Diluted EPS": 800.0,
        "Total Revenue": 11,
        "Gross Profit": 2,
        "Operating Income": 6,
        "EBIT": 7,
        "Net Income": 4
    },
    "2018-06-30": {
        "Diluted EPS": -350.0,
        "Total Revenue": 11,
        "Gross Profit": 2,
        "Operating Income": -1,
        "EBIT": 0,
        "Net Income": -1
    },
    "2018-03-31": {
        "Diluted EPS": -550.0,
        "Total Revenue": 11,
        "Gross Profit": 2,
        "Operating Income": -1,
        "EBIT": -1,
        "Net Income": -2
    },
    "2017-12-31": {
        "Diluted EPS": -450.0,
        "Total Revenue": 11,
        "Gross Profit": 2,
        "Operating Income": -3,
        "EBIT": -2,
        "Net Income": -2
    },
    "2017-09-30": {
        "Diluted EPS": NaN,
        "Total Revenue": 13,
        "Gross Profit": 3,
        "Operating Income": -4,
        "EBIT": -3,
        "Net Income": -5
    },
    "2017-06-30": {
        "Diluted EPS": NaN,
        "Total Revenue": 12,
        "Gross Profit": 2,
        "Operating Income": -4,
        "EBIT": -3,
        "Net Income": -4
    },
    "2017-03-31": {
        "Diluted EPS": -450.0,
        "Total Revenue": 12,
        "Gross Profit": 3,
        "Operating Income": -1,
        "EBIT": 0,
        "Net Income": -1
    },
    "2016-12-31": {
        "Diluted EPS": 500.0,
        "Total Revenue": 12,
        "Gross Profit": 2,
        "Operating Income": -2,
        "EBIT": -2,
        "Net Income": 1
    },
    "2016-09-30": {
        "Diluted EPS": -650.0,
        "Total Revenue": 10,
        "Gross Profit": 2,
        "Operating Income": -1,
        "EBIT": -1,
        "Net Income": -2
    },
    "2016-06-30": {
        "Diluted EPS": -450.0,
        "Total Revenue": 7,
        "Gross Profit": 2,
        "Operating Income": -1,
        "EBIT": -1,
        "Net Income": -1
    },
    "2016-03-31": {
        "Diluted EPS": -450.0,
        "Total Revenue": 7,
        "Gross Profit": 1,
        "Operating Income": -1,
        "EBIT": -1,
        "Net Income": -1
    },
    "2015-12-31": {
        "Diluted EPS": -850.0,
        "Total Revenue": 8,
        "Gross Profit": 3,
        "Operating Income": -2,
        "EBIT": -2,
        "Net Income": -2
    },
    "2015-09-30": {
        "Diluted EPS": -100.0,
        "Total Revenue": 4,
        "Gross Profit": 1,
        "Operating Income": 0,
        "EBIT": 0,
        "Net Income": 0
    },
    "2015-06-30": {
        "Diluted EPS": 50.0,
        "Total Revenue": 4,
        "Gross Profit": 1,
        "Operating Income": 0,
        "EBIT": 0,
        "Net Income": 0
    },
    "2015-03-31": {
        "Diluted EPS": 550.0,
        "Total Revenue": 4,
        "Gross Profit": 1,
        "Operating Income": 1,
        "EBIT": 1,
        "Net Income": 1
    },
    "2014-12-31": {
        "Diluted EPS": -150.0,
        "Total Revenue": NaN,
        "Gross Profit": NaN,
        "Operating Income": 7,
        "EBIT": 7,
        "Net Income": 0
    },
    "2014-09-30": {
        "Diluted EPS": -50.0,
        "Total Revenue": 4,
        "Gross Profit": 0,
        "Operating Income": 0,
        "EBIT": 0,
        "Net Income": 0
    },
    "2014-06-30": {
        "Diluted EPS": 200.0,
        "Total Revenue": 4,
        "Gross Profit": 1,
        "Operating Income": 1,
        "EBIT": 1,
        "Net Income": 0
    },
    "2014-03-31": {
        "Diluted EPS": 0.0,
        "Total Revenue": NaN,
        "Gross Profit": NaN,
        "Operating Income": 0,
        "EBIT": 0,
        "Net Income": 0
    },
    "2013-12-31": {
        "Diluted EPS": 0.0,
        "Total Revenue": NaN,
        "Gross Profit": NaN,
        "Operating Income": 0,
        "EBIT": 0,
        "Net Income": 0
    },
    "2013-09-30": {
        "Diluted EPS": 0.0,
        "Total Revenue": NaN,
        "Gross Profit": NaN,
        "Operating Income": 0,
        "EBIT": 0,
        "Net Income": 0
    },
    "2013-06-30": {
        "Diluted EPS": 0.0,
        "Total Revenue": NaN,
        "Gross Profit": NaN,
        "Operating Income": 0,
        "EBIT": 0,
        "Net Income": 0
    },
    "2013-03-31": {
        "Diluted EPS": 0.0,
        "Total Revenue": NaN,
        "Gross Profit": NaN,
        "Operating Income": 0,
        "EBIT": 0,
        "Net Income": 0
    },
    "2012-12-31": {
        "Diluted EPS": 0.0,
        "Total Revenue": NaN,
        "Gross Profit": NaN,
        "Operating Income": 0,
        "EBIT": 0,
        "Net Income": 0
    },
    "2012-09-30": {
        "Diluted EPS": 0.0,
        "Total Revenue": NaN,
        "Gross Profit": NaN,
        "Operating Income": 0,
        "EBIT": 0,
        "Net Income": 0
    },
    "2012-06-30": {
        "Diluted EPS": 0.0,
        "Total Revenue": NaN,
        "Gross Profit": NaN,
        "Operating Income": 0,
        "EBIT": 0,
        "Net Income": 0
    },
    "2012-03-31": {
        "Diluted EPS": 0.0,
        "Total Revenue": NaN,
        "Gross Profit": NaN,
        "Operating Income": 0,
        "EBIT": 0,
        "Net Income": 0
    },
    "2011-12-31": {
        "Diluted EPS": 0.0,
        "Total Revenue": NaN,
        "Gross Profit": NaN,
        "Operating Income": 0,
        "EBIT": 0,
        "Net Income": 0
    },
    "2011-09-30": {
        "Diluted EPS": 0.0,
        "Total Revenue": NaN,
        "Gross Profit": NaN,
        "Operating Income": 0,
        "EBIT": 0,
        "Net Income": 0
    },
    "2011-06-30": {
        "Diluted EPS": 0.0,
        "Total Revenue": NaN,
        "Gross Profit": NaN,
        "Operating Income": 0,
        "EBIT": 0,
        "Net Income": 0
    },
    "2011-03-31": {
        "Diluted EPS": 0.0,
        "Total Revenue": NaN,
        "Gross Profit": NaN,
        "Operating Income": 0,
        "EBIT": 0,
        "Net Income": 0
    },
    "2010-12-31": {
        "Diluted EPS": 0.0,
        "Total Revenue": NaN,
        "Gross Profit": NaN,
        "Operating Income": 0,
        "EBIT": 0,
        "Net Income": 0
    },
    "2010-09-30": {
        "Diluted EPS": 0.0,
        "Total Revenue": NaN,
        "Gross Profit": NaN,
        "Operating Income": 0,
        "EBIT": 0,
        "Net Income": 0
    },
    "2010-06-30": {
        "Diluted EPS": 0.0,
        "Total Revenue": NaN,
        "Gross Profit": NaN,
        "Operating Income": 0,
        "EBIT": 0,
        "Net Income": 0
    },
    "2010-03-31": {
        "Diluted EPS": 0.0,
        "Total Revenue": NaN,
        "Gross Profit": NaN,
        "Operating Income": 0,
        "EBIT": 0,
        "Net Income": 0
    },
    "2009-12-31": {
        "Diluted EPS": 0.0,
        "Total Revenue": NaN,
        "Gross Profit": NaN,
        "Operating Income": NaN,
        "EBIT": NaN,
        "Net Income": NaN
    },
    "2009-09-30": {
        "Diluted EPS": 0.0,
        "Total Revenue": NaN,
        "Gross Profit": NaN,
        "Operating Income": 0,
        "EBIT": 0,
        "Net Income": 0
    },
    "2009-06-30": {
        "Diluted EPS": 0.0,
        "Total Revenue": NaN,
        "Gross Profit": NaN,
        "Operating Income": 0,
        "EBIT": 0,
        "Net Income": 0
    },
    "2023-06-30": {
        "Tax Effect Of Unusual Items": NaN,
        "Tax Rate For Calcs": NaN,
        "Normalized EBITDA": NaN,
        "Total Unusual Items": NaN,
        "Total Unusual Items Excluding Goodwill": NaN,
        "Net Income From Continuing Operation Net Minority Interest": NaN,
        "Reconciled Depreciation": NaN,
        "EBITDA": NaN,
        "EBIT": NaN,
        "Net Interest Income": NaN,
        "Interest Expense": NaN,
        "Interest Income": 916.0,
        "Normalized Income": NaN,
        "Net Income From Continuing And Discontinued Operation": NaN,
        "Total Expenses": NaN,
        "Total Operating Income As Reported": NaN,
        "Diluted Average Shares": 2107583.0,
        "Basic Average Shares": 2107583.0,
        "Diluted EPS": -3.04,
        "Basic EPS": -3.04,
        "Diluted NI Availto Com Stockholders": NaN,
        "Net Income Common Stockholders": NaN,
        "Preferred Stock Dividends": 36997.0,
        "Net Income": NaN,
        "Minority Interests": NaN,
        "Net Income Including Noncontrolling Interests": NaN,
        "Net Income Continuous Operations": NaN,
        "Tax Provision": NaN,
        "Pretax Income": NaN,
        "Other Income Expense": NaN,
        "Gain On Sale Of Security": NaN,
        "Net Non Operating Interest Income Expense": NaN,
        "Total Other Finance Cost": -916.0,
        "Interest Expense Non Operating": NaN,
        "Interest Income Non Operating": 916.0,
        "Operating Income": NaN,
        "Operating Expense": NaN,
        "Depreciation Amortization Depletion Income Statement": NaN,
        "Depreciation And Amortization In Income Statement": NaN,
        "Research And Development": NaN,
        "Selling General And Administration": NaN,
        "General And Administrative Expense": NaN,
        "Other Gand A": NaN,
        "Total Revenue": NaN,
        "Operating Revenue": NaN
    },
    "2023-09-30": {
        "Tax Effect Of Unusual Items": 132412.77,
        "Tax Rate For Calcs": 0.21,
        "Normalized EBITDA": -3983093.0,
        "Total Unusual Items": 630537.0,
        "Total Unusual Items Excluding Goodwill": 630537.0,
        "Net Income From Continuing Operation Net Minority Interest": -2822216.0,
        "Reconciled Depreciation": 95839.0,
        "EBITDA": -3352556.0,
        "EBIT": -3448395.0,
        "Net Interest Income": 2237.0,
        "Interest Expense": NaN,
        "Interest Income": NaN,
        "Normalized Income": -3320340.23,
        "Net Income From Continuing And Discontinued Operation": -2822216.0,
        "Total Expenses": 3448395.0,
        "Total Operating Income As Reported": -3448395.0,
        "Diluted Average Shares": 2164656.0,
        "Basic Average Shares": 2164656.0,
        "Diluted EPS": -1.3,
        "Basic EPS": -1.3,
        "Diluted NI Availto Com Stockholders": -2822216.0,
        "Net Income Common Stockholders": -2822216.0,
        "Preferred Stock Dividends": NaN,
        "Net Income": -2822216.0,
        "Minority Interests": 0.0,
        "Net Income Including Noncontrolling Interests": -2822216.0,
        "Net Income Continuous Operations": -2822216.0,
        "Tax Provision": 6595.0,
        "Pretax Income": -2815621.0,
        "Other Income Expense": 630537.0,
        "Gain On Sale Of Security": 630537.0,
        "Net Non Operating Interest Income Expense": 2237.0,
        "Total Other Finance Cost": -2237.0,
        "Interest Expense Non Operating": NaN,
        "Interest Income Non Operating": NaN,
        "Operating Income": -3448395.0,
        "Operating Expense": 3448395.0,
        "Depreciation Amortization Depletion Income Statement": 86296.0,
        "Depreciation And Amortization In Income Statement": 86296.0,
        "Research And Development": 1281455.0,
        "Selling General And Administration": 2080644.0,
        "General And Administrative Expense": 2080644.0,
        "Other Gand A": 2080644.0,
        "Total Revenue": 0.0,
        "Operating Revenue": 0.0
    },
    "2023-12-31": {
        "Tax Effect Of Unusual Items": 171866.31,
        "Tax Rate For Calcs": 0.21,
        "Normalized EBITDA": -4966324.0,
        "Total Unusual Items": 818411.0,
        "Total Unusual Items Excluding Goodwill": 818411.0,
        "Net Income From Continuing Operation Net Minority Interest": -3435936.0,
        "Reconciled Depreciation": 84484.0,
        "EBITDA": -4147913.0,
        "EBIT": -4232595.0,
        "Net Interest Income": 566.0,
        "Interest Expense": NaN,
        "Interest Income": NaN,
        "Normalized Income": -4082480.69,
        "Net Income From Continuing And Discontinued Operation": -3435936.0,
        "Total Expenses": 4232595.0,
        "Total Operating Income As Reported": -2384360.0,
        "Diluted Average Shares": NaN,
        "Basic Average Shares": NaN,
        "Diluted EPS": NaN,
        "Basic EPS": NaN,
        "Diluted NI Availto Com Stockholders": -3435936.0,
        "Net Income Common Stockholders": -3435936.0,
        "Preferred Stock Dividends": 0.0,
        "Net Income": -3435936.0,
        "Minority Interests": 0.0,
        "Net Income Including Noncontrolling Interests": -3435936.0,
        "Net Income Continuous Operations": -3435936.0,
        "Tax Provision": 22318.0,
        "Pretax Income": -3413618.0,
        "Other Income Expense": 818411.0,
        "Gain On Sale Of Security": 818411.0,
        "Net Non Operating Interest Income Expense": 566.0,
        "Total Other Finance Cost": NaN,
        "Interest Expense Non Operating": NaN,
        "Interest Income Non Operating": NaN,
        "Operating Income": -4232595.0,
        "Operating Expense": 4232595.0,
        "Depreciation Amortization Depletion Income Statement": 84682.0,
        "Depreciation And Amortization In Income Statement": 84682.0,
        "Research And Development": 1368997.0,
        "Selling General And Administration": 2778916.0,
        "General And Administrative Expense": 2778916.0,
        "Other Gand A": 930681.0,
        "Total Revenue": 0.0,
        "Operating Revenue": 0.0
    },
    "2024-03-31": {
        "Tax Effect Of Unusual Items": 4501.77,
        "Tax Rate For Calcs": 0.21,
        "Normalized EBITDA": -2413345.0,
        "Total Unusual Items": 21437.0,
        "Total Unusual Items Excluding Goodwill": 21437.0,
        "Net Income From Continuing Operation Net Minority Interest": -2456915.0,
        "Reconciled Depreciation": 85409.0,
        "EBITDA": -2391908.0,
        "EBIT": -2477317.0,
        "Net Interest Income": 696.0,
        "Interest Expense": NaN,
        "Interest Income": NaN,
        "Normalized Income": -2473850.23,
        "Net Income From Continuing And Discontinued Operation": -2456915.0,
        "Total Expenses": 2477317.0,
        "Total Operating Income As Reported": -2477317.0,
        "Diluted Average Shares": 4001456.0,
        "Basic Average Shares": 4001456.0,
        "Diluted EPS": -0.61,
        "Basic EPS": -0.61,
        "Diluted NI Availto Com Stockholders": -2456915.0,
        "Net Income Common Stockholders": -2456915.0,
        "Preferred Stock Dividends": NaN,
        "Net Income": -2456915.0,
        "Minority Interests": 0.0,
        "Net Income Including Noncontrolling Interests": -2456915.0,
        "Net Income Continuous Operations": -2456915.0,
        "Tax Provision": 1731.0,
        "Pretax Income": -2455184.0,
        "Other Income Expense": 21437.0,
        "Gain On Sale Of Security": 21437.0,
        "Net Non Operating Interest Income Expense": 696.0,
        "Total Other Finance Cost": -696.0,
        "Interest Expense Non Operating": NaN,
        "Interest Income Non Operating": NaN,
        "Operating Income": -2477317.0,
        "Operating Expense": 2477317.0,
        "Depreciation Amortization Depletion Income Statement": 85409.0,
        "Depreciation And Amortization In Income Statement": 85409.0,
        "Research And Development": 458155.0,
        "Selling General And Administration": 1933753.0,
        "General And Administrative Expense": 1933753.0,
        "Other Gand A": 1933753.0,
        "Total Revenue": 0.0,
        "Operating Revenue": 0.0
    },
    "2024-06-30": {
        "Tax Effect Of Unusual Items": 0.0,
        "Tax Rate For Calcs": 0.0,
        "Normalized EBITDA": -1831724.0,
        "Total Unusual Items": 18572.0,
        "Total Unusual Items Excluding Goodwill": 18572.0,
        "Net Income From Continuing Operation Net Minority Interest": -1879394.0,
        "Reconciled Depreciation": 84779.0,
        "EBITDA": -1813152.0,
        "EBIT": -1897931.0,
        "Net Interest Income": -35.0,
        "Interest Expense": NaN,
        "Interest Income": NaN,
        "Normalized Income": -1897966.0,
        "Net Income From Continuing And Discontinued Operation": -1879394.0,
        "Total Expenses": 1897931.0,
        "Total Operating Income As Reported": -1897931.0,
        "Diluted Average Shares": 7587851.0,
        "Basic Average Shares": 7587851.0,
        "Diluted EPS": -0.25,
        "Basic EPS": -0.25,
        "Diluted NI Availto Com Stockholders": -1879394.0,
        "Net Income Common Stockholders": -1879394.0,
        "Preferred Stock Dividends": NaN,
        "Net Income": -1879394.0,
        "Minority Interests": 0.0,
        "Net Income Including Noncontrolling Interests": -1879394.0,
        "Net Income Continuous Operations": -1879394.0,
        "Tax Provision": 0.0,
        "Pretax Income": -1879394.0,
        "Other Income Expense": 18572.0,
        "Gain On Sale Of Security": 18572.0,
        "Net Non Operating Interest Income Expense": -35.0,
        "Total Other Finance Cost": 35.0,
        "Interest Expense Non Operating": NaN,
        "Interest Income Non Operating": NaN,
        "Operating Income": -1897931.0,
        "Operating Expense": 1897931.0,
        "Depreciation Amortization Depletion Income Statement": 84779.0,
        "Depreciation And Amortization In Income Statement": 84779.0,
        "Research And Development": 515501.0,
        "Selling General And Administration": 1297651.0,
        "General And Administrative Expense": 1297651.0,
        "Other Gand A": 1297651.0,
        "Total Revenue": 0.0,
        "Operating Revenue": 0.0
    },
    "2024-09-30": {
        "Tax Effect Of Unusual Items": 0.0,
        "Tax Rate For Calcs": 0.0,
        "Normalized EBITDA": -1997755.0,
        "Total Unusual Items": -623.0,
        "Total Unusual Items Excluding Goodwill": -623.0,
        "Net Income From Continuing Operation Net Minority Interest": -2084032.0,
        "Reconciled Depreciation": 84814.0,
        "EBITDA": -1998378.0,
        "EBIT": -2083192.0,
        "Net Interest Income": -217.0,
        "Interest Expense": NaN,
        "Interest Income": NaN,
        "Normalized Income": -2083409.0,
        "Net Income From Continuing And Discontinued Operation": -2084032.0,
        "Total Expenses": 2083192.0,
        "Total Operating Income As Reported": -2083192.0,
        "Diluted Average Shares": 8702951.0,
        "Basic Average Shares": 8702951.0,
        "Diluted EPS": -0.24,
        "Basic EPS": -0.24,
        "Diluted NI Availto Com Stockholders": -2084032.0,
        "Net Income Common Stockholders": -2084032.0,
        "Preferred Stock Dividends": NaN,
        "Net Income": -2084032.0,
        "Minority Interests": 0.0,
        "Net Income Including Noncontrolling Interests": -2084032.0,
        "Net Income Continuous Operations": -2084032.0,
        "Tax Provision": 0.0,
        "Pretax Income": -2084032.0,
        "Other Income Expense": -623.0,
        "Gain On Sale Of Security": -623.0,
        "Net Non Operating Interest Income Expense": -217.0,
        "Total Other Finance Cost": 217.0,
        "Interest Expense Non Operating": NaN,
        "Interest Income Non Operating": NaN,
        "Operating Income": -2083192.0,
        "Operating Expense": 2083192.0,
        "Depreciation Amortization Depletion Income Statement": 84814.0,
        "Depreciation And Amortization In Income Statement": 84814.0,
        "Research And Development": 762717.0,
        "Selling General And Administration": 1235661.0,
        "General And Administrative Expense": 1235661.0,
        "Other Gand A": 1235661.0,
        "Total Revenue": 0.0,
        "Operating Revenue": 0.0
    }
}