{
    "2023-06-30": {
        "Tax Effect Of Unusual Items": 0.0,
        "Tax Rate For Calcs": 0.0,
        "Normalized EBITDA": -40783000.0,
        "Total Unusual Items": -18751000.0,
        "Total Unusual Items Excluding Goodwill": -18751000.0,
        "Net Income From Continuing Operation Net Minority Interest": -64306000.0,
        "Reconciled Depreciation": 3502000.0,
        "Reconciled Cost Of Revenue": 14235000.0,
        "EBITDA": -59534000.0,
        "EBIT": -63036000.0,
        "Net Interest Income": 1880000.0,
        "Interest Expense": 1270000.0,
        "Interest Income": 3150000.0,
        "Normalized Income": -45555000.0,
        "Net Income From Continuing And Discontinued Operation": -64306000.0,
        "Total Expenses": 47476000.0,
        "Total Operating Income As Reported": -51845000.0,
        "Diluted Average Shares": 157151386.0,
        "Basic Average Shares": 157151386.0,
        "Diluted EPS": -0.41,
        "Basic EPS": -0.41,
        "Diluted NI Availto Com Stockholders": -64306000.0,
        "Average Dilution Earnings": 0.0,
        "Net Income Common Stockholders": -64306000.0,
        "Net Income": -64306000.0,
        "Minority Interests": 0.0,
        "Net Income Including Noncontrolling Interests": -64306000.0,
        "Net Income Continuous Operations": -64306000.0,
        "Tax Provision": 0.0,
        "Pretax Income": -64306000.0,
        "Other Income Expense": -18752000.0,
        "Other Non Operating Income Expenses": -1000.0,
        "Special Income Charges": -4411000.0,
        "Impairment Of Capital Assets": 4411000.0,
        "Restructuring And Mergern Acquisition": 0.0,
        "Gain On Sale Of Security": -14340000.0,
        "Net Non Operating Interest Income Expense": 1880000.0,
        "Interest Expense Non Operating": 1270000.0,
        "Interest Income Non Operating": 3150000.0,
        "Operating Income": -47434000.0,
        "Operating Expense": 33241000.0,
        "Research And Development": 16553000.0,
        "Selling General And Administration": 16688000.0,
        "Gross Profit": -14193000.0,
        "Cost Of Revenue": 14235000.0,
        "Total Revenue": 42000.0,
        "Operating Revenue": 42000.0
    },
    "2023-03-31": {
        "Tax Effect Of Unusual Items": NaN,
        "Tax Rate For Calcs": NaN,
        "Normalized EBITDA": NaN,
        "Total Unusual Items": NaN,
        "Total Unusual Items Excluding Goodwill": NaN,
        "Net Income From Continuing Operation Net Minority Interest": NaN,
        "Reconciled Depreciation": NaN,
        "Reconciled Cost Of Revenue": NaN,
        "EBITDA": NaN,
        "EBIT": NaN,
        "Net Interest Income": NaN,
        "Interest Expense": NaN,
        "Interest Income": NaN,
        "Normalized Income": NaN,
        "Net Income From Continuing And Discontinued Operation": NaN,
        "Total Expenses": NaN,
        "Total Operating Income As Reported": NaN,
        "Diluted Average Shares": NaN,
        "Basic Average Shares": NaN,
        "Diluted EPS": NaN,
        "Basic EPS": NaN,
        "Diluted NI Availto Com Stockholders": NaN,
        "Average Dilution Earnings": 0.0,
        "Net Income Common Stockholders": NaN,
        "Net Income": NaN,
        "Minority Interests": 0.0,
        "Net Income Including Noncontrolling Interests": NaN,
        "Net Income Continuous Operations": NaN,
        "Tax Provision": 0.0,
        "Pretax Income": NaN,
        "Other Income Expense": NaN,
        "Other Non Operating Income Expenses": NaN,
        "Special Income Charges": NaN,
        "Impairment Of Capital Assets": NaN,
        "Restructuring And Mergern Acquisition": NaN,
        "Gain On Sale Of Security": NaN,
        "Net Non Operating Interest Income Expense": NaN,
        "Interest Expense Non Operating": NaN,
        "Interest Income Non Operating": NaN,
        "Operating Income": NaN,
        "Operating Expense": NaN,
        "Research And Development": NaN,
        "Selling General And Administration": NaN,
        "Gross Profit": NaN,
        "Cost Of Revenue": NaN,
        "Total Revenue": NaN,
        "Operating Revenue": NaN
    },
    "2022-12-31": {
        "Tax Effect Of Unusual Items": 0.0,
        "Tax Rate For Calcs": 0.0,
        "Normalized EBITDA": -109659000.0,
        "Total Unusual Items": 26219000.0,
        "Total Unusual Items Excluding Goodwill": 26219000.0,
        "Net Income From Continuing Operation Net Minority Interest": -11181000.0,
        "Reconciled Depreciation": 3177000.0,
        "Reconciled Cost Of Revenue": 10356000.0,
        "EBITDA": -83440000.0,
        "EBIT": -86617000.0,
        "Net Interest Income": 5231000.0,
        "Interest Expense": NaN,
        "Interest Income": NaN,
        "Normalized Income": -37400000.0,
        "Net Income From Continuing And Discontinued Operation": -11181000.0,
        "Total Expenses": 41326000.0,
        "Total Operating Income As Reported": -45154000.0,
        "Diluted Average Shares": 155283324.0,
        "Basic Average Shares": 154190752.0,
        "Diluted EPS": -0.27,
        "Basic EPS": -0.07,
        "Diluted NI Availto Com Stockholders": 32859000.0,
        "Average Dilution Earnings": NaN,
        "Net Income Common Stockholders": -11181000.0,
        "Net Income": -11181000.0,
        "Net Income Including Noncontrolling Interests": -11181000.0,
        "Net Income Continuous Operations": -11181000.0,
        "Pretax Income": -11181000.0,
        "Other Income Expense": 23821000.0,
        "Other Non Operating Income Expenses": -2398000.0,
        "Special Income Charges": NaN,
        "Impairment Of Capital Assets": NaN,
        "Restructuring And Mergern Acquisition": NaN,
        "Gain On Sale Of Security": 31140000.0,
        "Net Non Operating Interest Income Expense": 5231000.0,
        "Interest Expense Non Operating": NaN,
        "Interest Income Non Operating": NaN,
        "Operating Income": -40233000.0,
        "Operating Expense": 30970000.0,
        "Research And Development": 15545000.0,
        "Selling General And Administration": 15425000.0,
        "Gross Profit": -9263000.0,
        "Cost Of Revenue": 10356000.0,
        "Total Revenue": 1093000.0,
        "Operating Revenue": 1093000.0
    },
    "2022-09-30": {
        "Tax Effect Of Unusual Items": NaN,
        "Tax Rate For Calcs": NaN,
        "Normalized EBITDA": NaN,
        "Total Unusual Items": NaN,
        "Total Unusual Items Excluding Goodwill": NaN,
        "Net Income From Continuing Operation Net Minority Interest": NaN,
        "Reconciled Depreciation": NaN,
        "Reconciled Cost Of Revenue": NaN,
        "EBITDA": NaN,
        "EBIT": NaN,
        "Net Interest Income": NaN,
        "Interest Expense": NaN,
        "Interest Income": NaN,
        "Normalized Income": NaN,
        "Net Income From Continuing And Discontinued Operation": NaN,
        "Total Expenses": NaN,
        "Total Operating Income As Reported": NaN,
        "Diluted Average Shares": NaN,
        "Basic Average Shares": NaN,
        "Diluted EPS": NaN,
        "Basic EPS": NaN,
        "Diluted NI Availto Com Stockholders": NaN,
        "Average Dilution Earnings": 0.0,
        "Net Income Common Stockholders": NaN,
        "Net Income": NaN,
        "Minority Interests": NaN,
        "Net Income Including Noncontrolling Interests": NaN,
        "Net Income Continuous Operations": NaN,
        "Tax Provision": NaN,
        "Pretax Income": NaN,
        "Other Income Expense": NaN,
        "Other Non Operating Income Expenses": NaN,
        "Special Income Charges": 0.0,
        "Impairment Of Capital Assets": 0.0,
        "Restructuring And Mergern Acquisition": 0.0,
        "Gain On Sale Of Security": NaN,
        "Net Non Operating Interest Income Expense": NaN,
        "Interest Expense Non Operating": NaN,
        "Interest Income Non Operating": NaN,
        "Operating Income": NaN,
        "Operating Expense": NaN,
        "Research And Development": NaN,
        "Selling General And Administration": NaN,
        "Gross Profit": NaN,
        "Cost Of Revenue": NaN,
        "Total Revenue": NaN,
        "Operating Revenue": NaN
    },
    "2022-06-30": {
        "Tax Effect Of Unusual Items": 0.0,
        "Tax Rate For Calcs": 0.0,
        "Normalized EBITDA": -26183000.0,
        "Total Unusual Items": 26400000.0,
        "Total Unusual Items Excluding Goodwill": 26400000.0,
        "Net Income From Continuing Operation Net Minority Interest": -1135000.0,
        "Reconciled Depreciation": 1352000.0,
        "Reconciled Cost Of Revenue": 5739000.0,
        "EBITDA": 217000.0,
        "EBIT": -1135000.0,
        "Net Interest Income": 0.0,
        "Interest Expense": 0.0,
        "Interest Income": NaN,
        "Normalized Income": -27535000.0,
        "Net Income From Continuing And Discontinued Operation": -1135000.0,
        "Total Expenses": 33132000.0,
        "Total Operating Income As Reported": -28031000.0,
        "Diluted Average Shares": 152521389.0,
        "Basic Average Shares": 152521389.0,
        "Diluted EPS": -0.18,
        "Basic EPS": -0.01,
        "Diluted NI Availto Com Stockholders": -1135000.0,
        "Average Dilution Earnings": -26400000.0,
        "Net Income Common Stockholders": -1135000.0,
        "Net Income": -1135000.0,
        "Net Income Including Noncontrolling Interests": -1135000.0,
        "Net Income Continuous Operations": -1135000.0,
        "Pretax Income": -1135000.0,
        "Other Income Expense": 26896000.0,
        "Other Non Operating Income Expenses": 496000.0,
        "Special Income Charges": NaN,
        "Impairment Of Capital Assets": NaN,
        "Gain On Sale Of Security": 26400000.0,
        "Net Non Operating Interest Income Expense": 0.0,
        "Interest Expense Non Operating": 0.0,
        "Interest Income Non Operating": NaN,
        "Operating Income": -28031000.0,
        "Operating Expense": 27393000.0,
        "Research And Development": 15827000.0,
        "Selling General And Administration": 11566000.0,
        "Gross Profit": -638000.0,
        "Cost Of Revenue": 5739000.0,
        "Total Revenue": 5101000.0,
        "Operating Revenue": 5101000.0
    },
    "2022-03-31": {
        "Diluted EPS": -0.16,
        "Total Revenue": NaN,
        "Gross Profit": -1,
        "Operating Income": -25,
        "EBIT": -25,
        "Net Income": 43
    },
    "2021-12-31": {
        "Diluted EPS": -0.61,
        "Total Revenue": NaN,
        "Gross Profit": 0,
        "Operating Income": -25,
        "EBIT": -24,
        "Net Income": -85
    },
    "2021-09-30": {
        "Diluted EPS": -0.14,
        "Total Revenue": NaN,
        "Gross Profit": 0,
        "Operating Income": -19,
        "EBIT": -19,
        "Net Income": -11
    },
    "2021-06-30": {
        "Diluted EPS": -0.15,
        "Total Revenue": NaN,
        "Gross Profit": 0,
        "Operating Income": -14,
        "EBIT": -14,
        "Net Income": -14
    },
    "2021-03-31": {
        "Diluted EPS": -0.17,
        "Total Revenue": NaN,
        "Gross Profit": -2,
        "Operating Income": -11,
        "EBIT": -11,
        "Net Income": -16
    },
    "2020-12-31": {
        "Diluted EPS": 0.0,
        "Total Revenue": NaN,
        "Gross Profit": NaN,
        "Operating Income": NaN,
        "EBIT": NaN,
        "Net Income": NaN
    },
    "2020-09-30": {
        "Diluted EPS": -0.16,
        "Total Revenue": NaN,
        "Gross Profit": -1,
        "Operating Income": -6,
        "EBIT": -6,
        "Net Income": -13
    },
    "2023-09-30": {
        "Tax Effect Of Unusual Items": 0.0,
        "Tax Rate For Calcs": 0.0,
        "Normalized EBITDA": -39025000.0,
        "Total Unusual Items": 28299000.0,
        "Total Unusual Items Excluding Goodwill": 28299000.0,
        "Net Income From Continuing Operation Net Minority Interest": -16185000.0,
        "Reconciled Depreciation": 3902000.0,
        "Reconciled Cost Of Revenue": 16809000.0,
        "EBITDA": -10726000.0,
        "EBIT": -14628000.0,
        "Net Interest Income": 2769000.0,
        "Interest Expense": 1557000.0,
        "Interest Income": 4326000.0,
        "Normalized Income": -44484000.0,
        "Net Income From Continuing And Discontinued Operation": -16185000.0,
        "Total Expenses": 47562000.0,
        "Total Operating Income As Reported": -50383000.0,
        "Diluted Average Shares": 161371417.0,
        "Basic Average Shares": 159829716.0,
        "Diluted EPS": -0.29,
        "Basic EPS": -0.1,
        "Diluted NI Availto Com Stockholders": -47505000.0,
        "Average Dilution Earnings": -31320000.0,
        "Net Income Common Stockholders": -16185000.0,
        "Net Income": -16185000.0,
        "Minority Interests": NaN,
        "Net Income Including Noncontrolling Interests": -16185000.0,
        "Net Income Continuous Operations": -16185000.0,
        "Tax Provision": NaN,
        "Pretax Income": -16185000.0,
        "Other Income Expense": 28408000.0,
        "Other Non Operating Income Expenses": 109000.0,
        "Special Income Charges": -3021000.0,
        "Impairment Of Capital Assets": 0.0,
        "Restructuring And Mergern Acquisition": 3021000.0,
        "Gain On Sale Of Security": 31320000.0,
        "Net Non Operating Interest Income Expense": 2769000.0,
        "Interest Expense Non Operating": 1557000.0,
        "Interest Income Non Operating": 4326000.0,
        "Operating Income": -47362000.0,
        "Operating Expense": 30753000.0,
        "Research And Development": 13508000.0,
        "Selling General And Administration": 17245000.0,
        "Gross Profit": -16609000.0,
        "Cost Of Revenue": 16809000.0,
        "Total Revenue": 200000.0,
        "Operating Revenue": 200000.0
    },
    "2023-12-31": {
        "Tax Effect Of Unusual Items": 0.0,
        "Tax Rate For Calcs": 0.0,
        "Normalized EBITDA": -38075000.0,
        "Total Unusual Items": 2040000.0,
        "Total Unusual Items Excluding Goodwill": 2040000.0,
        "Net Income From Continuing Operation Net Minority Interest": -59977000.0,
        "Reconciled Depreciation": 23007000.0,
        "Reconciled Cost Of Revenue": 19769000.0,
        "EBITDA": -36035000.0,
        "EBIT": -59042000.0,
        "Net Interest Income": 2499000.0,
        "Interest Expense": 1629000.0,
        "Interest Income": 4128000.0,
        "Normalized Income": -62017000.0,
        "Net Income From Continuing And Discontinued Operation": -59977000.0,
        "Total Expenses": 72158000.0,
        "Total Operating Income As Reported": -64777000.0,
        "Diluted Average Shares": 165708522.0,
        "Basic Average Shares": 165708522.0,
        "Diluted EPS": -0.36,
        "Basic EPS": -0.36,
        "Diluted NI Availto Com Stockholders": -55837000.0,
        "Average Dilution Earnings": NaN,
        "Net Income Common Stockholders": -59977000.0,
        "Net Income": -59977000.0,
        "Minority Interests": NaN,
        "Net Income Including Noncontrolling Interests": -60038000.0,
        "Net Income Continuous Operations": -60038000.0,
        "Tax Provision": NaN,
        "Pretax Income": -60671000.0,
        "Other Income Expense": 1607000.0,
        "Other Non Operating Income Expenses": -433000.0,
        "Special Income Charges": 0.0,
        "Impairment Of Capital Assets": 0.0,
        "Restructuring And Mergern Acquisition": 0.0,
        "Gain On Sale Of Security": 2040000.0,
        "Net Non Operating Interest Income Expense": 2499000.0,
        "Interest Expense Non Operating": 1629000.0,
        "Interest Income Non Operating": 4128000.0,
        "Operating Income": -64777000.0,
        "Operating Expense": 52389000.0,
        "Research And Development": 34582000.0,
        "Selling General And Administration": 17807000.0,
        "Gross Profit": -12388000.0,
        "Cost Of Revenue": 19769000.0,
        "Total Revenue": 7381000.0,
        "Operating Revenue": 7381000.0
    },
    "2024-03-31": {
        "Tax Effect Of Unusual Items": 68816.909259,
        "Tax Rate For Calcs": 0.003258,
        "Normalized EBITDA": -41136000.0,
        "Total Unusual Items": 21120000.0,
        "Total Unusual Items Excluding Goodwill": 21120000.0,
        "Net Income From Continuing Operation Net Minority Interest": -46368000.0,
        "Reconciled Depreciation": 24974000.0,
        "Reconciled Cost Of Revenue": 7072000.0,
        "EBITDA": -20016000.0,
        "EBIT": -44990000.0,
        "Net Interest Income": 1901000.0,
        "Interest Expense": 1659000.0,
        "Interest Income": 3560000.0,
        "Normalized Income": -67419183.090741,
        "Net Income From Continuing And Discontinued Operation": -46368000.0,
        "Total Expenses": 75408000.0,
        "Total Operating Income As Reported": -70136000.0,
        "Diluted Average Shares": 168144918.0,
        "Basic Average Shares": 168144918.0,
        "Diluted EPS": -0.28,
        "Basic EPS": -0.28,
        "Diluted NI Availto Com Stockholders": -46368000.0,
        "Average Dilution Earnings": NaN,
        "Net Income Common Stockholders": -46368000.0,
        "Net Income": -46368000.0,
        "Minority Interests": 129000.0,
        "Net Income Including Noncontrolling Interests": -46497000.0,
        "Net Income Continuous Operations": -46497000.0,
        "Tax Provision": -152000.0,
        "Pretax Income": -46649000.0,
        "Other Income Expense": 21586000.0,
        "Other Non Operating Income Expenses": 466000.0,
        "Special Income Charges": NaN,
        "Impairment Of Capital Assets": NaN,
        "Restructuring And Mergern Acquisition": NaN,
        "Gain On Sale Of Security": 21120000.0,
        "Net Non Operating Interest Income Expense": 1901000.0,
        "Interest Expense Non Operating": 1659000.0,
        "Interest Income Non Operating": 3560000.0,
        "Operating Income": -70136000.0,
        "Operating Expense": 68336000.0,
        "Research And Development": 48788000.0,
        "Selling General And Administration": 19548000.0,
        "Gross Profit": -1800000.0,
        "Cost Of Revenue": 7072000.0,
        "Total Revenue": 5272000.0,
        "Operating Revenue": 5272000.0
    },
    "2024-06-30": {
        "Tax Effect Of Unusual Items": -2732051.106336,
        "Tax Rate For Calcs": 0.038048,
        "Normalized EBITDA": -41093000.0,
        "Total Unusual Items": -71806000.0,
        "Total Unusual Items Excluding Goodwill": -71806000.0,
        "Net Income From Continuing Operation Net Minority Interest": -115872000.0,
        "Reconciled Depreciation": 5943000.0,
        "Reconciled Cost Of Revenue": 4423000.0,
        "EBITDA": -112899000.0,
        "EBIT": -118842000.0,
        "Net Interest Income": 1635000.0,
        "Interest Expense": 1691000.0,
        "Interest Income": 3326000.0,
        "Normalized Income": -46798051.106336,
        "Net Income From Continuing And Discontinued Operation": -115872000.0,
        "Total Expenses": 54372000.0,
        "Total Operating Income As Reported": -88750000.0,
        "Diluted Average Shares": 172399172.0,
        "Basic Average Shares": 172399172.0,
        "Diluted EPS": -0.67,
        "Basic EPS": -0.67,
        "Diluted NI Availto Com Stockholders": -115872000.0,
        "Average Dilution Earnings": NaN,
        "Net Income Common Stockholders": -115872000.0,
        "Net Income": -115872000.0,
        "Minority Interests": 75000.0,
        "Net Income Including Noncontrolling Interests": -115947000.0,
        "Net Income Continuous Operations": -115947000.0,
        "Tax Provision": -4586000.0,
        "Pretax Income": -120533000.0,
        "Other Income Expense": -71564000.0,
        "Other Non Operating Income Expenses": 242000.0,
        "Special Income Charges": -38146000.0,
        "Impairment Of Capital Assets": 0.0,
        "Restructuring And Mergern Acquisition": 38146000.0,
        "Gain On Sale Of Security": -33660000.0,
        "Net Non Operating Interest Income Expense": 1635000.0,
        "Interest Expense Non Operating": 1691000.0,
        "Interest Income Non Operating": 3326000.0,
        "Operating Income": -50604000.0,
        "Operating Expense": 49949000.0,
        "Research And Development": 29065000.0,
        "Selling General And Administration": 20884000.0,
        "Gross Profit": -655000.0,
        "Cost Of Revenue": 4423000.0,
        "Total Revenue": 3768000.0,
        "Operating Revenue": 3768000.0
    }
}