{
    "2023-03-31": {
        "Tax Effect Of Unusual Items": 90420000.0,
        "Tax Rate For Calcs": 0.22,
        "Normalized EBITDA": 3024000000.0,
        "Total Unusual Items": 411000000.0,
        "Total Unusual Items Excluding Goodwill": 411000000.0,
        "Net Income From Continuing Operation Net Minority Interest": 2023000000.0,
        "Reconciled Depreciation": 798000000.0,
        "Reconciled Cost Of Revenue": 1316000000.0,
        "EBITDA": 3435000000.0,
        "EBIT": 2637000000.0,
        "Net Interest Income": -42000000.0,
        "Interest Expense": 42000000.0,
        "Normalized Income": 1702420000.0,
        "Net Income From Continuing And Discontinued Operation": 2023000000.0,
        "Total Expenses": 3418000000.0,
        "Total Operating Income As Reported": 2572000000.0,
        "Diluted Average Shares": 587000000.0,
        "Basic Average Shares": 584000000.0,
        "Diluted EPS": 3.45,
        "Basic EPS": 3.46,
        "Diluted NI Availto Com Stockholders": 2023000000.0,
        "Net Income Common Stockholders": 2023000000.0,
        "Net Income": 2023000000.0,
        "Net Income Including Noncontrolling Interests": 2023000000.0,
        "Net Income Continuous Operations": 2023000000.0,
        "Tax Provision": 572000000.0,
        "Pretax Income": 2595000000.0,
        "Other Income Expense": 476000000.0,
        "Other Non Operating Income Expenses": 65000000.0,
        "Special Income Charges": 35000000.0,
        "Gain On Sale Of Ppe": 69000000.0,
        "Impairment Of Capital Assets": 34000000.0,
        "Gain On Sale Of Security": 376000000.0,
        "Net Non Operating Interest Income Expense": -42000000.0,
        "Interest Expense Non Operating": 42000000.0,
        "Operating Income": 2161000000.0,
        "Operating Expense": 2102000000.0,
        "Other Operating Expenses": 267000000.0,
        "Other Taxes": 329000000.0,
        "Selling General And Administration": 1506000000.0,
        "Selling And Marketing Expense": 1361000000.0,
        "General And Administrative Expense": 145000000.0,
        "Other Gand A": 145000000.0,
        "Gross Profit": 4263000000.0,
        "Cost Of Revenue": 1316000000.0,
        "Total Revenue": 5579000000.0,
        "Operating Revenue": 5579000000.0
    },
    "2022-12-31": {
        "Tax Effect Of Unusual Items": 13028331.58447,
        "Tax Rate For Calcs": 0.203568,
        "Normalized EBITDA": 3715000000.0,
        "Total Unusual Items": 64000000.0,
        "Total Unusual Items Excluding Goodwill": 64000000.0,
        "Net Income From Continuing Operation Net Minority Interest": 2277000000.0,
        "Reconciled Depreciation": 878000000.0,
        "Reconciled Cost Of Revenue": 1390000000.0,
        "EBITDA": 3779000000.0,
        "EBIT": 2901000000.0,
        "Net Interest Income": -42000000.0,
        "Interest Expense": 42000000.0,
        "Normalized Income": 2226028331.58447,
        "Net Income From Continuing And Discontinued Operation": 2277000000.0,
        "Total Expenses": 3705000000.0,
        "Total Operating Income As Reported": 2853000000.0,
        "Diluted Average Shares": 588000000.0,
        "Basic Average Shares": 584000000.0,
        "Diluted EPS": 3.87,
        "Basic EPS": 3.9,
        "Diluted NI Availto Com Stockholders": 2277000000.0,
        "Net Income Common Stockholders": 2277000000.0,
        "Net Income": 2277000000.0,
        "Net Income Including Noncontrolling Interests": 2277000000.0,
        "Net Income Continuous Operations": 2277000000.0,
        "Tax Provision": 582000000.0,
        "Pretax Income": 2859000000.0,
        "Other Income Expense": 112000000.0,
        "Other Non Operating Income Expenses": 48000000.0,
        "Special Income Charges": -169000000.0,
        "Gain On Sale Of Ppe": -27000000.0,
        "Impairment Of Capital Assets": 86000000.0,
        "Gain On Sale Of Security": 233000000.0,
        "Net Non Operating Interest Income Expense": -42000000.0,
        "Interest Expense Non Operating": 42000000.0,
        "Operating Income": 2789000000.0,
        "Operating Expense": 2315000000.0,
        "Other Operating Expenses": 266000000.0,
        "Other Taxes": 389000000.0,
        "Selling General And Administration": 1660000000.0,
        "Selling And Marketing Expense": 1504000000.0,
        "General And Administrative Expense": 156000000.0,
        "Other Gand A": 156000000.0,
        "Gross Profit": 5104000000.0,
        "Cost Of Revenue": 1390000000.0,
        "Total Revenue": 6494000000.0,
        "Operating Revenue": 6494000000.0
    },
    "2022-09-30": {
        "Tax Effect Of Unusual Items": -29393000.0,
        "Tax Rate For Calcs": 0.221,
        "Normalized EBITDA": 4743000000.0,
        "Total Unusual Items": -133000000.0,
        "Total Unusual Items Excluding Goodwill": -133000000.0,
        "Net Income From Continuing Operation Net Minority Interest": 2854000000.0,
        "Reconciled Depreciation": 906000000.0,
        "Reconciled Cost Of Revenue": 1408000000.0,
        "EBITDA": 4610000000.0,
        "EBIT": 3704000000.0,
        "Net Interest Income": -41000000.0,
        "Interest Expense": 41000000.0,
        "Normalized Income": 2957607000.0,
        "Net Income From Continuing And Discontinued Operation": 2854000000.0,
        "Total Expenses": 3801000000.0,
        "Total Operating Income As Reported": 3664000000.0,
        "Diluted Average Shares": 587000000.0,
        "Basic Average Shares": 583000000.0,
        "Diluted EPS": 4.86,
        "Basic EPS": 4.9,
        "Diluted NI Availto Com Stockholders": 2854000000.0,
        "Net Income Common Stockholders": 2854000000.0,
        "Net Income": 2854000000.0,
        "Net Income Including Noncontrolling Interests": 2854000000.0,
        "Net Income Continuous Operations": 2854000000.0,
        "Tax Provision": 809000000.0,
        "Pretax Income": 3663000000.0,
        "Other Income Expense": -93000000.0,
        "Other Non Operating Income Expenses": 40000000.0,
        "Special Income Charges": -115000000.0,
        "Gain On Sale Of Ppe": -21000000.0,
        "Impairment Of Capital Assets": 94000000.0,
        "Gain On Sale Of Security": -18000000.0,
        "Net Non Operating Interest Income Expense": -41000000.0,
        "Interest Expense Non Operating": 41000000.0,
        "Operating Income": 3797000000.0,
        "Operating Expense": 2393000000.0,
        "Other Operating Expenses": 276000000.0,
        "Other Taxes": 334000000.0,
        "Selling General And Administration": 1783000000.0,
        "Selling And Marketing Expense": 1621000000.0,
        "General And Administrative Expense": 162000000.0,
        "Other Gand A": 162000000.0,
        "Gross Profit": 6190000000.0,
        "Cost Of Revenue": 1408000000.0,
        "Total Revenue": 7598000000.0,
        "Operating Revenue": 7598000000.0
    },
    "2022-06-30": {
        "Tax Effect Of Unusual Items": -301620000.0,
        "Tax Rate For Calcs": 0.22,
        "Normalized EBITDA": 5212000000.0,
        "Total Unusual Items": -1371000000.0,
        "Total Unusual Items Excluding Goodwill": -1371000000.0,
        "Net Income From Continuing Operation Net Minority Interest": 2238000000.0,
        "Reconciled Depreciation": 911000000.0,
        "Reconciled Cost Of Revenue": 1387000000.0,
        "EBITDA": 3841000000.0,
        "EBIT": 2930000000.0,
        "Net Interest Income": -48000000.0,
        "Interest Expense": 48000000.0,
        "Normalized Income": 3307380000.0,
        "Net Income From Continuing And Discontinued Operation": 2238000000.0,
        "Total Expenses": 4371000000.0,
        "Total Operating Income As Reported": 2903000000.0,
        "Diluted Average Shares": 588000000.0,
        "Basic Average Shares": 583000000.0,
        "Diluted EPS": 3.81,
        "Basic EPS": 3.84,
        "Diluted NI Availto Com Stockholders": 2238000000.0,
        "Net Income Common Stockholders": 2238000000.0,
        "Net Income": 2238000000.0,
        "Net Income Including Noncontrolling Interests": 2238000000.0,
        "Net Income Continuous Operations": 2238000000.0,
        "Tax Provision": 644000000.0,
        "Pretax Income": 2882000000.0,
        "Other Income Expense": -1344000000.0,
        "Other Non Operating Income Expenses": 27000000.0,
        "Special Income Charges": 6000000.0,
        "Gain On Sale Of Ppe": 97000000.0,
        "Impairment Of Capital Assets": 91000000.0,
        "Gain On Sale Of Security": -1377000000.0,
        "Net Non Operating Interest Income Expense": -48000000.0,
        "Interest Expense Non Operating": 48000000.0,
        "Operating Income": 4274000000.0,
        "Operating Expense": 2984000000.0,
        "Other Operating Expenses": 257000000.0,
        "Other Taxes": 472000000.0,
        "Selling General And Administration": 2255000000.0,
        "Selling And Marketing Expense": 2127000000.0,
        "General And Administrative Expense": 128000000.0,
        "Other Gand A": 128000000.0,
        "Gross Profit": 7258000000.0,
        "Cost Of Revenue": 1387000000.0,
        "Total Revenue": 8645000000.0,
        "Operating Revenue": 8645000000.0
    },
    "2023-06-30": {
        "Tax Effect Of Unusual Items": 12540000.0,
        "Tax Rate For Calcs": 0.22,
        "Normalized EBITDA": 2830000000.0,
        "Total Unusual Items": 57000000.0,
        "Total Unusual Items Excluding Goodwill": 57000000.0,
        "Net Income From Continuing Operation Net Minority Interest": 1553000000.0,
        "Reconciled Depreciation": 866000000.0,
        "Reconciled Cost Of Revenue": 1374000000.0,
        "EBITDA": 2887000000.0,
        "EBIT": 2021000000.0,
        "Net Interest Income": -35000000.0,
        "Interest Expense": 35000000.0,
        "Normalized Income": 1508540000.0,
        "Net Income From Continuing And Discontinued Operation": 1553000000.0,
        "Total Expenses": 3547000000.0,
        "Total Operating Income As Reported": 1970000000.0,
        "Diluted Average Shares": 584000000.0,
        "Basic Average Shares": 580000000.0,
        "Diluted EPS": 2.66,
        "Basic EPS": 2.68,
        "Diluted NI Availto Com Stockholders": 1553000000.0,
        "Net Income Common Stockholders": 1553000000.0,
        "Net Income": 1553000000.0,
        "Net Income Including Noncontrolling Interests": 1553000000.0,
        "Net Income Continuous Operations": 1553000000.0,
        "Tax Provision": 433000000.0,
        "Pretax Income": 1986000000.0,
        "Other Income Expense": 108000000.0,
        "Other Non Operating Income Expenses": 51000000.0,
        "Special Income Charges": -44000000.0,
        "Gain On Sale Of Ppe": -9000000.0,
        "Impairment Of Capital Assets": 35000000.0,
        "Gain On Sale Of Security": 101000000.0,
        "Net Non Operating Interest Income Expense": -35000000.0,
        "Interest Expense Non Operating": 35000000.0,
        "Operating Income": 1913000000.0,
        "Operating Expense": 2173000000.0,
        "Other Operating Expenses": 262000000.0,
        "Other Taxes": 313000000.0,
        "Selling General And Administration": 1598000000.0,
        "Selling And Marketing Expense": 1456000000.0,
        "General And Administrative Expense": 142000000.0,
        "Other Gand A": 142000000.0,
        "Gross Profit": 4086000000.0,
        "Cost Of Revenue": 1374000000.0,
        "Total Revenue": 5460000000.0,
        "Operating Revenue": 5460000000.0
    },
    "2022-03-31": {
        "Diluted EPS": 0.67,
        "Total Revenue": NaN,
        "Gross Profit": NaN,
        "Operating Income": 546,
        "EBIT": NaN,
        "Net Income": 390
    },
    "2021-12-31": {
        "Diluted EPS": 3.4,
        "Total Revenue": NaN,
        "Gross Profit": NaN,
        "Operating Income": NaN,
        "EBIT": NaN,
        "Net Income": NaN
    },
    "2021-09-30": {
        "Diluted EPS": 1.88,
        "Total Revenue": NaN,
        "Gross Profit": NaN,
        "Operating Income": NaN,
        "EBIT": NaN,
        "Net Income": NaN
    },
    "2021-06-30": {
        "Diluted EPS": 1.55,
        "Total Revenue": NaN,
        "Gross Profit": NaN,
        "Operating Income": NaN,
        "EBIT": NaN,
        "Net Income": 907
    },
    "2021-03-31": {
        "Diluted EPS": 1.16,
        "Total Revenue": NaN,
        "Gross Profit": NaN,
        "Operating Income": 932,
        "EBIT": NaN,
        "Net Income": 677
    },
    "2020-12-31": {
        "Diluted EPS": 0.58,
        "Total Revenue": NaN,
        "Gross Profit": NaN,
        "Operating Income": 488,
        "EBIT": NaN,
        "Net Income": 337
    },
    "2020-09-30": {
        "Diluted EPS": -0.07,
        "Total Revenue": NaN,
        "Gross Profit": NaN,
        "Operating Income": -3,
        "EBIT": 820,
        "Net Income": -42
    },
    "2020-06-30": {
        "Diluted EPS": -1.57,
        "Total Revenue": NaN,
        "Gross Profit": NaN,
        "Operating Income": NaN,
        "EBIT": -380,
        "Net Income": -910
    },
    "2020-03-31": {
        "Diluted EPS": 0.02,
        "Total Revenue": NaN,
        "Gross Profit": NaN,
        "Operating Income": 58,
        "EBIT": NaN,
        "Net Income": 10
    },
    "2019-12-31": {
        "Diluted EPS": 1.09,
        "Total Revenue": NaN,
        "Gross Profit": NaN,
        "Operating Income": 864,
        "EBIT": NaN,
        "Net Income": 637
    },
    "2019-09-30": {
        "Diluted EPS": 1.06,
        "Total Revenue": NaN,
        "Gross Profit": NaN,
        "Operating Income": 828,
        "EBIT": NaN,
        "Net Income": 615
    },
    "2019-06-30": {
        "Diluted EPS": 1.46,
        "Total Revenue": NaN,
        "Gross Profit": NaN,
        "Operating Income": NaN,
        "EBIT": NaN,
        "Net Income": 848
    },
    "2019-03-31": {
        "Diluted EPS": 1.1,
        "Total Revenue": NaN,
        "Gross Profit": NaN,
        "Operating Income": 877,
        "EBIT": NaN,
        "Net Income": 635
    },
    "2018-12-31": {
        "Diluted EPS": 1.54,
        "Total Revenue": NaN,
        "Gross Profit": NaN,
        "Operating Income": NaN,
        "EBIT": NaN,
        "Net Income": 893
    },
    "2018-09-30": {
        "Diluted EPS": 2.05,
        "Total Revenue": NaN,
        "Gross Profit": NaN,
        "Operating Income": NaN,
        "EBIT": NaN,
        "Net Income": NaN
    },
    "2018-06-30": {
        "Diluted EPS": 1.2,
        "Total Revenue": NaN,
        "Gross Profit": NaN,
        "Operating Income": 965,
        "EBIT": NaN,
        "Net Income": 697
    },
    "2018-03-31": {
        "Diluted EPS": 1.1,
        "Total Revenue": NaN,
        "Gross Profit": NaN,
        "Operating Income": 875,
        "EBIT": NaN,
        "Net Income": 639
    },
    "2017-12-31": {
        "Diluted EPS": 4.2,
        "Total Revenue": NaN,
        "Gross Profit": NaN,
        "Operating Income": 476,
        "EBIT": NaN,
        "Net Income": NaN
    },
    "2017-09-30": {
        "Diluted EPS": 0.17,
        "Total Revenue": NaN,
        "Gross Profit": NaN,
        "Operating Income": 215,
        "EBIT": NaN,
        "Net Income": 101
    },
    "2017-06-30": {
        "Diluted EPS": 0.04,
        "Total Revenue": NaN,
        "Gross Profit": NaN,
        "Operating Income": 128,
        "EBIT": 993,
        "Net Income": 23
    },
    "2017-03-31": {
        "Diluted EPS": 0.05,
        "Total Revenue": NaN,
        "Gross Profit": NaN,
        "Operating Income": 108,
        "EBIT": 924,
        "Net Income": 29
    },
    "2016-12-31": {
        "Diluted EPS": -0.24,
        "Total Revenue": NaN,
        "Gross Profit": NaN,
        "Operating Income": -105,
        "EBIT": 757,
        "Net Income": -142
    },
    "2016-09-30": {
        "Diluted EPS": -0.35,
        "Total Revenue": NaN,
        "Gross Profit": NaN,
        "Operating Income": -193,
        "EBIT": 706,
        "Net Income": -190
    },
    "2016-06-30": {
        "Diluted EPS": -0.53,
        "Total Revenue": NaN,
        "Gross Profit": NaN,
        "Operating Income": -288,
        "EBIT": 574,
        "Net Income": -293
    },
    "2016-03-31": {
        "Diluted EPS": -0.86,
        "Total Revenue": NaN,
        "Gross Profit": NaN,
        "Operating Income": -638,
        "EBIT": 291,
        "Net Income": -472
    },
    "2015-12-31": {
        "Diluted EPS": -0.52,
        "Total Revenue": NaN,
        "Gross Profit": NaN,
        "Operating Income": -330,
        "EBIT": 440,
        "Net Income": -284
    },
    "2015-09-30": {
        "Diluted EPS": -7.47,
        "Total Revenue": NaN,
        "Gross Profit": NaN,
        "Operating Income": NaN,
        "EBIT": NaN,
        "Net Income": NaN
    },
    "2015-06-30": {
        "Diluted EPS": 0.01,
        "Total Revenue": NaN,
        "Gross Profit": NaN,
        "Operating Income": 40,
        "EBIT": 949,
        "Net Income": 5
    },
    "2015-03-31": {
        "Diluted EPS": -0.31,
        "Total Revenue": NaN,
        "Gross Profit": NaN,
        "Operating Income": -173,
        "EBIT": 740,
        "Net Income": -170
    },
    "2014-12-31": {
        "Diluted EPS": 0.81,
        "Total Revenue": NaN,
        "Gross Profit": NaN,
        "Operating Income": NaN,
        "EBIT": NaN,
        "Net Income": 445
    },
    "2014-09-30": {
        "Diluted EPS": 2.01,
        "Total Revenue": NaN,
        "Gross Profit": NaN,
        "Operating Income": NaN,
        "EBIT": NaN,
        "Net Income": NaN
    },
    "2014-06-30": {
        "Diluted EPS": 1.29,
        "Total Revenue": NaN,
        "Gross Profit": NaN,
        "Operating Income": NaN,
        "EBIT": NaN,
        "Net Income": 706
    },
    "2014-03-31": {
        "Diluted EPS": 1.21,
        "Total Revenue": NaN,
        "Gross Profit": NaN,
        "Operating Income": NaN,
        "EBIT": NaN,
        "Net Income": 661
    },
    "2013-12-31": {
        "Diluted EPS": 1.05,
        "Total Revenue": NaN,
        "Gross Profit": NaN,
        "Operating Income": 980,
        "EBIT": NaN,
        "Net Income": 580
    },
    "2013-09-30": {
        "Diluted EPS": 0.85,
        "Total Revenue": NaN,
        "Gross Profit": NaN,
        "Operating Income": 770,
        "EBIT": NaN,
        "Net Income": 462
    },
    "2013-06-30": {
        "Diluted EPS": 1.21,
        "Total Revenue": NaN,
        "Gross Profit": NaN,
        "Operating Income": NaN,
        "EBIT": NaN,
        "Net Income": 660
    },
    "2013-03-31": {
        "Diluted EPS": 0.91,
        "Total Revenue": NaN,
        "Gross Profit": NaN,
        "Operating Income": 833,
        "EBIT": NaN,
        "Net Income": 495
    },
    "2012-12-31": {
        "Diluted EPS": -0.94,
        "Total Revenue": NaN,
        "Gross Profit": NaN,
        "Operating Income": -378,
        "EBIT": 408,
        "Net Income": -505
    },
    "2012-09-30": {
        "Diluted EPS": 0.66,
        "Total Revenue": NaN,
        "Gross Profit": NaN,
        "Operating Income": 606,
        "EBIT": NaN,
        "Net Income": 355
    },
    "2012-06-30": {
        "Diluted EPS": 0.74,
        "Total Revenue": NaN,
        "Gross Profit": NaN,
        "Operating Income": 692,
        "EBIT": NaN,
        "Net Income": 396
    },
    "2012-03-31": {
        "Diluted EPS": 0.6,
        "Total Revenue": NaN,
        "Gross Profit": NaN,
        "Operating Income": 560,
        "EBIT": NaN,
        "Net Income": 324
    },
    "2011-12-31": {
        "Diluted EPS": 0.24,
        "Total Revenue": NaN,
        "Gross Profit": NaN,
        "Operating Income": 303,
        "EBIT": 996,
        "Net Income": 121
    },
    "2011-09-30": {
        "Diluted EPS": 1.01,
        "Total Revenue": NaN,
        "Gross Profit": NaN,
        "Operating Income": 950,
        "EBIT": NaN,
        "Net Income": 541
    },
    "2011-06-30": {
        "Diluted EPS": 0.55,
        "Total Revenue": NaN,
        "Gross Profit": NaN,
        "Operating Income": 588,
        "EBIT": NaN,
        "Net Income": 296
    },
    "2011-03-31": {
        "Diluted EPS": 0.26,
        "Total Revenue": NaN,
        "Gross Profit": NaN,
        "Operating Income": 272,
        "EBIT": 841,
        "Net Income": 134
    },
    "2010-12-31": {
        "Diluted EPS": 0.11,
        "Total Revenue": NaN,
        "Gross Profit": NaN,
        "Operating Income": 175,
        "EBIT": 718,
        "Net Income": 54
    },
    "2010-09-30": {
        "Diluted EPS": -0.14,
        "Total Revenue": NaN,
        "Gross Profit": NaN,
        "Operating Income": -12,
        "EBIT": 489,
        "Net Income": -71
    },
    "2010-06-30": {
        "Diluted EPS": 0.12,
        "Total Revenue": NaN,
        "Gross Profit": NaN,
        "Operating Income": 141,
        "EBIT": 606,
        "Net Income": 60
    },
    "2010-03-31": {
        "Diluted EPS": 0.23,
        "Total Revenue": NaN,
        "Gross Profit": NaN,
        "Operating Income": 220,
        "EBIT": 652,
        "Net Income": 118
    },
    "2009-12-31": {
        "Diluted EPS": 0.8,
        "Total Revenue": NaN,
        "Gross Profit": NaN,
        "Operating Income": 654,
        "EBIT": NaN,
        "Net Income": 400
    },
    "2009-09-30": {
        "Diluted EPS": 0.01,
        "Total Revenue": NaN,
        "Gross Profit": NaN,
        "Operating Income": 35,
        "EBIT": 421,
        "Net Income": 4
    },
    "2009-06-30": {
        "Diluted EPS": -0.04,
        "Total Revenue": 861,
        "Gross Profit": 861,
        "Operating Income": 0,
        "EBIT": 376,
        "Net Income": -17
    },
    "2009-03-31": {
        "Diluted EPS": 0.32,
        "Total Revenue": NaN,
        "Gross Profit": NaN,
        "Operating Income": 281,
        "EBIT": 671,
        "Net Income": 159
    },
    "2023-09-30": {
        "Tax Effect Of Unusual Items": 5040000.0,
        "Tax Rate For Calcs": 0.21,
        "Normalized EBITDA": 3483000000.0,
        "Total Unusual Items": 24000000.0,
        "Total Unusual Items Excluding Goodwill": 24000000.0,
        "Net Income From Continuing Operation Net Minority Interest": 2030000000.0,
        "Reconciled Depreciation": 898000000.0,
        "Reconciled Cost Of Revenue": 1433000000.0,
        "EBITDA": 3507000000.0,
        "EBIT": 2609000000.0,
        "Net Interest Income": -36000000.0,
        "Interest Expense": 36000000.0,
        "Normalized Income": 2011040000.0,
        "Net Income From Continuing And Discontinued Operation": 2030000000.0,
        "Total Expenses": 3580000000.0,
        "Total Operating Income As Reported": 2557000000.0,
        "Diluted Average Shares": 583000000.0,
        "Basic Average Shares": 579000000.0,
        "Diluted EPS": 3.48,
        "Basic EPS": 3.51,
        "Diluted NI Availto Com Stockholders": 2030000000.0,
        "Net Income Common Stockholders": 2030000000.0,
        "Net Income": 2030000000.0,
        "Net Income Including Noncontrolling Interests": 2030000000.0,
        "Net Income Continuous Operations": 2030000000.0,
        "Tax Provision": 543000000.0,
        "Pretax Income": 2573000000.0,
        "Other Income Expense": 76000000.0,
        "Other Non Operating Income Expenses": 52000000.0,
        "Special Income Charges": -19000000.0,
        "Gain On Sale Of Ppe": 35000000.0,
        "Impairment Of Capital Assets": 54000000.0,
        "Gain On Sale Of Security": 43000000.0,
        "Net Non Operating Interest Income Expense": -36000000.0,
        "Interest Expense Non Operating": 36000000.0,
        "Operating Income": 2533000000.0,
        "Operating Expense": 2147000000.0,
        "Other Operating Expenses": 262000000.0,
        "Other Taxes": 341000000.0,
        "Selling General And Administration": 1544000000.0,
        "Selling And Marketing Expense": 1383000000.0,
        "General And Administrative Expense": 161000000.0,
        "Other Gand A": 161000000.0,
        "Gross Profit": 4680000000.0,
        "Cost Of Revenue": 1433000000.0,
        "Total Revenue": 6113000000.0,
        "Operating Revenue": 6113000000.0
    }
}