{
    "2023-03-31": {
        "Tax Effect Of Unusual Items": NaN,
        "Tax Rate For Calcs": NaN,
        "Normalized EBITDA": NaN,
        "Total Unusual Items": NaN,
        "Total Unusual Items Excluding Goodwill": NaN,
        "Net Income From Continuing Operation Net Minority Interest": NaN,
        "Reconciled Depreciation": NaN,
        "Reconciled Cost Of Revenue": NaN,
        "EBITDA": NaN,
        "EBIT": NaN,
        "Net Interest Income": NaN,
        "Interest Expense": NaN,
        "Normalized Income": NaN,
        "Net Income From Continuing And Discontinued Operation": NaN,
        "Total Expenses": NaN,
        "Total Operating Income As Reported": NaN,
        "Diluted Average Shares": NaN,
        "Basic Average Shares": NaN,
        "Diluted EPS": NaN,
        "Basic EPS": NaN,
        "Diluted NI Availto Com Stockholders": NaN,
        "Average Dilution Earnings": NaN,
        "Net Income Common Stockholders": NaN,
        "Preferred Stock Dividends": NaN,
        "Net Income": NaN,
        "Net Income Including Noncontrolling Interests": NaN,
        "Net Income Continuous Operations": NaN,
        "Tax Provision": NaN,
        "Pretax Income": NaN,
        "Other Income Expense": NaN,
        "Other Non Operating Income Expenses": NaN,
        "Special Income Charges": NaN,
        "Other Special Charges": 1634000.0,
        "Impairment Of Capital Assets": NaN,
        "Gain On Sale Of Security": NaN,
        "Net Non Operating Interest Income Expense": NaN,
        "Total Other Finance Cost": NaN,
        "Interest Expense Non Operating": NaN,
        "Operating Income": NaN,
        "Operating Expense": NaN,
        "Research And Development": NaN,
        "Selling General And Administration": NaN,
        "Gross Profit": NaN,
        "Cost Of Revenue": NaN,
        "Total Revenue": NaN,
        "Operating Revenue": NaN
    },
    "2022-12-31": {
        "Tax Effect Of Unusual Items": NaN,
        "Tax Rate For Calcs": NaN,
        "Normalized EBITDA": NaN,
        "Total Unusual Items": NaN,
        "Total Unusual Items Excluding Goodwill": NaN,
        "Net Income From Continuing Operation Net Minority Interest": NaN,
        "Reconciled Depreciation": NaN,
        "Reconciled Cost Of Revenue": NaN,
        "EBITDA": NaN,
        "EBIT": NaN,
        "Net Interest Income": NaN,
        "Interest Expense": NaN,
        "Normalized Income": NaN,
        "Net Income From Continuing And Discontinued Operation": NaN,
        "Total Expenses": NaN,
        "Total Operating Income As Reported": NaN,
        "Diluted Average Shares": NaN,
        "Basic Average Shares": NaN,
        "Diluted EPS": NaN,
        "Basic EPS": NaN,
        "Diluted NI Availto Com Stockholders": NaN,
        "Net Income Common Stockholders": NaN,
        "Preferred Stock Dividends": NaN,
        "Net Income": NaN,
        "Net Income Including Noncontrolling Interests": NaN,
        "Net Income Continuous Operations": NaN,
        "Tax Provision": NaN,
        "Pretax Income": NaN,
        "Other Income Expense": NaN,
        "Other Non Operating Income Expenses": NaN,
        "Special Income Charges": NaN,
        "Other Special Charges": 0.0,
        "Impairment Of Capital Assets": NaN,
        "Restructuring And Mergern Acquisition": 0.0,
        "Earnings From Equity Interest": 0.0,
        "Gain On Sale Of Security": NaN,
        "Net Non Operating Interest Income Expense": NaN,
        "Total Other Finance Cost": NaN,
        "Interest Expense Non Operating": NaN,
        "Operating Income": NaN,
        "Operating Expense": NaN,
        "Other Operating Expenses": -20000.0,
        "Research And Development": NaN,
        "Selling General And Administration": NaN,
        "Gross Profit": NaN,
        "Cost Of Revenue": NaN,
        "Total Revenue": NaN,
        "Operating Revenue": NaN
    },
    "2022-09-30": {
        "Tax Effect Of Unusual Items": NaN,
        "Tax Rate For Calcs": NaN,
        "Normalized EBITDA": NaN,
        "Total Unusual Items": NaN,
        "Total Unusual Items Excluding Goodwill": NaN,
        "Net Income From Continuing Operation Net Minority Interest": NaN,
        "Reconciled Depreciation": NaN,
        "Reconciled Cost Of Revenue": NaN,
        "EBITDA": NaN,
        "EBIT": NaN,
        "Net Interest Income": NaN,
        "Interest Expense": NaN,
        "Normalized Income": NaN,
        "Net Income From Continuing And Discontinued Operation": NaN,
        "Total Expenses": NaN,
        "Total Operating Income As Reported": NaN,
        "Diluted Average Shares": 63065884.0,
        "Basic Average Shares": 63065884.0,
        "Diluted EPS": -1.12,
        "Basic EPS": -1.12,
        "Diluted NI Availto Com Stockholders": NaN,
        "Net Income Common Stockholders": NaN,
        "Net Income": NaN,
        "Net Income Including Noncontrolling Interests": NaN,
        "Net Income Continuous Operations": NaN,
        "Tax Provision": NaN,
        "Pretax Income": NaN,
        "Other Income Expense": NaN,
        "Other Non Operating Income Expenses": NaN,
        "Special Income Charges": NaN,
        "Other Special Charges": 942000.0,
        "Impairment Of Capital Assets": NaN,
        "Restructuring And Mergern Acquisition": 0.0,
        "Earnings From Equity Interest": 0.0,
        "Gain On Sale Of Security": NaN,
        "Net Non Operating Interest Income Expense": NaN,
        "Interest Expense Non Operating": NaN,
        "Operating Income": NaN,
        "Operating Expense": NaN,
        "Other Operating Expenses": NaN,
        "Research And Development": NaN,
        "Selling General And Administration": NaN,
        "Gross Profit": NaN,
        "Cost Of Revenue": NaN,
        "Total Revenue": NaN,
        "Operating Revenue": NaN
    },
    "2022-06-30": {
        "Tax Effect Of Unusual Items": 912.943044,
        "Tax Rate For Calcs": 0.000406,
        "Normalized EBITDA": -54742000.0,
        "Total Unusual Items": 2251000.0,
        "Total Unusual Items Excluding Goodwill": 2251000.0,
        "Net Income From Continuing Operation Net Minority Interest": -56687000.0,
        "Reconciled Depreciation": 1271000.0,
        "Reconciled Cost Of Revenue": 36866000.0,
        "EBITDA": -52491000.0,
        "EBIT": -53762000.0,
        "Net Interest Income": -2948000.0,
        "Interest Expense": 2948000.0,
        "Normalized Income": -58937087.056956,
        "Net Income From Continuing And Discontinued Operation": -56687000.0,
        "Total Expenses": 61276000.0,
        "Total Operating Income As Reported": -57378000.0,
        "Diluted Average Shares": 56021185.0,
        "Basic Average Shares": 56021185.0,
        "Diluted EPS": -1.01,
        "Basic EPS": -1.01,
        "Diluted NI Availto Com Stockholders": -56687000.0,
        "Net Income Common Stockholders": -56687000.0,
        "Net Income": -56687000.0,
        "Net Income Including Noncontrolling Interests": -56687000.0,
        "Net Income Continuous Operations": -56687000.0,
        "Tax Provision": -23000.0,
        "Pretax Income": -56710000.0,
        "Other Income Expense": 1619000.0,
        "Other Non Operating Income Expenses": -632000.0,
        "Special Income Charges": -1997000.0,
        "Other Special Charges": NaN,
        "Impairment Of Capital Assets": 1997000.0,
        "Restructuring And Mergern Acquisition": 0.0,
        "Earnings From Equity Interest": 0.0,
        "Gain On Sale Of Security": 4248000.0,
        "Net Non Operating Interest Income Expense": -2948000.0,
        "Interest Expense Non Operating": 2948000.0,
        "Operating Income": -55381000.0,
        "Operating Expense": 24410000.0,
        "Other Operating Expenses": -169000.0,
        "Research And Development": 5464000.0,
        "Selling General And Administration": 19115000.0,
        "General And Administrative Expense": NaN,
        "Other Gand A": NaN,
        "Gross Profit": -30971000.0,
        "Cost Of Revenue": 36866000.0,
        "Total Revenue": 5895000.0,
        "Operating Revenue": 5895000.0
    },
    "2022-03-31": {
        "Diluted EPS": -0.85,
        "Total Revenue": 3,
        "Gross Profit": -32,
        "Operating Income": -52,
        "EBIT": -51,
        "Net Income": -46
    },
    "2021-12-31": {
        "Diluted EPS": -0.56,
        "Total Revenue": 3,
        "Gross Profit": -18,
        "Operating Income": -38,
        "EBIT": -36,
        "Net Income": -31
    },
    "2021-09-30": {
        "Diluted EPS": -0.34,
        "Total Revenue": 1,
        "Gross Profit": -12,
        "Operating Income": -26,
        "EBIT": -25,
        "Net Income": -18
    },
    "2021-06-30": {
        "Diluted EPS": -1.04,
        "Total Revenue": 1,
        "Gross Profit": -12,
        "Operating Income": -49,
        "EBIT": -49,
        "Net Income": -54
    },
    "2021-03-31": {
        "Diluted EPS": -0.42,
        "Total Revenue": 0,
        "Gross Profit": 0,
        "Operating Income": -22,
        "EBIT": -21,
        "Net Income": -21
    },
    "2020-12-31": {
        "Diluted EPS": 4.03,
        "Total Revenue": 0,
        "Gross Profit": 1,
        "Operating Income": -15,
        "EBIT": -15,
        "Net Income": -25
    },
    "2020-09-30": {
        "Diluted EPS": -7.66,
        "Total Revenue": 0,
        "Gross Profit": -6,
        "Operating Income": -14,
        "EBIT": -14,
        "Net Income": -30
    },
    "2020-06-30": {
        "Diluted EPS": -1.5,
        "Total Revenue": NaN,
        "Gross Profit": 0,
        "Operating Income": -4,
        "EBIT": -4,
        "Net Income": -6
    },
    "2020-03-31": {
        "Diluted EPS": -2.38,
        "Total Revenue": NaN,
        "Gross Profit": 0,
        "Operating Income": -5,
        "EBIT": -5,
        "Net Income": -9
    },
    "2019-12-31": {
        "Diluted EPS": 0.0,
        "Total Revenue": NaN,
        "Gross Profit": NaN,
        "Operating Income": NaN,
        "EBIT": NaN,
        "Net Income": NaN
    },
    "2019-09-30": {
        "Diluted EPS": 0.0,
        "Total Revenue": NaN,
        "Gross Profit": NaN,
        "Operating Income": NaN,
        "EBIT": NaN,
        "Net Income": NaN
    },
    "2023-06-30": {
        "Tax Effect Of Unusual Items": NaN,
        "Tax Rate For Calcs": NaN,
        "Normalized EBITDA": NaN,
        "Total Unusual Items": NaN,
        "Total Unusual Items Excluding Goodwill": NaN,
        "Net Income From Continuing Operation Net Minority Interest": NaN,
        "Reconciled Depreciation": NaN,
        "Reconciled Cost Of Revenue": NaN,
        "EBITDA": NaN,
        "EBIT": NaN,
        "Net Interest Income": NaN,
        "Interest Expense": NaN,
        "Normalized Income": NaN,
        "Net Income From Continuing And Discontinued Operation": NaN,
        "Total Expenses": NaN,
        "Total Operating Income As Reported": NaN,
        "Diluted Average Shares": 117320802.0,
        "Basic Average Shares": 117320802.0,
        "Diluted EPS": -1.12,
        "Basic EPS": -1.12,
        "Diluted NI Availto Com Stockholders": NaN,
        "Average Dilution Earnings": NaN,
        "Net Income Common Stockholders": NaN,
        "Preferred Stock Dividends": NaN,
        "Net Income": NaN,
        "Net Income Including Noncontrolling Interests": NaN,
        "Net Income Continuous Operations": NaN,
        "Tax Provision": NaN,
        "Pretax Income": NaN,
        "Other Income Expense": NaN,
        "Other Non Operating Income Expenses": NaN,
        "Special Income Charges": NaN,
        "Other Special Charges": 1876000.0,
        "Impairment Of Capital Assets": NaN,
        "Gain On Sale Of Security": NaN,
        "Net Non Operating Interest Income Expense": NaN,
        "Total Other Finance Cost": 985000.0,
        "Interest Expense Non Operating": NaN,
        "Operating Income": NaN,
        "Operating Expense": NaN,
        "Research And Development": NaN,
        "Selling General And Administration": NaN,
        "Gross Profit": NaN,
        "Cost Of Revenue": NaN,
        "Total Revenue": NaN,
        "Operating Revenue": NaN
    },
    "2023-09-30": {
        "Tax Effect Of Unusual Items": 52929.876213,
        "Tax Rate For Calcs": 0.00087,
        "Normalized EBITDA": -34226000.0,
        "Total Unusual Items": 60849000.0,
        "Total Unusual Items Excluding Goodwill": 60849000.0,
        "Net Income From Continuing Operation Net Minority Interest": 14932000.0,
        "Reconciled Depreciation": 2421000.0,
        "Reconciled Cost Of Revenue": 21262000.0,
        "EBITDA": 26623000.0,
        "EBIT": 24202000.0,
        "Net Interest Income": -9443000.0,
        "Interest Expense": 9257000.0,
        "Normalized Income": -45864070.123787,
        "Net Income From Continuing And Discontinued Operation": 14932000.0,
        "Total Expenses": 37566000.0,
        "Total Operating Income As Reported": -37837000.0,
        "Diluted Average Shares": 156325284.0,
        "Basic Average Shares": 138005222.0,
        "Diluted EPS": -0.05,
        "Basic EPS": 0.11,
        "Diluted NI Availto Com Stockholders": -8017000.0,
        "Average Dilution Earnings": -22949000.0,
        "Net Income Common Stockholders": 14932000.0,
        "Preferred Stock Dividends": NaN,
        "Net Income": 14932000.0,
        "Net Income Including Noncontrolling Interests": 14932000.0,
        "Net Income Continuous Operations": 14932000.0,
        "Tax Provision": 13000.0,
        "Pretax Income": 14945000.0,
        "Other Income Expense": 61270000.0,
        "Other Non Operating Income Expenses": 421000.0,
        "Special Income Charges": -955000.0,
        "Other Special Charges": NaN,
        "Impairment Of Capital Assets": 955000.0,
        "Gain On Sale Of Security": 61804000.0,
        "Net Non Operating Interest Income Expense": -9443000.0,
        "Total Other Finance Cost": 186000.0,
        "Interest Expense Non Operating": 9257000.0,
        "Operating Income": -36882000.0,
        "Operating Expense": 16304000.0,
        "Research And Development": 3228000.0,
        "Selling General And Administration": 13076000.0,
        "Gross Profit": -20578000.0,
        "Cost Of Revenue": 21262000.0,
        "Total Revenue": 684000.0,
        "Operating Revenue": 684000.0
    },
    "2023-12-31": {
        "Tax Effect Of Unusual Items": 2291940.0,
        "Tax Rate For Calcs": 0.21,
        "Normalized EBITDA": -40830000.0,
        "Total Unusual Items": 10914000.0,
        "Total Unusual Items Excluding Goodwill": 10914000.0,
        "Net Income From Continuing Operation Net Minority Interest": -41208000.0,
        "Reconciled Depreciation": 2721000.0,
        "Reconciled Cost Of Revenue": 30350000.0,
        "EBITDA": -29916000.0,
        "EBIT": -32637000.0,
        "Net Interest Income": -8565000.0,
        "Interest Expense": 8565000.0,
        "Normalized Income": -49830060.0,
        "Net Income From Continuing And Discontinued Operation": -41208000.0,
        "Total Expenses": 48840000.0,
        "Total Operating Income As Reported": -42238000.0,
        "Diluted Average Shares": NaN,
        "Basic Average Shares": NaN,
        "Diluted EPS": NaN,
        "Basic EPS": NaN,
        "Diluted NI Availto Com Stockholders": -41208000.0,
        "Average Dilution Earnings": NaN,
        "Net Income Common Stockholders": -41208000.0,
        "Preferred Stock Dividends": NaN,
        "Net Income": -41208000.0,
        "Net Income Including Noncontrolling Interests": -41208000.0,
        "Net Income Continuous Operations": -41208000.0,
        "Tax Provision": 6000.0,
        "Pretax Income": -41202000.0,
        "Other Income Expense": 9593000.0,
        "Other Non Operating Income Expenses": -1321000.0,
        "Special Income Charges": -8000.0,
        "Other Special Charges": 0.0,
        "Impairment Of Capital Assets": 8000.0,
        "Gain On Sale Of Security": 10922000.0,
        "Net Non Operating Interest Income Expense": -8565000.0,
        "Total Other Finance Cost": NaN,
        "Interest Expense Non Operating": 8565000.0,
        "Operating Income": -42230000.0,
        "Operating Expense": 18490000.0,
        "Research And Development": 5009000.0,
        "Selling General And Administration": 13481000.0,
        "Gross Profit": -23740000.0,
        "Cost Of Revenue": 30350000.0,
        "Total Revenue": 6610000.0,
        "Operating Revenue": 6610000.0
    },
    "2024-03-31": {
        "Tax Effect Of Unusual Items": 707490.0,
        "Tax Rate For Calcs": 0.21,
        "Normalized EBITDA": -39439000.0,
        "Total Unusual Items": 3369000.0,
        "Total Unusual Items Excluding Goodwill": 3369000.0,
        "Net Income From Continuing Operation Net Minority Interest": -46708000.0,
        "Reconciled Depreciation": 1495000.0,
        "Reconciled Cost Of Revenue": 28229000.0,
        "EBITDA": -36070000.0,
        "EBIT": -37565000.0,
        "Net Interest Income": -9118000.0,
        "Interest Expense": 9118000.0,
        "Normalized Income": -49369510.0,
        "Net Income From Continuing And Discontinued Operation": -46708000.0,
        "Total Expenses": 47671000.0,
        "Total Operating Income As Reported": -41135000.0,
        "Diluted Average Shares": 201306905.0,
        "Basic Average Shares": 201306905.0,
        "Diluted EPS": -0.23,
        "Basic EPS": -0.23,
        "Diluted NI Availto Com Stockholders": -46708000.0,
        "Average Dilution Earnings": NaN,
        "Net Income Common Stockholders": -46708000.0,
        "Preferred Stock Dividends": NaN,
        "Net Income": -46708000.0,
        "Net Income Including Noncontrolling Interests": -46708000.0,
        "Net Income Continuous Operations": -46708000.0,
        "Tax Provision": 25000.0,
        "Pretax Income": -46683000.0,
        "Other Income Expense": 3505000.0,
        "Other Non Operating Income Expenses": 136000.0,
        "Special Income Charges": -65000.0,
        "Other Special Charges": NaN,
        "Impairment Of Capital Assets": 65000.0,
        "Gain On Sale Of Security": 3434000.0,
        "Net Non Operating Interest Income Expense": -9118000.0,
        "Total Other Finance Cost": NaN,
        "Interest Expense Non Operating": 9118000.0,
        "Operating Income": -41070000.0,
        "Operating Expense": 19442000.0,
        "Research And Development": 5200000.0,
        "Selling General And Administration": 14242000.0,
        "Gross Profit": -21628000.0,
        "Cost Of Revenue": 28229000.0,
        "Total Revenue": 6601000.0,
        "Operating Revenue": 6601000.0
    },
    "2024-06-30": {
        "Tax Effect Of Unusual Items": 2633190.0,
        "Tax Rate For Calcs": 0.21,
        "Normalized EBITDA": -30749000.0,
        "Total Unusual Items": 12539000.0,
        "Total Unusual Items Excluding Goodwill": 12539000.0,
        "Net Income From Continuing Operation Net Minority Interest": -28172000.0,
        "Reconciled Depreciation": 1681000.0,
        "Reconciled Cost Of Revenue": 14121000.0,
        "EBITDA": -18210000.0,
        "EBIT": -19891000.0,
        "Net Interest Income": -11691000.0,
        "Interest Expense": 8273000.0,
        "Normalized Income": -38077810.0,
        "Net Income From Continuing And Discontinued Operation": -28172000.0,
        "Total Expenses": 29664000.0,
        "Total Operating Income As Reported": -29037000.0,
        "Diluted Average Shares": 211137189.0,
        "Basic Average Shares": 211137189.0,
        "Diluted EPS": -0.25,
        "Basic EPS": -0.25,
        "Diluted NI Availto Com Stockholders": -51843000.0,
        "Average Dilution Earnings": NaN,
        "Net Income Common Stockholders": -51843000.0,
        "Preferred Stock Dividends": 23671000.0,
        "Net Income": -28172000.0,
        "Net Income Including Noncontrolling Interests": -28172000.0,
        "Net Income Continuous Operations": -28172000.0,
        "Tax Provision": 8000.0,
        "Pretax Income": -28164000.0,
        "Other Income Expense": 12293000.0,
        "Other Non Operating Income Expenses": -246000.0,
        "Special Income Charges": 68207000.0,
        "Other Special Charges": -68478000.0,
        "Impairment Of Capital Assets": 271000.0,
        "Gain On Sale Of Security": -55668000.0,
        "Net Non Operating Interest Income Expense": -11691000.0,
        "Total Other Finance Cost": 3418000.0,
        "Interest Expense Non Operating": 8273000.0,
        "Operating Income": -28766000.0,
        "Operating Expense": 15543000.0,
        "Research And Development": 4250000.0,
        "Selling General And Administration": 11293000.0,
        "Gross Profit": -13223000.0,
        "Cost Of Revenue": 14121000.0,
        "Total Revenue": 898000.0,
        "Operating Revenue": 898000.0
    },
    "2024-09-30": {
        "Tax Effect Of Unusual Items": -13191.476951,
        "Tax Rate For Calcs": 4.7e-05,
        "Normalized EBITDA": -51941000.0,
        "Total Unusual Items": -282695000.0,
        "Total Unusual Items Excluding Goodwill": -282695000.0,
        "Net Income From Continuing Operation Net Minority Interest": -342866000.0,
        "Reconciled Depreciation": 3057000.0,
        "Reconciled Cost Of Revenue": 25764000.0,
        "EBITDA": -334636000.0,
        "EBIT": -337693000.0,
        "Net Interest Income": -5424000.0,
        "Interest Expense": 5189000.0,
        "Normalized Income": -60184191.476951,
        "Net Income From Continuing And Discontinued Operation": -342866000.0,
        "Total Expenses": 50988000.0,
        "Total Operating Income As Reported": -53326000.0,
        "Diluted Average Shares": 216898374.0,
        "Basic Average Shares": 216898374.0,
        "Diluted EPS": -1.77,
        "Basic EPS": -1.77,
        "Diluted NI Availto Com Stockholders": -384133000.0,
        "Average Dilution Earnings": 0.0,
        "Net Income Common Stockholders": -384133000.0,
        "Preferred Stock Dividends": 41267000.0,
        "Net Income": -342866000.0,
        "Net Income Including Noncontrolling Interests": -342866000.0,
        "Net Income Continuous Operations": -342866000.0,
        "Tax Provision": -16000.0,
        "Pretax Income": -342882000.0,
        "Other Income Expense": -287324000.0,
        "Other Non Operating Income Expenses": -4629000.0,
        "Special Income Charges": -3192000.0,
        "Other Special Charges": NaN,
        "Impairment Of Capital Assets": 3192000.0,
        "Gain On Sale Of Security": -279503000.0,
        "Net Non Operating Interest Income Expense": -5424000.0,
        "Total Other Finance Cost": 235000.0,
        "Interest Expense Non Operating": 5189000.0,
        "Operating Income": -50134000.0,
        "Operating Expense": 25224000.0,
        "Research And Development": 7428000.0,
        "Selling General And Administration": 17796000.0,
        "Gross Profit": -24910000.0,
        "Cost Of Revenue": 25764000.0,
        "Total Revenue": 854000.0,
        "Operating Revenue": 854000.0
    }
}