{
    "2023-03-31": {
        "Tax Effect Of Unusual Items": NaN,
        "Tax Rate For Calcs": NaN,
        "Normalized EBITDA": NaN,
        "Total Unusual Items": NaN,
        "Total Unusual Items Excluding Goodwill": NaN,
        "Net Income From Continuing Operation Net Minority Interest": NaN,
        "Reconciled Depreciation": NaN,
        "EBITDA": NaN,
        "EBIT": NaN,
        "Net Interest Income": NaN,
        "Interest Expense": NaN,
        "Interest Income": 1155622.0,
        "Normalized Income": NaN,
        "Net Income From Continuing And Discontinued Operation": NaN,
        "Total Expenses": NaN,
        "Rent Expense Supplemental": NaN,
        "Diluted Average Shares": 44092374.0,
        "Basic Average Shares": 44092374.0,
        "Diluted EPS": -0.16,
        "Basic EPS": -0.16,
        "Diluted NI Availto Com Stockholders": NaN,
        "Net Income Common Stockholders": NaN,
        "Net Income": NaN,
        "Net Income Including Noncontrolling Interests": NaN,
        "Net Income Continuous Operations": NaN,
        "Tax Provision": 1600.0,
        "Pretax Income": NaN,
        "Other Income Expense": NaN,
        "Securities Amortization": -154730.0,
        "Gain On Sale Of Security": NaN,
        "Net Non Operating Interest Income Expense": NaN,
        "Interest Expense Non Operating": NaN,
        "Interest Income Non Operating": 1155622.0,
        "Operating Income": NaN,
        "Operating Expense": NaN,
        "Other Operating Expenses": NaN,
        "Depreciation Amortization Depletion Income Statement": -154730.0,
        "Depreciation And Amortization In Income Statement": -154730.0,
        "Amortization": -154730.0,
        "Amortization Of Intangibles Income Statement": -154730.0,
        "Research And Development": NaN,
        "Selling General And Administration": NaN,
        "General And Administrative Expense": NaN,
        "Other Gand A": NaN,
        "Insurance And Claims": NaN,
        "Rent And Landing Fees": NaN,
        "Salaries And Wages": NaN,
        "Total Revenue": NaN,
        "Operating Revenue": NaN
    },
    "2022-12-31": {
        "Tax Effect Of Unusual Items": NaN,
        "Tax Rate For Calcs": NaN,
        "Normalized EBITDA": NaN,
        "Total Unusual Items": NaN,
        "Total Unusual Items Excluding Goodwill": NaN,
        "Net Income From Continuing Operation Net Minority Interest": NaN,
        "Reconciled Depreciation": NaN,
        "EBITDA": NaN,
        "EBIT": NaN,
        "Net Interest Income": NaN,
        "Interest Expense": NaN,
        "Interest Income": 1112304.0,
        "Normalized Income": NaN,
        "Net Income From Continuing And Discontinued Operation": NaN,
        "Total Expenses": NaN,
        "Rent Expense Supplemental": NaN,
        "Diluted Average Shares": NaN,
        "Basic Average Shares": NaN,
        "Diluted EPS": NaN,
        "Basic EPS": NaN,
        "Diluted NI Availto Com Stockholders": NaN,
        "Net Income Common Stockholders": NaN,
        "Net Income": NaN,
        "Net Income Including Noncontrolling Interests": NaN,
        "Net Income Continuous Operations": NaN,
        "Tax Provision": NaN,
        "Pretax Income": NaN,
        "Other Income Expense": NaN,
        "Securities Amortization": NaN,
        "Gain On Sale Of Security": NaN,
        "Net Non Operating Interest Income Expense": NaN,
        "Interest Expense Non Operating": NaN,
        "Interest Income Non Operating": 1112304.0,
        "Operating Income": NaN,
        "Operating Expense": NaN,
        "Other Operating Expenses": -63781.0,
        "Depreciation Amortization Depletion Income Statement": -63781.0,
        "Depreciation And Amortization In Income Statement": -63781.0,
        "Amortization": -63781.0,
        "Amortization Of Intangibles Income Statement": -63781.0,
        "Research And Development": NaN,
        "Selling General And Administration": NaN,
        "General And Administrative Expense": NaN,
        "Other Gand A": NaN,
        "Insurance And Claims": NaN,
        "Rent And Landing Fees": NaN,
        "Salaries And Wages": NaN,
        "Total Revenue": NaN,
        "Operating Revenue": NaN
    },
    "2022-09-30": {
        "Tax Effect Of Unusual Items": NaN,
        "Tax Rate For Calcs": NaN,
        "Normalized EBITDA": NaN,
        "Total Unusual Items": NaN,
        "Total Unusual Items Excluding Goodwill": NaN,
        "Net Income From Continuing Operation Net Minority Interest": NaN,
        "Reconciled Depreciation": NaN,
        "EBITDA": NaN,
        "EBIT": NaN,
        "Net Interest Income": NaN,
        "Interest Expense": NaN,
        "Interest Income": 762434.0,
        "Normalized Income": NaN,
        "Net Income From Continuing And Discontinued Operation": NaN,
        "Total Expenses": NaN,
        "Rent Expense Supplemental": NaN,
        "Diluted Average Shares": NaN,
        "Basic Average Shares": NaN,
        "Diluted EPS": NaN,
        "Basic EPS": NaN,
        "Diluted NI Availto Com Stockholders": NaN,
        "Net Income Common Stockholders": NaN,
        "Net Income": NaN,
        "Net Income Including Noncontrolling Interests": NaN,
        "Net Income Continuous Operations": NaN,
        "Tax Provision": NaN,
        "Pretax Income": NaN,
        "Other Income Expense": NaN,
        "Gain On Sale Of Security": NaN,
        "Net Non Operating Interest Income Expense": NaN,
        "Interest Expense Non Operating": NaN,
        "Interest Income Non Operating": 762434.0,
        "Operating Income": NaN,
        "Operating Expense": NaN,
        "Other Operating Expenses": NaN,
        "Depreciation Amortization Depletion Income Statement": 3027.0,
        "Depreciation And Amortization In Income Statement": 3027.0,
        "Amortization": 3027.0,
        "Amortization Of Intangibles Income Statement": 3027.0,
        "Research And Development": NaN,
        "Selling General And Administration": NaN,
        "General And Administrative Expense": NaN,
        "Other Gand A": NaN,
        "Insurance And Claims": NaN,
        "Rent And Landing Fees": NaN,
        "Salaries And Wages": NaN,
        "Total Revenue": NaN,
        "Operating Revenue": NaN
    },
    "2022-06-30": {
        "Tax Effect Of Unusual Items": 14.644392,
        "Tax Rate For Calcs": 0.005158,
        "Normalized EBITDA": -8736485.0,
        "Total Unusual Items": 2839.0,
        "Total Unusual Items Excluding Goodwill": 2839.0,
        "Net Income From Continuing Operation Net Minority Interest": -8826743.0,
        "Reconciled Depreciation": 30447.0,
        "EBITDA": -8733646.0,
        "EBIT": -8869365.0,
        "Net Interest Income": 414727.0,
        "Interest Expense": 3145.0,
        "Interest Income": 417872.0,
        "Normalized Income": -8829567.355608,
        "Net Income From Continuing And Discontinued Operation": -8826743.0,
        "Total Expenses": 9290076.0,
        "Rent Expense Supplemental": 1120.0,
        "Diluted Average Shares": 44059700.0,
        "Basic Average Shares": 44059700.0,
        "Diluted EPS": -0.2,
        "Basic EPS": -0.2,
        "Diluted NI Availto Com Stockholders": -8826743.0,
        "Net Income Common Stockholders": -8826743.0,
        "Net Income": -8826743.0,
        "Net Income Including Noncontrolling Interests": -8826743.0,
        "Net Income Continuous Operations": -8826743.0,
        "Tax Provision": -45767.0,
        "Pretax Income": -8872510.0,
        "Other Income Expense": 2839.0,
        "Other Non Operating Income Expenses": NaN,
        "Gain On Sale Of Security": 2839.0,
        "Net Non Operating Interest Income Expense": 414727.0,
        "Interest Expense Non Operating": 3145.0,
        "Interest Income Non Operating": 417872.0,
        "Operating Income": -9290076.0,
        "Operating Expense": 9290076.0,
        "Other Operating Expenses": NaN,
        "Depreciation Amortization Depletion Income Statement": 135719.0,
        "Depreciation And Amortization In Income Statement": 135719.0,
        "Amortization": 135719.0,
        "Amortization Of Intangibles Income Statement": 135719.0,
        "Research And Development": 6394534.0,
        "Selling General And Administration": 2759823.0,
        "General And Administrative Expense": 2759823.0,
        "Other Gand A": 600541.0,
        "Insurance And Claims": 482080.0,
        "Rent And Landing Fees": 1120.0,
        "Salaries And Wages": 1676082.0,
        "Total Revenue": 0.0,
        "Operating Revenue": 0.0
    },
    "2022-03-31": {
        "Diluted EPS": -0.25,
        "Total Revenue": NaN,
        "Gross Profit": NaN,
        "Operating Income": -11,
        "EBIT": -11,
        "Net Income": -11
    },
    "2021-12-31": {
        "Diluted EPS": -0.21,
        "Total Revenue": NaN,
        "Gross Profit": NaN,
        "Operating Income": -9,
        "EBIT": -9,
        "Net Income": -9
    },
    "2021-09-30": {
        "Diluted EPS": -0.19,
        "Total Revenue": NaN,
        "Gross Profit": NaN,
        "Operating Income": -9,
        "EBIT": -9,
        "Net Income": -9
    },
    "2021-06-30": {
        "Diluted EPS": -0.21,
        "Total Revenue": NaN,
        "Gross Profit": NaN,
        "Operating Income": -9,
        "EBIT": -9,
        "Net Income": -9
    },
    "2021-03-31": {
        "Diluted EPS": -0.36,
        "Total Revenue": NaN,
        "Gross Profit": NaN,
        "Operating Income": -12,
        "EBIT": -12,
        "Net Income": -13
    },
    "2020-12-31": {
        "Diluted EPS": -0.2,
        "Total Revenue": NaN,
        "Gross Profit": NaN,
        "Operating Income": -7,
        "EBIT": -7,
        "Net Income": -7
    },
    "2020-09-30": {
        "Diluted EPS": -0.13,
        "Total Revenue": NaN,
        "Gross Profit": NaN,
        "Operating Income": -5,
        "EBIT": -5,
        "Net Income": -5
    },
    "2020-06-30": {
        "Diluted EPS": -0.24,
        "Total Revenue": NaN,
        "Gross Profit": NaN,
        "Operating Income": -5,
        "EBIT": -5,
        "Net Income": -5
    },
    "2020-03-31": {
        "Diluted EPS": -0.45,
        "Total Revenue": NaN,
        "Gross Profit": NaN,
        "Operating Income": -10,
        "EBIT": -10,
        "Net Income": -9
    },
    "2019-12-31": {
        "Diluted EPS": -0.22,
        "Total Revenue": NaN,
        "Gross Profit": NaN,
        "Operating Income": -5,
        "EBIT": -5,
        "Net Income": -5
    },
    "2019-09-30": {
        "Diluted EPS": -0.02,
        "Total Revenue": NaN,
        "Gross Profit": NaN,
        "Operating Income": -3,
        "EBIT": -3,
        "Net Income": -3
    },
    "2019-06-30": {
        "Diluted EPS": -0.52,
        "Total Revenue": NaN,
        "Gross Profit": NaN,
        "Operating Income": -3,
        "EBIT": -3,
        "Net Income": -3
    },
    "2019-03-31": {
        "Diluted EPS": -0.54,
        "Total Revenue": NaN,
        "Gross Profit": NaN,
        "Operating Income": -3,
        "EBIT": -3,
        "Net Income": -3
    },
    "2018-12-31": {
        "Diluted EPS": -0.43,
        "Total Revenue": NaN,
        "Gross Profit": NaN,
        "Operating Income": -3,
        "EBIT": -3,
        "Net Income": -3
    },
    "2018-09-30": {
        "Diluted EPS": 0.22,
        "Total Revenue": NaN,
        "Gross Profit": NaN,
        "Operating Income": -2,
        "EBIT": -2,
        "Net Income": -2
    },
    "2018-06-30": {
        "Diluted EPS": -0.5,
        "Total Revenue": NaN,
        "Gross Profit": NaN,
        "Operating Income": -3,
        "EBIT": -3,
        "Net Income": -3
    },
    "2018-03-31": {
        "Diluted EPS": -0.83,
        "Total Revenue": NaN,
        "Gross Profit": NaN,
        "Operating Income": -4,
        "EBIT": -4,
        "Net Income": -4
    },
    "2017-12-31": {
        "Diluted EPS": -1.44,
        "Total Revenue": NaN,
        "Gross Profit": NaN,
        "Operating Income": -2,
        "EBIT": -2,
        "Net Income": -2
    },
    "2017-09-30": {
        "Diluted EPS": -1.18,
        "Total Revenue": NaN,
        "Gross Profit": NaN,
        "Operating Income": -2,
        "EBIT": -2,
        "Net Income": -2
    },
    "2017-06-30": {
        "Diluted EPS": 2.32,
        "Total Revenue": NaN,
        "Gross Profit": NaN,
        "Operating Income": -4,
        "EBIT": -4,
        "Net Income": 4
    },
    "2017-03-31": {
        "Diluted EPS": -5.23,
        "Total Revenue": NaN,
        "Gross Profit": NaN,
        "Operating Income": -4,
        "EBIT": -4,
        "Net Income": -8
    },
    "2016-12-31": {
        "Diluted EPS": 1.0,
        "Total Revenue": NaN,
        "Gross Profit": NaN,
        "Operating Income": -1,
        "EBIT": -1,
        "Net Income": 1
    },
    "2016-09-30": {
        "Diluted EPS": -2.8,
        "Total Revenue": NaN,
        "Gross Profit": NaN,
        "Operating Income": -5,
        "EBIT": -5,
        "Net Income": -4
    },
    "2016-06-30": {
        "Diluted EPS": -2.6,
        "Total Revenue": NaN,
        "Gross Profit": NaN,
        "Operating Income": -5,
        "EBIT": -5,
        "Net Income": -4
    },
    "2016-03-31": {
        "Diluted EPS": -0.8,
        "Total Revenue": NaN,
        "Gross Profit": NaN,
        "Operating Income": -5,
        "EBIT": -5,
        "Net Income": -1
    },
    "2015-12-31": {
        "Diluted EPS": -3.6,
        "Total Revenue": NaN,
        "Gross Profit": NaN,
        "Operating Income": -4,
        "EBIT": -4,
        "Net Income": -4
    },
    "2015-09-30": {
        "Diluted EPS": 0.8,
        "Total Revenue": NaN,
        "Gross Profit": NaN,
        "Operating Income": -1,
        "EBIT": -1,
        "Net Income": 0
    },
    "2015-06-30": {
        "Diluted EPS": -5.8,
        "Total Revenue": NaN,
        "Gross Profit": NaN,
        "Operating Income": -4,
        "EBIT": -4,
        "Net Income": -5
    },
    "2015-03-31": {
        "Diluted EPS": -4.0,
        "Total Revenue": NaN,
        "Gross Profit": NaN,
        "Operating Income": -4,
        "EBIT": -4,
        "Net Income": -4
    },
    "2014-12-31": {
        "Diluted EPS": -1.6,
        "Total Revenue": NaN,
        "Gross Profit": NaN,
        "Operating Income": -1,
        "EBIT": -1,
        "Net Income": -1
    },
    "2014-09-30": {
        "Diluted EPS": 0.0,
        "Total Revenue": NaN,
        "Gross Profit": NaN,
        "Operating Income": NaN,
        "EBIT": NaN,
        "Net Income": NaN
    },
    "2023-06-30": {
        "Tax Effect Of Unusual Items": 0.0,
        "Tax Rate For Calcs": 0.0,
        "Normalized EBITDA": -9053111.0,
        "Total Unusual Items": 1786212.0,
        "Total Unusual Items Excluding Goodwill": 1786212.0,
        "Net Income From Continuing Operation Net Minority Interest": -7298873.0,
        "Reconciled Depreciation": 30447.0,
        "EBITDA": -7266899.0,
        "EBIT": -7297346.0,
        "Net Interest Income": -1527.0,
        "Interest Expense": 1527.0,
        "Interest Income": 1614048.0,
        "Normalized Income": -9085085.0,
        "Net Income From Continuing And Discontinued Operation": -7298873.0,
        "Total Expenses": 9083558.0,
        "Rent Expense Supplemental": 1967.0,
        "Diluted Average Shares": 44092374.0,
        "Basic Average Shares": 44092374.0,
        "Diluted EPS": -0.17,
        "Basic EPS": -0.17,
        "Diluted NI Availto Com Stockholders": -7298873.0,
        "Net Income Common Stockholders": -7298873.0,
        "Net Income": -7298873.0,
        "Net Income Including Noncontrolling Interests": -7298873.0,
        "Net Income Continuous Operations": -7298873.0,
        "Tax Provision": 0.0,
        "Pretax Income": -7298873.0,
        "Other Income Expense": 1786212.0,
        "Securities Amortization": NaN,
        "Gain On Sale Of Security": 1786212.0,
        "Net Non Operating Interest Income Expense": -1527.0,
        "Interest Expense Non Operating": 1527.0,
        "Interest Income Non Operating": 1614048.0,
        "Operating Income": -9083558.0,
        "Operating Expense": 9083558.0,
        "Other Operating Expenses": -172991.0,
        "Depreciation Amortization Depletion Income Statement": NaN,
        "Depreciation And Amortization In Income Statement": NaN,
        "Amortization": NaN,
        "Amortization Of Intangibles Income Statement": NaN,
        "Research And Development": 6271186.0,
        "Selling General And Administration": 2812372.0,
        "General And Administrative Expense": 2812372.0,
        "Other Gand A": 917139.0,
        "Insurance And Claims": 476654.0,
        "Rent And Landing Fees": 1967.0,
        "Salaries And Wages": 1416612.0,
        "Total Revenue": 0.0,
        "Operating Revenue": 0.0
    },
    "2023-09-30": {
        "Tax Effect Of Unusual Items": 0.0,
        "Tax Rate For Calcs": 0.0,
        "Normalized EBITDA": -5449663.0,
        "Total Unusual Items": -3415.0,
        "Total Unusual Items Excluding Goodwill": -3415.0,
        "Net Income From Continuing Operation Net Minority Interest": -5481349.0,
        "Reconciled Depreciation": 27150.0,
        "EBITDA": -5453078.0,
        "EBIT": -5480228.0,
        "Net Interest Income": 1670679.0,
        "Interest Expense": 1121.0,
        "Interest Income": 1671800.0,
        "Normalized Income": -5477934.0,
        "Net Income From Continuing And Discontinued Operation": -5481349.0,
        "Total Expenses": 7148613.0,
        "Rent Expense Supplemental": 15781.0,
        "Diluted Average Shares": NaN,
        "Basic Average Shares": NaN,
        "Diluted EPS": NaN,
        "Basic EPS": NaN,
        "Diluted NI Availto Com Stockholders": -5481349.0,
        "Net Income Common Stockholders": -5481349.0,
        "Net Income": -5481349.0,
        "Net Income Including Noncontrolling Interests": -5481349.0,
        "Net Income Continuous Operations": -5481349.0,
        "Tax Provision": 0.0,
        "Pretax Income": -5481349.0,
        "Other Income Expense": -3415.0,
        "Securities Amortization": NaN,
        "Gain On Sale Of Security": -3415.0,
        "Net Non Operating Interest Income Expense": 1670679.0,
        "Interest Expense Non Operating": 1121.0,
        "Interest Income Non Operating": 1671800.0,
        "Operating Income": -7148613.0,
        "Operating Expense": 7148613.0,
        "Other Operating Expenses": -162901.0,
        "Depreciation Amortization Depletion Income Statement": NaN,
        "Depreciation And Amortization In Income Statement": NaN,
        "Amortization": NaN,
        "Amortization Of Intangibles Income Statement": NaN,
        "Research And Development": 5226231.0,
        "Selling General And Administration": 2085283.0,
        "General And Administrative Expense": 2085283.0,
        "Other Gand A": 462148.0,
        "Insurance And Claims": 324332.0,
        "Rent And Landing Fees": 15781.0,
        "Salaries And Wages": 1283022.0,
        "Total Revenue": 0.0,
        "Operating Revenue": 0.0
    },
    "2023-12-31": {
        "Tax Effect Of Unusual Items": 0.0,
        "Tax Rate For Calcs": 0.0,
        "Normalized EBITDA": -7571625.0,
        "Total Unusual Items": 1630310.0,
        "Total Unusual Items Excluding Goodwill": 1630310.0,
        "Net Income From Continuing Operation Net Minority Interest": -5964322.0,
        "Reconciled Depreciation": 23007.0,
        "EBITDA": -5941315.0,
        "EBIT": -5964322.0,
        "Net Interest Income": 0.0,
        "Interest Expense": 0.0,
        "Interest Income": NaN,
        "Normalized Income": -7594632.0,
        "Net Income From Continuing And Discontinued Operation": -5964322.0,
        "Total Expenses": 7594632.0,
        "Rent Expense Supplemental": 30296.0,
        "Diluted Average Shares": 44129491.0,
        "Basic Average Shares": 44129491.0,
        "Diluted EPS": -0.14,
        "Basic EPS": -0.14,
        "Diluted NI Availto Com Stockholders": -5964322.0,
        "Net Income Common Stockholders": -5964322.0,
        "Net Income": -5964322.0,
        "Net Income Including Noncontrolling Interests": -5964322.0,
        "Net Income Continuous Operations": -5964322.0,
        "Tax Provision": NaN,
        "Pretax Income": -5964322.0,
        "Other Income Expense": 1630310.0,
        "Securities Amortization": NaN,
        "Gain On Sale Of Security": 1630310.0,
        "Net Non Operating Interest Income Expense": 0.0,
        "Interest Expense Non Operating": 0.0,
        "Interest Income Non Operating": NaN,
        "Operating Income": -7594632.0,
        "Operating Expense": 7594632.0,
        "Other Operating Expenses": -207104.0,
        "Depreciation Amortization Depletion Income Statement": NaN,
        "Depreciation And Amortization In Income Statement": NaN,
        "Amortization": NaN,
        "Amortization Of Intangibles Income Statement": NaN,
        "Research And Development": 5376764.0,
        "Selling General And Administration": 2424972.0,
        "General And Administrative Expense": 2424972.0,
        "Other Gand A": 899721.0,
        "Insurance And Claims": 348323.0,
        "Rent And Landing Fees": 30296.0,
        "Salaries And Wages": 1146632.0,
        "Total Revenue": 0.0,
        "Operating Revenue": 0.0
    },
    "2024-03-31": {
        "Tax Effect Of Unusual Items": 0.0,
        "Tax Rate For Calcs": 0.0,
        "Normalized EBITDA": -10691908.0,
        "Total Unusual Items": 1724578.0,
        "Total Unusual Items Excluding Goodwill": 1724578.0,
        "Net Income From Continuing Operation Net Minority Interest": -8989535.0,
        "Reconciled Depreciation": 22205.0,
        "EBITDA": -8967330.0,
        "EBIT": -8989535.0,
        "Net Interest Income": 0.0,
        "Interest Expense": 0.0,
        "Interest Income": NaN,
        "Normalized Income": -10714113.0,
        "Net Income From Continuing And Discontinued Operation": -8989535.0,
        "Total Expenses": 10714113.0,
        "Rent Expense Supplemental": 38191.0,
        "Diluted Average Shares": 44237124.0,
        "Basic Average Shares": 44237124.0,
        "Diluted EPS": -0.2,
        "Basic EPS": -0.2,
        "Diluted NI Availto Com Stockholders": -8989535.0,
        "Net Income Common Stockholders": -8989535.0,
        "Net Income": -8989535.0,
        "Net Income Including Noncontrolling Interests": -8989535.0,
        "Net Income Continuous Operations": -8989535.0,
        "Tax Provision": 0.0,
        "Pretax Income": -8989535.0,
        "Other Income Expense": 1724578.0,
        "Securities Amortization": -220624.0,
        "Gain On Sale Of Security": 1724578.0,
        "Net Non Operating Interest Income Expense": 0.0,
        "Interest Expense Non Operating": 0.0,
        "Interest Income Non Operating": NaN,
        "Operating Income": -10714113.0,
        "Operating Expense": 10714113.0,
        "Other Operating Expenses": NaN,
        "Depreciation Amortization Depletion Income Statement": -220624.0,
        "Depreciation And Amortization In Income Statement": -220624.0,
        "Amortization": -220624.0,
        "Amortization Of Intangibles Income Statement": -220624.0,
        "Research And Development": 6177987.0,
        "Selling General And Administration": 4536126.0,
        "General And Administrative Expense": 4536126.0,
        "Other Gand A": 923934.0,
        "Insurance And Claims": 347686.0,
        "Rent And Landing Fees": 38191.0,
        "Salaries And Wages": 3226315.0,
        "Total Revenue": 0.0,
        "Operating Revenue": 0.0
    },
    "2024-06-30": {
        "Tax Effect Of Unusual Items": 0.0,
        "Tax Rate For Calcs": 0.0,
        "Normalized EBITDA": -8860952.0,
        "Total Unusual Items": 1649870.0,
        "Total Unusual Items Excluding Goodwill": 1649870.0,
        "Net Income From Continuing Operation Net Minority Interest": -7233747.0,
        "Reconciled Depreciation": 22665.0,
        "EBITDA": -7211082.0,
        "EBIT": -7233747.0,
        "Net Interest Income": 0.0,
        "Interest Expense": 0.0,
        "Interest Income": NaN,
        "Normalized Income": -8883617.0,
        "Net Income From Continuing And Discontinued Operation": -7233747.0,
        "Total Expenses": 8883617.0,
        "Rent Expense Supplemental": 33593.0,
        "Diluted Average Shares": 44365505.0,
        "Basic Average Shares": 44365505.0,
        "Diluted EPS": -0.16,
        "Basic EPS": -0.16,
        "Diluted NI Availto Com Stockholders": -7233747.0,
        "Net Income Common Stockholders": -7233747.0,
        "Net Income": -7233747.0,
        "Net Income Including Noncontrolling Interests": -7233747.0,
        "Net Income Continuous Operations": -7233747.0,
        "Tax Provision": 0.0,
        "Pretax Income": -7233747.0,
        "Other Income Expense": 1649870.0,
        "Securities Amortization": NaN,
        "Gain On Sale Of Security": 1649870.0,
        "Net Non Operating Interest Income Expense": 0.0,
        "Interest Expense Non Operating": 0.0,
        "Interest Income Non Operating": NaN,
        "Operating Income": -8883617.0,
        "Operating Expense": 8883617.0,
        "Other Operating Expenses": NaN,
        "Depreciation Amortization Depletion Income Statement": NaN,
        "Depreciation And Amortization In Income Statement": NaN,
        "Amortization": NaN,
        "Amortization Of Intangibles Income Statement": NaN,
        "Research And Development": 5464123.0,
        "Selling General And Administration": 3419494.0,
        "General And Administrative Expense": 3419494.0,
        "Other Gand A": 357106.0,
        "Insurance And Claims": 355899.0,
        "Rent And Landing Fees": 33593.0,
        "Salaries And Wages": 2672896.0,
        "Total Revenue": 0.0,
        "Operating Revenue": 0.0
    }
}