{
    "2023-12-31": {
        "Tax Effect Of Unusual Items": 0.0,
        "Tax Rate For Calcs": 0.339,
        "Normalized EBITDA": 6268000.0,
        "Total Unusual Items": NaN,
        "Total Unusual Items Excluding Goodwill": NaN,
        "Net Income From Continuing Operation Net Minority Interest": 1082000.0,
        "Reconciled Depreciation": 4598000.0,
        "Reconciled Cost Of Revenue": 16956000.0,
        "EBITDA": 6268000.0,
        "EBIT": 1670000.0,
        "Net Interest Income": 70000.0,
        "Interest Expense": 34000.0,
        "Interest Income": 104000.0,
        "Normalized Income": 1082000.0,
        "Net Income From Continuing And Discontinued Operation": 1082000.0,
        "Total Expenses": 19458000.0,
        "Total Operating Income As Reported": 1566000.0,
        "Diluted Average Shares": 32900000.0,
        "Basic Average Shares": 32693000.0,
        "Diluted EPS": 0.03,
        "Basic EPS": 0.03,
        "Diluted NI Availto Com Stockholders": 1082000.0,
        "Net Income Common Stockholders": 1082000.0,
        "Net Income": 1082000.0,
        "Net Income Including Noncontrolling Interests": 1082000.0,
        "Net Income Continuous Operations": 1082000.0,
        "Tax Provision": 554000.0,
        "Pretax Income": 1636000.0,
        "Other Income Expense": NaN,
        "Gain On Sale Of Security": NaN,
        "Net Non Operating Interest Income Expense": 70000.0,
        "Interest Expense Non Operating": 34000.0,
        "Interest Income Non Operating": 104000.0,
        "Operating Income": 1566000.0,
        "Operating Expense": 2502000.0,
        "Selling General And Administration": 2502000.0,
        "General And Administrative Expense": 2502000.0,
        "Other Gand A": 2502000.0,
        "Gross Profit": 4068000.0,
        "Cost Of Revenue": 16956000.0,
        "Total Revenue": 21024000.0,
        "Operating Revenue": 21024000.0
    },
    "2023-09-30": {
        "Tax Effect Of Unusual Items": 0.0,
        "Tax Rate For Calcs": 0.239,
        "Normalized EBITDA": 6231000.0,
        "Total Unusual Items": NaN,
        "Total Unusual Items Excluding Goodwill": NaN,
        "Net Income From Continuing Operation Net Minority Interest": 1474000.0,
        "Reconciled Depreciation": 4262000.0,
        "Reconciled Cost Of Revenue": 16145000.0,
        "EBITDA": 6231000.0,
        "EBIT": 1969000.0,
        "Net Interest Income": 84000.0,
        "Interest Expense": 32000.0,
        "Interest Income": 116000.0,
        "Normalized Income": 1474000.0,
        "Net Income From Continuing And Discontinued Operation": 1474000.0,
        "Total Expenses": 18748000.0,
        "Total Operating Income As Reported": 1853000.0,
        "Diluted Average Shares": 32984000.0,
        "Basic Average Shares": 32663000.0,
        "Diluted EPS": 0.04,
        "Basic EPS": 0.04,
        "Diluted NI Availto Com Stockholders": 1474000.0,
        "Net Income Common Stockholders": 1474000.0,
        "Net Income": 1474000.0,
        "Net Income Including Noncontrolling Interests": 1474000.0,
        "Net Income Continuous Operations": 1474000.0,
        "Tax Provision": 463000.0,
        "Pretax Income": 1937000.0,
        "Other Income Expense": NaN,
        "Gain On Sale Of Security": NaN,
        "Net Non Operating Interest Income Expense": 84000.0,
        "Interest Expense Non Operating": 32000.0,
        "Interest Income Non Operating": 116000.0,
        "Operating Income": 1853000.0,
        "Operating Expense": 2603000.0,
        "Selling General And Administration": 2603000.0,
        "General And Administrative Expense": 2603000.0,
        "Other Gand A": 2603000.0,
        "Gross Profit": 4456000.0,
        "Cost Of Revenue": 16145000.0,
        "Total Revenue": 20601000.0,
        "Operating Revenue": 20601000.0
    },
    "2023-06-30": {
        "Tax Effect Of Unusual Items": NaN,
        "Tax Rate For Calcs": NaN,
        "Normalized EBITDA": NaN,
        "Total Unusual Items": 0.0,
        "Total Unusual Items Excluding Goodwill": 0.0,
        "Net Income From Continuing Operation Net Minority Interest": NaN,
        "Reconciled Depreciation": NaN,
        "Reconciled Cost Of Revenue": NaN,
        "EBITDA": NaN,
        "EBIT": NaN,
        "Net Interest Income": NaN,
        "Interest Expense": NaN,
        "Interest Income": NaN,
        "Normalized Income": NaN,
        "Net Income From Continuing And Discontinued Operation": NaN,
        "Total Expenses": NaN,
        "Total Operating Income As Reported": NaN,
        "Diluted Average Shares": 32891000.0,
        "Basic Average Shares": 32618000.0,
        "Diluted EPS": 0.005047,
        "Basic EPS": 0.005089,
        "Diluted NI Availto Com Stockholders": NaN,
        "Net Income Common Stockholders": NaN,
        "Net Income": NaN,
        "Net Income Including Noncontrolling Interests": NaN,
        "Net Income Continuous Operations": NaN,
        "Tax Provision": NaN,
        "Pretax Income": NaN,
        "Other Income Expense": 0.0,
        "Gain On Sale Of Security": 0.0,
        "Net Non Operating Interest Income Expense": NaN,
        "Interest Expense Non Operating": NaN,
        "Interest Income Non Operating": NaN,
        "Operating Income": NaN,
        "Operating Expense": NaN,
        "Selling General And Administration": NaN,
        "General And Administrative Expense": NaN,
        "Other Gand A": NaN,
        "Gross Profit": NaN,
        "Cost Of Revenue": NaN,
        "Total Revenue": NaN,
        "Operating Revenue": NaN
    },
    "2023-03-31": {
        "Tax Effect Of Unusual Items": NaN,
        "Tax Rate For Calcs": NaN,
        "Normalized EBITDA": NaN,
        "Total Unusual Items": 270000.0,
        "Total Unusual Items Excluding Goodwill": 270000.0,
        "Net Income From Continuing Operation Net Minority Interest": NaN,
        "Reconciled Depreciation": NaN,
        "Reconciled Cost Of Revenue": NaN,
        "EBITDA": NaN,
        "EBIT": NaN,
        "Net Interest Income": NaN,
        "Interest Expense": NaN,
        "Interest Income": NaN,
        "Normalized Income": NaN,
        "Net Income From Continuing And Discontinued Operation": NaN,
        "Total Expenses": NaN,
        "Total Operating Income As Reported": NaN,
        "Diluted Average Shares": NaN,
        "Basic Average Shares": NaN,
        "Diluted EPS": NaN,
        "Basic EPS": NaN,
        "Diluted NI Availto Com Stockholders": NaN,
        "Net Income Common Stockholders": NaN,
        "Net Income": NaN,
        "Net Income Including Noncontrolling Interests": NaN,
        "Net Income Continuous Operations": NaN,
        "Tax Provision": NaN,
        "Pretax Income": NaN,
        "Other Income Expense": 270000.0,
        "Gain On Sale Of Security": 270000.0,
        "Net Non Operating Interest Income Expense": NaN,
        "Interest Expense Non Operating": NaN,
        "Interest Income Non Operating": NaN,
        "Operating Income": NaN,
        "Operating Expense": NaN,
        "Selling General And Administration": NaN,
        "General And Administrative Expense": NaN,
        "Other Gand A": NaN,
        "Gross Profit": NaN,
        "Cost Of Revenue": NaN,
        "Total Revenue": NaN,
        "Operating Revenue": NaN
    },
    "2024-03-31": {
        "Tax Effect Of Unusual Items": -416416.0,
        "Tax Rate For Calcs": 0.352,
        "Normalized EBITDA": 8047000.0,
        "Total Unusual Items": -1183000.0,
        "Total Unusual Items Excluding Goodwill": -1183000.0,
        "Net Income From Continuing Operation Net Minority Interest": 289000.0,
        "Reconciled Depreciation": 5900000.0,
        "Reconciled Cost Of Revenue": 18524000.0,
        "EBITDA": 6864000.0,
        "EBIT": 964000.0,
        "Net Interest Income": -455000.0,
        "Interest Expense": 518000.0,
        "Interest Income": 63000.0,
        "Normalized Income": 1055584.0,
        "Net Income From Continuing And Discontinued Operation": 289000.0,
        "Total Expenses": 20941000.0,
        "Total Operating Income As Reported": 2084000.0,
        "Diluted Average Shares": 32854000.0,
        "Basic Average Shares": 32702000.0,
        "Diluted EPS": 0.01,
        "Basic EPS": 0.01,
        "Diluted NI Availto Com Stockholders": 289000.0,
        "Net Income Common Stockholders": 289000.0,
        "Net Income": 289000.0,
        "Net Income Including Noncontrolling Interests": 289000.0,
        "Net Income Continuous Operations": 289000.0,
        "Tax Provision": 157000.0,
        "Pretax Income": 446000.0,
        "Other Income Expense": -1183000.0,
        "Gain On Sale Of Security": -1183000.0,
        "Net Non Operating Interest Income Expense": -455000.0,
        "Interest Expense Non Operating": 518000.0,
        "Interest Income Non Operating": 63000.0,
        "Operating Income": 2084000.0,
        "Operating Expense": 2417000.0,
        "Selling General And Administration": 2417000.0,
        "General And Administrative Expense": 2417000.0,
        "Other Gand A": 2417000.0,
        "Gross Profit": 4501000.0,
        "Cost Of Revenue": 18524000.0,
        "Total Revenue": 23025000.0,
        "Operating Revenue": 23025000.0
    },
    "2022-12-31": {
        "Tax Effect Of Unusual Items": NaN,
        "Tax Rate For Calcs": NaN,
        "Normalized EBITDA": NaN,
        "Total Unusual Items": 846000.0,
        "Total Unusual Items Excluding Goodwill": 846000.0,
        "Net Income From Continuing Operation Net Minority Interest": NaN,
        "Reconciled Depreciation": NaN,
        "Reconciled Cost Of Revenue": NaN,
        "EBITDA": NaN,
        "EBIT": NaN,
        "Net Interest Income": NaN,
        "Interest Expense": NaN,
        "Interest Income": NaN,
        "Normalized Income": NaN,
        "Net Income From Continuing And Discontinued Operation": NaN,
        "Total Expenses": NaN,
        "Total Operating Income As Reported": NaN,
        "Diluted Average Shares": NaN,
        "Basic Average Shares": NaN,
        "Diluted EPS": NaN,
        "Basic EPS": NaN,
        "Diluted NI Availto Com Stockholders": NaN,
        "Net Income Common Stockholders": NaN,
        "Net Income": NaN,
        "Net Income Including Noncontrolling Interests": NaN,
        "Net Income Continuous Operations": NaN,
        "Tax Provision": NaN,
        "Pretax Income": NaN,
        "Other Income Expense": 846000.0,
        "Gain On Sale Of Security": 846000.0,
        "Net Non Operating Interest Income Expense": NaN,
        "Interest Expense Non Operating": NaN,
        "Interest Income Non Operating": NaN,
        "Operating Income": NaN,
        "Operating Expense": NaN,
        "Selling General And Administration": NaN,
        "General And Administrative Expense": NaN,
        "Other Gand A": NaN,
        "Gross Profit": NaN,
        "Cost Of Revenue": NaN,
        "Total Revenue": NaN,
        "Operating Revenue": NaN
    },
    "2022-09-30": {
        "Tax Effect Of Unusual Items": NaN,
        "Tax Rate For Calcs": NaN,
        "Normalized EBITDA": NaN,
        "Total Unusual Items": -603000.0,
        "Total Unusual Items Excluding Goodwill": -603000.0,
        "Net Income From Continuing Operation Net Minority Interest": NaN,
        "Reconciled Depreciation": NaN,
        "Reconciled Cost Of Revenue": NaN,
        "EBITDA": NaN,
        "EBIT": NaN,
        "Net Interest Income": NaN,
        "Interest Expense": NaN,
        "Interest Income": NaN,
        "Normalized Income": NaN,
        "Net Income From Continuing And Discontinued Operation": NaN,
        "Total Expenses": NaN,
        "Total Operating Income As Reported": NaN,
        "Diluted Average Shares": NaN,
        "Basic Average Shares": NaN,
        "Diluted EPS": NaN,
        "Basic EPS": NaN,
        "Diluted NI Availto Com Stockholders": NaN,
        "Net Income Common Stockholders": NaN,
        "Net Income": NaN,
        "Net Income Including Noncontrolling Interests": NaN,
        "Net Income Continuous Operations": NaN,
        "Tax Provision": NaN,
        "Pretax Income": NaN,
        "Other Income Expense": -603000.0,
        "Gain On Sale Of Security": -603000.0,
        "Net Non Operating Interest Income Expense": NaN,
        "Interest Expense Non Operating": NaN,
        "Interest Income Non Operating": NaN,
        "Operating Income": NaN,
        "Operating Expense": NaN,
        "Other Operating Expenses": 276000.0,
        "Selling General And Administration": NaN,
        "General And Administrative Expense": NaN,
        "Other Gand A": NaN,
        "Salaries And Wages": 208000.0,
        "Gross Profit": NaN,
        "Cost Of Revenue": NaN,
        "Total Revenue": NaN,
        "Operating Revenue": NaN
    },
    "2024-06-30": {
        "Tax Effect Of Unusual Items": -17920.838972,
        "Tax Rate For Calcs": 0.164411,
        "Normalized EBITDA": 7764000.0,
        "Total Unusual Items": -109000.0,
        "Total Unusual Items Excluding Goodwill": -109000.0,
        "Net Income From Continuing Operation Net Minority Interest": 1235000.0,
        "Reconciled Depreciation": 5302000.0,
        "Reconciled Cost Of Revenue": 15253000.0,
        "EBITDA": 7655000.0,
        "EBIT": 2353000.0,
        "Net Interest Income": -816000.0,
        "Interest Expense": 875000.0,
        "Interest Income": 59000.0,
        "Normalized Income": 1326079.161028,
        "Net Income From Continuing And Discontinued Operation": 1235000.0,
        "Total Expenses": 18824000.0,
        "Total Operating Income As Reported": 2403000.0,
        "Diluted Average Shares": NaN,
        "Basic Average Shares": NaN,
        "Diluted EPS": NaN,
        "Basic EPS": NaN,
        "Diluted NI Availto Com Stockholders": 1152000.0,
        "Net Income Common Stockholders": 1152000.0,
        "Net Income": 1235000.0,
        "Net Income Including Noncontrolling Interests": 1235000.0,
        "Net Income Continuous Operations": 1235000.0,
        "Tax Provision": 243000.0,
        "Pretax Income": 1478000.0,
        "Other Income Expense": -109000.0,
        "Gain On Sale Of Security": -109000.0,
        "Net Non Operating Interest Income Expense": -816000.0,
        "Interest Expense Non Operating": 875000.0,
        "Interest Income Non Operating": 59000.0,
        "Operating Income": 2403000.0,
        "Operating Expense": 3571000.0,
        "Selling General And Administration": 2114000.0,
        "General And Administrative Expense": 2114000.0,
        "Other Gand A": -23000.0,
        "Gross Profit": 5974000.0,
        "Cost Of Revenue": 15253000.0,
        "Total Revenue": 21227000.0,
        "Operating Revenue": 21227000.0
    },
    "2024-09-30": {
        "Tax Effect Of Unusual Items": 510632.0,
        "Tax Rate For Calcs": 0.284,
        "Normalized EBITDA": 7636000.0,
        "Total Unusual Items": 1798000.0,
        "Total Unusual Items Excluding Goodwill": 1798000.0,
        "Net Income From Continuing Operation Net Minority Interest": 2065000.0,
        "Reconciled Depreciation": 5725000.0,
        "Reconciled Cost Of Revenue": 17515000.0,
        "EBITDA": 9434000.0,
        "EBIT": 3709000.0,
        "Net Interest Income": -766000.0,
        "Interest Expense": 823000.0,
        "Interest Income": 57000.0,
        "Normalized Income": 777632.0,
        "Net Income From Continuing And Discontinued Operation": 2065000.0,
        "Total Expenses": 20042000.0,
        "Total Operating Income As Reported": 1854000.0,
        "Diluted Average Shares": 32868000.0,
        "Basic Average Shares": 32722000.0,
        "Diluted EPS": 0.06,
        "Basic EPS": 0.06,
        "Diluted NI Availto Com Stockholders": 2065000.0,
        "Net Income Common Stockholders": 2065000.0,
        "Net Income": 2065000.0,
        "Net Income Including Noncontrolling Interests": 2065000.0,
        "Net Income Continuous Operations": 2065000.0,
        "Tax Provision": 821000.0,
        "Pretax Income": 2886000.0,
        "Other Income Expense": 1798000.0,
        "Gain On Sale Of Security": 1798000.0,
        "Net Non Operating Interest Income Expense": -766000.0,
        "Interest Expense Non Operating": 823000.0,
        "Interest Income Non Operating": 57000.0,
        "Operating Income": 1854000.0,
        "Operating Expense": 2527000.0,
        "Selling General And Administration": 2527000.0,
        "General And Administrative Expense": 2527000.0,
        "Other Gand A": 2527000.0,
        "Gross Profit": 4381000.0,
        "Cost Of Revenue": 17515000.0,
        "Total Revenue": 21896000.0,
        "Operating Revenue": 21896000.0
    }
}