{
    "2023-03-31": {
        "Tax Effect Of Unusual Items": NaN,
        "Tax Rate For Calcs": NaN,
        "Normalized EBITDA": NaN,
        "Total Unusual Items": NaN,
        "Total Unusual Items Excluding Goodwill": NaN,
        "Net Income From Continuing Operation Net Minority Interest": NaN,
        "Reconciled Depreciation": NaN,
        "Reconciled Cost Of Revenue": NaN,
        "EBITDA": NaN,
        "EBIT": NaN,
        "Net Interest Income": NaN,
        "Interest Expense": NaN,
        "Interest Income": NaN,
        "Normalized Income": NaN,
        "Net Income From Continuing And Discontinued Operation": NaN,
        "Total Expenses": NaN,
        "Total Operating Income As Reported": NaN,
        "Diluted Average Shares": 23027684.0,
        "Basic Average Shares": 22990893.0,
        "Diluted EPS": 0.15,
        "Basic EPS": 0.15,
        "Diluted NI Availto Com Stockholders": NaN,
        "Net Income Common Stockholders": NaN,
        "Net Income": NaN,
        "Net Income Including Noncontrolling Interests": NaN,
        "Net Income Continuous Operations": NaN,
        "Tax Provision": NaN,
        "Pretax Income": NaN,
        "Other Income Expense": NaN,
        "Other Non Operating Income Expenses": NaN,
        "Special Income Charges": NaN,
        "Gain On Sale Of Ppe": NaN,
        "Gain On Sale Of Security": NaN,
        "Net Non Operating Interest Income Expense": NaN,
        "Interest Expense Non Operating": NaN,
        "Interest Income Non Operating": NaN,
        "Operating Income": NaN,
        "Operating Expense": NaN,
        "Selling General And Administration": NaN,
        "General And Administrative Expense": NaN,
        "Other Gand A": NaN,
        "Salaries And Wages": NaN,
        "Gross Profit": NaN,
        "Cost Of Revenue": NaN,
        "Total Revenue": NaN,
        "Operating Revenue": NaN
    },
    "2022-12-31": {
        "Tax Effect Of Unusual Items": NaN,
        "Tax Rate For Calcs": NaN,
        "Normalized EBITDA": NaN,
        "Total Unusual Items": NaN,
        "Total Unusual Items Excluding Goodwill": NaN,
        "Net Income From Continuing Operation Net Minority Interest": NaN,
        "Reconciled Depreciation": NaN,
        "Reconciled Cost Of Revenue": NaN,
        "EBITDA": NaN,
        "EBIT": NaN,
        "Net Interest Income": NaN,
        "Interest Expense": NaN,
        "Interest Income": NaN,
        "Normalized Income": NaN,
        "Net Income From Continuing And Discontinued Operation": NaN,
        "Total Expenses": NaN,
        "Total Operating Income As Reported": NaN,
        "Diluted Average Shares": NaN,
        "Basic Average Shares": NaN,
        "Diluted EPS": NaN,
        "Basic EPS": NaN,
        "Diluted NI Availto Com Stockholders": NaN,
        "Net Income Common Stockholders": NaN,
        "Net Income": NaN,
        "Net Income Including Noncontrolling Interests": NaN,
        "Net Income Continuous Operations": NaN,
        "Tax Provision": NaN,
        "Pretax Income": NaN,
        "Other Income Expense": NaN,
        "Other Non Operating Income Expenses": NaN,
        "Special Income Charges": 0.0,
        "Gain On Sale Of Ppe": 0.0,
        "Gain On Sale Of Security": NaN,
        "Net Non Operating Interest Income Expense": NaN,
        "Interest Expense Non Operating": NaN,
        "Interest Income Non Operating": NaN,
        "Operating Income": NaN,
        "Operating Expense": NaN,
        "Other Operating Expenses": 2386.0,
        "Selling General And Administration": NaN,
        "General And Administrative Expense": NaN,
        "Other Gand A": NaN,
        "Salaries And Wages": NaN,
        "Gross Profit": NaN,
        "Cost Of Revenue": NaN,
        "Total Revenue": NaN,
        "Operating Revenue": NaN
    },
    "2022-09-30": {
        "Tax Effect Of Unusual Items": NaN,
        "Tax Rate For Calcs": NaN,
        "Normalized EBITDA": NaN,
        "Total Unusual Items": NaN,
        "Total Unusual Items Excluding Goodwill": NaN,
        "Net Income From Continuing Operation Net Minority Interest": NaN,
        "Reconciled Depreciation": NaN,
        "Reconciled Cost Of Revenue": NaN,
        "EBITDA": NaN,
        "EBIT": NaN,
        "Net Interest Income": NaN,
        "Interest Expense": NaN,
        "Interest Income": NaN,
        "Normalized Income": NaN,
        "Net Income From Continuing And Discontinued Operation": NaN,
        "Total Expenses": NaN,
        "Total Operating Income As Reported": NaN,
        "Diluted Average Shares": 23169658.0,
        "Basic Average Shares": 23011729.0,
        "Diluted EPS": 0.41,
        "Basic EPS": 0.42,
        "Diluted NI Availto Com Stockholders": NaN,
        "Net Income Common Stockholders": NaN,
        "Net Income": NaN,
        "Net Income Including Noncontrolling Interests": NaN,
        "Net Income Continuous Operations": NaN,
        "Tax Provision": NaN,
        "Pretax Income": NaN,
        "Other Income Expense": NaN,
        "Other Non Operating Income Expenses": NaN,
        "Special Income Charges": 0.0,
        "Gain On Sale Of Ppe": 0.0,
        "Gain On Sale Of Security": NaN,
        "Net Non Operating Interest Income Expense": NaN,
        "Interest Expense Non Operating": NaN,
        "Interest Income Non Operating": NaN,
        "Operating Income": NaN,
        "Operating Expense": NaN,
        "Other Operating Expenses": 2387.0,
        "Selling General And Administration": NaN,
        "General And Administrative Expense": NaN,
        "Other Gand A": NaN,
        "Salaries And Wages": NaN,
        "Gross Profit": NaN,
        "Cost Of Revenue": NaN,
        "Total Revenue": NaN,
        "Operating Revenue": NaN
    },
    "2022-06-30": {
        "Tax Effect Of Unusual Items": 274889.62201,
        "Tax Rate For Calcs": 0.275265,
        "Normalized EBITDA": 15408412.0,
        "Total Unusual Items": 998636.0,
        "Total Unusual Items Excluding Goodwill": 998636.0,
        "Net Income From Continuing Operation Net Minority Interest": 10582988.0,
        "Reconciled Depreciation": 1803739.0,
        "Reconciled Cost Of Revenue": 4596984.0,
        "EBITDA": 16407048.0,
        "EBIT": 14603309.0,
        "Net Interest Income": 21200.0,
        "Interest Expense": 745.0,
        "Interest Income": 21945.0,
        "Normalized Income": 9859241.62201,
        "Net Income From Continuing And Discontinued Operation": 10582988.0,
        "Total Expenses": 6258563.0,
        "Total Operating Income As Reported": 13866083.0,
        "Diluted Average Shares": 23822123.0,
        "Basic Average Shares": 23576746.0,
        "Diluted EPS": 0.44,
        "Basic EPS": 0.45,
        "Diluted NI Availto Com Stockholders": 10582988.0,
        "Net Income Common Stockholders": 10582988.0,
        "Net Income": 10582988.0,
        "Net Income Including Noncontrolling Interests": 10582988.0,
        "Net Income Continuous Operations": 10582988.0,
        "Tax Provision": 4019576.0,
        "Pretax Income": 14602564.0,
        "Other Income Expense": 936923.0,
        "Other Non Operating Income Expenses": -61713.0,
        "Special Income Charges": 221642.0,
        "Gain On Sale Of Ppe": 221642.0,
        "Gain On Sale Of Security": 776994.0,
        "Net Non Operating Interest Income Expense": 21200.0,
        "Interest Expense Non Operating": 745.0,
        "Interest Income Non Operating": 21945.0,
        "Operating Income": 13644441.0,
        "Operating Expense": 1661579.0,
        "Other Operating Expenses": 2386.0,
        "Selling General And Administration": 1659193.0,
        "General And Administrative Expense": 1659193.0,
        "Other Gand A": 1465143.0,
        "Salaries And Wages": 194050.0,
        "Gross Profit": 15306020.0,
        "Cost Of Revenue": 4596984.0,
        "Total Revenue": 19903004.0,
        "Operating Revenue": 19903004.0
    },
    "2022-03-31": {
        "Diluted EPS": 0.24,
        "Total Revenue": 14,
        "Gross Profit": 13,
        "Operating Income": 9,
        "EBIT": 10,
        "Net Income": 6
    },
    "2021-12-31": {
        "Diluted EPS": 0.34,
        "Total Revenue": 14,
        "Gross Profit": 12,
        "Operating Income": 9,
        "EBIT": 10,
        "Net Income": 8
    },
    "2021-09-30": {
        "Diluted EPS": 0.06,
        "Total Revenue": 13,
        "Gross Profit": 13,
        "Operating Income": 7,
        "EBIT": 9,
        "Net Income": 1
    },
    "2021-06-30": {
        "Diluted EPS": -0.02,
        "Total Revenue": 7,
        "Gross Profit": 7,
        "Operating Income": 1,
        "EBIT": 3,
        "Net Income": 0
    },
    "2021-03-31": {
        "Diluted EPS": 0.11,
        "Total Revenue": 8,
        "Gross Profit": 8,
        "Operating Income": 3,
        "EBIT": 5,
        "Net Income": 3
    },
    "2020-12-31": {
        "Diluted EPS": 0.05,
        "Total Revenue": 6,
        "Gross Profit": 6,
        "Operating Income": 1,
        "EBIT": 3,
        "Net Income": 1
    },
    "2020-09-30": {
        "Diluted EPS": -0.01,
        "Total Revenue": 6,
        "Gross Profit": 6,
        "Operating Income": -1,
        "EBIT": 2,
        "Net Income": 0
    },
    "2020-06-30": {
        "Diluted EPS": -0.02,
        "Total Revenue": 6,
        "Gross Profit": 6,
        "Operating Income": -1,
        "EBIT": 2,
        "Net Income": -1
    },
    "2020-03-31": {
        "Diluted EPS": 0.01,
        "Total Revenue": 6,
        "Gross Profit": 6,
        "Operating Income": -1,
        "EBIT": 1,
        "Net Income": 0
    },
    "2019-12-31": {
        "Diluted EPS": 0.08,
        "Total Revenue": 7,
        "Gross Profit": 6,
        "Operating Income": 2,
        "EBIT": 4,
        "Net Income": 2
    },
    "2019-09-30": {
        "Diluted EPS": 0.05,
        "Total Revenue": 5,
        "Gross Profit": 5,
        "Operating Income": 1,
        "EBIT": 3,
        "Net Income": 1
    },
    "2019-06-30": {
        "Diluted EPS": 0.14,
        "Total Revenue": 7,
        "Gross Profit": 7,
        "Operating Income": 3,
        "EBIT": 5,
        "Net Income": 4
    },
    "2019-03-31": {
        "Diluted EPS": 0.05,
        "Total Revenue": 8,
        "Gross Profit": 8,
        "Operating Income": 3,
        "EBIT": 4,
        "Net Income": 1
    },
    "2018-12-31": {
        "Diluted EPS": 0.0,
        "Total Revenue": NaN,
        "Gross Profit": NaN,
        "Operating Income": NaN,
        "EBIT": NaN,
        "Net Income": NaN
    },
    "2018-09-30": {
        "Diluted EPS": 0.09,
        "Total Revenue": 7,
        "Gross Profit": 7,
        "Operating Income": 2,
        "EBIT": 4,
        "Net Income": 3
    },
    "2018-06-30": {
        "Diluted EPS": 0.02,
        "Total Revenue": 6,
        "Gross Profit": 6,
        "Operating Income": 2,
        "EBIT": 2,
        "Net Income": 1
    },
    "2017-12-31": {
        "Diluted EPS": 0.0,
        "Total Revenue": NaN,
        "Gross Profit": NaN,
        "Operating Income": NaN,
        "EBIT": NaN,
        "Net Income": NaN
    },
    "2023-06-30": {
        "Tax Effect Of Unusual Items": NaN,
        "Tax Rate For Calcs": NaN,
        "Normalized EBITDA": NaN,
        "Total Unusual Items": NaN,
        "Total Unusual Items Excluding Goodwill": NaN,
        "Net Income From Continuing Operation Net Minority Interest": NaN,
        "Reconciled Depreciation": NaN,
        "Reconciled Cost Of Revenue": NaN,
        "EBITDA": NaN,
        "EBIT": NaN,
        "Net Interest Income": NaN,
        "Interest Expense": NaN,
        "Interest Income": NaN,
        "Normalized Income": NaN,
        "Net Income From Continuing And Discontinued Operation": NaN,
        "Total Expenses": NaN,
        "Total Operating Income As Reported": NaN,
        "Diluted Average Shares": 22783987.0,
        "Basic Average Shares": 22749322.0,
        "Diluted EPS": 0.02,
        "Basic EPS": 0.02,
        "Diluted NI Availto Com Stockholders": NaN,
        "Net Income Common Stockholders": NaN,
        "Net Income": NaN,
        "Net Income Including Noncontrolling Interests": NaN,
        "Net Income Continuous Operations": NaN,
        "Tax Provision": NaN,
        "Pretax Income": NaN,
        "Other Income Expense": NaN,
        "Other Non Operating Income Expenses": NaN,
        "Special Income Charges": -1449871.0,
        "Gain On Sale Of Ppe": -1449871.0,
        "Gain On Sale Of Security": NaN,
        "Net Non Operating Interest Income Expense": NaN,
        "Interest Expense Non Operating": NaN,
        "Interest Income Non Operating": NaN,
        "Operating Income": NaN,
        "Operating Expense": NaN,
        "Selling General And Administration": NaN,
        "General And Administrative Expense": NaN,
        "Other Gand A": NaN,
        "Salaries And Wages": NaN,
        "Gross Profit": NaN,
        "Cost Of Revenue": NaN,
        "Total Revenue": NaN,
        "Operating Revenue": NaN
    },
    "2023-09-30": {
        "Tax Effect Of Unusual Items": -5103.63,
        "Tax Rate For Calcs": 0.21,
        "Normalized EBITDA": 2524034.0,
        "Total Unusual Items": -24303.0,
        "Total Unusual Items Excluding Goodwill": -24303.0,
        "Net Income From Continuing Operation Net Minority Interest": 388775.0,
        "Reconciled Depreciation": 1392032.0,
        "Reconciled Cost Of Revenue": 3583714.0,
        "EBITDA": 2499731.0,
        "EBIT": 1107699.0,
        "Net Interest Income": 375972.0,
        "Interest Expense": 8760.0,
        "Interest Income": 384732.0,
        "Normalized Income": 407974.37,
        "Net Income From Continuing And Discontinued Operation": 388775.0,
        "Total Expenses": 5563725.0,
        "Total Operating Income As Reported": 746802.0,
        "Diluted Average Shares": 22178686.0,
        "Basic Average Shares": 22118984.0,
        "Diluted EPS": 0.02,
        "Basic EPS": 0.02,
        "Diluted NI Availto Com Stockholders": 388775.0,
        "Net Income Common Stockholders": 388775.0,
        "Net Income": 388775.0,
        "Net Income Including Noncontrolling Interests": 388775.0,
        "Net Income Continuous Operations": 388775.0,
        "Tax Provision": 710164.0,
        "Pretax Income": 1098939.0,
        "Other Income Expense": -23835.0,
        "Other Non Operating Income Expenses": 468.0,
        "Special Income Charges": 0.0,
        "Gain On Sale Of Ppe": 0.0,
        "Gain On Sale Of Security": -24303.0,
        "Net Non Operating Interest Income Expense": 375972.0,
        "Interest Expense Non Operating": 8760.0,
        "Interest Income Non Operating": 384732.0,
        "Operating Income": 746802.0,
        "Operating Expense": 1980011.0,
        "Selling General And Administration": 1980011.0,
        "General And Administrative Expense": 1980011.0,
        "Other Gand A": 1540358.0,
        "Salaries And Wages": 439653.0,
        "Gross Profit": 2726813.0,
        "Cost Of Revenue": 3583714.0,
        "Total Revenue": 6310527.0,
        "Operating Revenue": 6310527.0
    },
    "2023-12-31": {
        "Tax Effect Of Unusual Items": 380528.36927,
        "Tax Rate For Calcs": 0.261079,
        "Normalized EBITDA": 4968739.0,
        "Total Unusual Items": 1457520.0,
        "Total Unusual Items Excluding Goodwill": 1457520.0,
        "Net Income From Continuing Operation Net Minority Interest": 2595962.0,
        "Reconciled Depreciation": 2904318.0,
        "Reconciled Cost Of Revenue": 5510536.0,
        "EBITDA": 6426259.0,
        "EBIT": 3521941.0,
        "Net Interest Income": 355786.0,
        "Interest Expense": 8760.0,
        "Interest Income": 364546.0,
        "Normalized Income": 1518970.36927,
        "Net Income From Continuing And Discontinued Operation": 2595962.0,
        "Total Expenses": 6862126.0,
        "Total Operating Income As Reported": 1700687.0,
        "Diluted Average Shares": NaN,
        "Basic Average Shares": NaN,
        "Diluted EPS": NaN,
        "Basic EPS": NaN,
        "Diluted NI Availto Com Stockholders": 2595962.0,
        "Net Income Common Stockholders": 2595962.0,
        "Net Income": 2595962.0,
        "Net Income Including Noncontrolling Interests": 2595962.0,
        "Net Income Continuous Operations": 2595962.0,
        "Tax Provision": 917219.0,
        "Pretax Income": 3513181.0,
        "Other Income Expense": 1456708.0,
        "Other Non Operating Income Expenses": -812.0,
        "Special Income Charges": 0.0,
        "Gain On Sale Of Ppe": 0.0,
        "Gain On Sale Of Security": 1457520.0,
        "Net Non Operating Interest Income Expense": 355786.0,
        "Interest Expense Non Operating": 8760.0,
        "Interest Income Non Operating": 364546.0,
        "Operating Income": 1700687.0,
        "Operating Expense": 1351590.0,
        "Selling General And Administration": 1351590.0,
        "General And Administrative Expense": 1351590.0,
        "Other Gand A": 1132477.0,
        "Salaries And Wages": 219113.0,
        "Gross Profit": 3052277.0,
        "Cost Of Revenue": 5510536.0,
        "Total Revenue": 8562813.0,
        "Operating Revenue": 8562813.0
    },
    "2024-03-31": {
        "Tax Effect Of Unusual Items": -3487.782601,
        "Tax Rate For Calcs": 0.034626,
        "Normalized EBITDA": 4050858.0,
        "Total Unusual Items": -100726.0,
        "Total Unusual Items Excluding Goodwill": -100726.0,
        "Net Income From Continuing Operation Net Minority Interest": 1506896.0,
        "Reconciled Depreciation": 2380426.0,
        "Reconciled Cost Of Revenue": 4701458.0,
        "EBITDA": 3950132.0,
        "EBIT": 1569706.0,
        "Net Interest Income": 257512.0,
        "Interest Expense": 8760.0,
        "Interest Income": 266272.0,
        "Normalized Income": 1604134.217399,
        "Net Income From Continuing And Discontinued Operation": 1506896.0,
        "Total Expenses": 6582050.0,
        "Total Operating Income As Reported": 1404693.0,
        "Diluted Average Shares": 21994207.0,
        "Basic Average Shares": 21994207.0,
        "Diluted EPS": 0.07,
        "Basic EPS": 0.07,
        "Diluted NI Availto Com Stockholders": 1506896.0,
        "Net Income Common Stockholders": 1506896.0,
        "Net Income": 1506896.0,
        "Net Income Including Noncontrolling Interests": 1506896.0,
        "Net Income Continuous Operations": 1506896.0,
        "Tax Provision": 54050.0,
        "Pretax Income": 1560946.0,
        "Other Income Expense": -101259.0,
        "Other Non Operating Income Expenses": -533.0,
        "Special Income Charges": NaN,
        "Gain On Sale Of Ppe": NaN,
        "Gain On Sale Of Security": -100726.0,
        "Net Non Operating Interest Income Expense": 257512.0,
        "Interest Expense Non Operating": 8760.0,
        "Interest Income Non Operating": 266272.0,
        "Operating Income": 1404693.0,
        "Operating Expense": 1880592.0,
        "Selling General And Administration": 1880592.0,
        "General And Administrative Expense": 1880592.0,
        "Other Gand A": 1559023.0,
        "Salaries And Wages": 321569.0,
        "Gross Profit": 3285285.0,
        "Cost Of Revenue": 4701458.0,
        "Total Revenue": 7986743.0,
        "Operating Revenue": 7986743.0
    },
    "2024-06-30": {
        "Tax Effect Of Unusual Items": -34170.63415,
        "Tax Rate For Calcs": 0.360104,
        "Normalized EBITDA": 3426729.0,
        "Total Unusual Items": -94891.0,
        "Total Unusual Items Excluding Goodwill": -94891.0,
        "Net Income From Continuing Operation Net Minority Interest": 815660.0,
        "Reconciled Depreciation": 2048403.0,
        "Reconciled Cost Of Revenue": 4348237.0,
        "EBITDA": 3331838.0,
        "EBIT": 1283435.0,
        "Net Interest Income": 100184.0,
        "Interest Expense": 8759.0,
        "Interest Income": 108943.0,
        "Normalized Income": 876380.36585,
        "Net Income From Continuing And Discontinued Operation": 815660.0,
        "Total Expenses": 6140041.0,
        "Total Operating Income As Reported": 1167777.0,
        "Diluted Average Shares": 22029475.0,
        "Basic Average Shares": 21921752.0,
        "Diluted EPS": 0.04,
        "Basic EPS": 0.04,
        "Diluted NI Availto Com Stockholders": 815660.0,
        "Net Income Common Stockholders": 815660.0,
        "Net Income": 815660.0,
        "Net Income Including Noncontrolling Interests": 815660.0,
        "Net Income Continuous Operations": 815660.0,
        "Tax Provision": 459016.0,
        "Pretax Income": 1274676.0,
        "Other Income Expense": 6715.0,
        "Other Non Operating Income Expenses": 101606.0,
        "Special Income Charges": 0.0,
        "Gain On Sale Of Ppe": 0.0,
        "Gain On Sale Of Security": -94891.0,
        "Net Non Operating Interest Income Expense": 100184.0,
        "Interest Expense Non Operating": 8759.0,
        "Interest Income Non Operating": 108943.0,
        "Operating Income": 1167777.0,
        "Operating Expense": 1791804.0,
        "Selling General And Administration": 1791804.0,
        "General And Administrative Expense": 1791804.0,
        "Other Gand A": 1478215.0,
        "Salaries And Wages": 313589.0,
        "Gross Profit": 2959581.0,
        "Cost Of Revenue": 4348237.0,
        "Total Revenue": 7307818.0,
        "Operating Revenue": 7307818.0
    },
    "2024-09-30": {
        "Tax Effect Of Unusual Items": 92549.52,
        "Tax Rate For Calcs": 0.21,
        "Normalized EBITDA": 3045644.0,
        "Total Unusual Items": 440712.0,
        "Total Unusual Items Excluding Goodwill": 440712.0,
        "Net Income From Continuing Operation Net Minority Interest": 366021.0,
        "Reconciled Depreciation": 2698812.0,
        "Reconciled Cost Of Revenue": 5288638.0,
        "EBITDA": 3486356.0,
        "EBIT": 787544.0,
        "Net Interest Income": 43095.0,
        "Interest Expense": 53125.0,
        "Interest Income": 96220.0,
        "Normalized Income": 17858.52,
        "Net Income From Continuing And Discontinued Operation": 366021.0,
        "Total Expenses": 7047323.0,
        "Total Operating Income As Reported": 240618.0,
        "Diluted Average Shares": 22155292.0,
        "Basic Average Shares": 21948519.0,
        "Diluted EPS": 0.02,
        "Basic EPS": 0.02,
        "Diluted NI Availto Com Stockholders": 366021.0,
        "Net Income Common Stockholders": 366021.0,
        "Net Income": 366021.0,
        "Net Income Including Noncontrolling Interests": 366021.0,
        "Net Income Continuous Operations": 366021.0,
        "Tax Provision": 368398.0,
        "Pretax Income": 734419.0,
        "Other Income Expense": 450706.0,
        "Other Non Operating Income Expenses": 9994.0,
        "Special Income Charges": NaN,
        "Gain On Sale Of Ppe": NaN,
        "Gain On Sale Of Security": 440712.0,
        "Net Non Operating Interest Income Expense": 43095.0,
        "Interest Expense Non Operating": 53125.0,
        "Interest Income Non Operating": 96220.0,
        "Operating Income": 240618.0,
        "Operating Expense": 1758685.0,
        "Selling General And Administration": 1758685.0,
        "General And Administrative Expense": 1758685.0,
        "Other Gand A": 1449576.0,
        "Salaries And Wages": 309109.0,
        "Gross Profit": 1999303.0,
        "Cost Of Revenue": 5288638.0,
        "Total Revenue": 7287941.0,
        "Operating Revenue": 7287941.0
    }
}