{
    "2022-12-31": {
        "Tax Effect Of Unusual Items": -451880000.0,
        "Tax Rate For Calcs": 0.22,
        "Normalized EBITDA": 17707000000.0,
        "Total Unusual Items": -2054000000.0,
        "Total Unusual Items Excluding Goodwill": -2054000000.0,
        "Net Income From Continuing Operation Net Minority Interest": 7895000000.0,
        "Reconciled Depreciation": 1184000000.0,
        "Reconciled Cost Of Revenue": 14037000000.0,
        "EBITDA": 15653000000.0,
        "EBIT": 14469000000.0,
        "Net Interest Income": 389000000.0,
        "Interest Expense": 0.0,
        "Interest Income": 389000000.0,
        "Normalized Income": 9497120000.0,
        "Net Income From Continuing And Discontinued Operation": 7895000000.0,
        "Total Expenses": 18103000000.0,
        "Total Operating Income As Reported": 16583000000.0,
        "Diluted Average Shares": 3141000000.0,
        "Basic Average Shares": 3131000000.0,
        "Diluted EPS": 2.51,
        "Basic EPS": 2.52,
        "Diluted NI Availto Com Stockholders": 7895000000.0,
        "Net Income Common Stockholders": 7895000000.0,
        "Net Income": 7895000000.0,
        "Minority Interests": -2000000.0,
        "Net Income Including Noncontrolling Interests": 7897000000.0,
        "Net Income Continuous Operations": 7897000000.0,
        "Tax Provision": 6572000000.0,
        "Pretax Income": 14469000000.0,
        "Other Income Expense": -1659000000.0,
        "Earnings From Equity Interest": 395000000.0,
        "Gain On Sale Of Security": -2054000000.0,
        "Net Non Operating Interest Income Expense": 389000000.0,
        "Total Other Finance Cost": NaN,
        "Interest Expense Non Operating": 0.0,
        "Interest Income Non Operating": 389000000.0,
        "Operating Income": 15738000000.0,
        "Operating Expense": 4066000000.0,
        "Other Operating Expenses": 3788000000.0,
        "Selling General And Administration": 278000000.0,
        "Gross Profit": 19804000000.0,
        "Cost Of Revenue": 14037000000.0,
        "Total Revenue": 33841000000.0,
        "Operating Revenue": 35209000000.0
    },
    "2022-09-30": {
        "Tax Effect Of Unusual Items": 417200000.0,
        "Tax Rate For Calcs": 0.4,
        "Normalized EBITDA": 27498000000.0,
        "Total Unusual Items": 1043000000.0,
        "Total Unusual Items Excluding Goodwill": 1043000000.0,
        "Net Income From Continuing Operation Net Minority Interest": 9384000000.0,
        "Reconciled Depreciation": 1049000000.0,
        "Reconciled Cost Of Revenue": 14641000000.0,
        "EBITDA": 28541000000.0,
        "EBIT": 27492000000.0,
        "Net Interest Income": 10000000.0,
        "Interest Expense": 336000000.0,
        "Interest Income": 346000000.0,
        "Normalized Income": 8758200000.0,
        "Net Income From Continuing And Discontinued Operation": 9384000000.0,
        "Total Expenses": 16697000000.0,
        "Total Operating Income As Reported": 26103000000.0,
        "Diluted Average Shares": 3157000000.0,
        "Basic Average Shares": 3148000000.0,
        "Diluted EPS": 2.97,
        "Basic EPS": 2.98,
        "Diluted NI Availto Com Stockholders": 9384000000.0,
        "Net Income Common Stockholders": 9384000000.0,
        "Net Income": 9384000000.0,
        "Minority Interests": 13000000.0,
        "Net Income Including Noncontrolling Interests": 9371000000.0,
        "Net Income Continuous Operations": 9371000000.0,
        "Tax Provision": 17785000000.0,
        "Pretax Income": 27156000000.0,
        "Other Income Expense": 1118000000.0,
        "Earnings From Equity Interest": 75000000.0,
        "Gain On Sale Of Security": 1043000000.0,
        "Net Non Operating Interest Income Expense": 10000000.0,
        "Total Other Finance Cost": NaN,
        "Interest Expense Non Operating": 336000000.0,
        "Interest Income Non Operating": 346000000.0,
        "Operating Income": 26028000000.0,
        "Operating Expense": 2056000000.0,
        "Other Operating Expenses": 1835000000.0,
        "Selling General And Administration": 221000000.0,
        "Gross Profit": 28084000000.0,
        "Cost Of Revenue": 14641000000.0,
        "Total Revenue": 42725000000.0,
        "Operating Revenue": 42259000000.0
    },
    "2022-06-30": {
        "Tax Effect Of Unusual Items": 828400000.0,
        "Tax Rate For Calcs": 0.4,
        "Normalized EBITDA": 20152000000.0,
        "Total Unusual Items": 2071000000.0,
        "Total Unusual Items Excluding Goodwill": 2071000000.0,
        "Net Income From Continuing Operation Net Minority Interest": 6757000000.0,
        "Reconciled Depreciation": 2140000000.0,
        "Reconciled Cost Of Revenue": 15991000000.0,
        "EBITDA": 22223000000.0,
        "EBIT": 20083000000.0,
        "Net Interest Income": -47000000.0,
        "Interest Expense": 327000000.0,
        "Interest Income": 280000000.0,
        "Normalized Income": 5514400000.0,
        "Net Income From Continuing And Discontinued Operation": 6757000000.0,
        "Total Expenses": 18706000000.0,
        "Total Operating Income As Reported": 17733000000.0,
        "Diluted Average Shares": 3197000000.0,
        "Basic Average Shares": 3188000000.0,
        "Diluted EPS": 2.11,
        "Basic EPS": 2.12,
        "Diluted NI Availto Com Stockholders": 6757000000.0,
        "Net Income Common Stockholders": 6757000000.0,
        "Net Income": 6757000000.0,
        "Minority Interests": -5000000.0,
        "Net Income Including Noncontrolling Interests": 6762000000.0,
        "Net Income Continuous Operations": 6762000000.0,
        "Tax Provision": 12995000000.0,
        "Pretax Income": 19756000000.0,
        "Other Income Expense": 2122000000.0,
        "Earnings From Equity Interest": 51000000.0,
        "Gain On Sale Of Security": 2071000000.0,
        "Net Non Operating Interest Income Expense": -47000000.0,
        "Interest Expense Non Operating": 327000000.0,
        "Interest Income Non Operating": 280000000.0,
        "Operating Income": 17681000000.0,
        "Operating Expense": 2715000000.0,
        "Other Operating Expenses": 2510000000.0,
        "Selling General And Administration": 205000000.0,
        "Gross Profit": 20396000000.0,
        "Cost Of Revenue": 15991000000.0,
        "Total Revenue": 36387000000.0,
        "Operating Revenue": 35342000000.0
    },
    "2023-06-30": {
        "Tax Effect Of Unusual Items": 27060000.0,
        "Tax Rate For Calcs": 0.22,
        "Normalized EBITDA": 9912000000.0,
        "Total Unusual Items": 123000000.0,
        "Total Unusual Items Excluding Goodwill": 123000000.0,
        "Net Income From Continuing Operation Net Minority Interest": 1824000000.0,
        "Reconciled Depreciation": 2243000000.0,
        "Reconciled Cost Of Revenue": 13110000000.0,
        "EBITDA": 10035000000.0,
        "EBIT": 7792000000.0,
        "Net Interest Income": 200000000.0,
        "Interest Expense": 418000000.0,
        "Interest Income": 618000000.0,
        "Normalized Income": 1728060000.0,
        "Net Income From Continuing And Discontinued Operation": 1824000000.0,
        "Total Expenses": 15829000000.0,
        "Total Operating Income As Reported": 7051000000.0,
        "Diluted Average Shares": 3049000000.0,
        "Basic Average Shares": 3042000000.0,
        "Diluted EPS": 0.6,
        "Basic EPS": 0.6,
        "Diluted NI Availto Com Stockholders": 1824000000.0,
        "Net Income Common Stockholders": 1824000000.0,
        "Net Income": 1824000000.0,
        "Minority Interests": -6000000.0,
        "Net Income Including Noncontrolling Interests": 1829000000.0,
        "Net Income Continuous Operations": 1829000000.0,
        "Tax Provision": 5545000000.0,
        "Pretax Income": 7374000000.0,
        "Other Income Expense": 134000000.0,
        "Earnings From Equity Interest": 11000000.0,
        "Gain On Sale Of Security": 123000000.0,
        "Net Non Operating Interest Income Expense": 200000000.0,
        "Total Other Finance Cost": NaN,
        "Interest Expense Non Operating": 418000000.0,
        "Interest Income Non Operating": 618000000.0,
        "Operating Income": 7041000000.0,
        "Operating Expense": 2719000000.0,
        "Other Operating Expenses": 2503000000.0,
        "Selling General And Administration": 216000000.0,
        "Gross Profit": 9760000000.0,
        "Cost Of Revenue": 13110000000.0,
        "Total Revenue": 22870000000.0,
        "Operating Revenue": 23295000000.0
    },
    "2023-03-31": {
        "Tax Effect Of Unusual Items": 233420000.0,
        "Tax Rate For Calcs": 0.22,
        "Normalized EBITDA": 15400000000.0,
        "Total Unusual Items": 1061000000.0,
        "Total Unusual Items Excluding Goodwill": 1061000000.0,
        "Net Income From Continuing Operation Net Minority Interest": 4962000000.0,
        "Reconciled Depreciation": 2291000000.0,
        "Reconciled Cost Of Revenue": 13435000000.0,
        "EBITDA": 16461000000.0,
        "EBIT": 14170000000.0,
        "Net Interest Income": 127000000.0,
        "Interest Expense": 463000000.0,
        "Interest Income": 590000000.0,
        "Normalized Income": 4134420000.0,
        "Net Income From Continuing And Discontinued Operation": 4962000000.0,
        "Total Expenses": 16737000000.0,
        "Total Operating Income As Reported": 12517000000.0,
        "Diluted Average Shares": 3124000000.0,
        "Basic Average Shares": 3118000000.0,
        "Diluted EPS": 1.59,
        "Basic EPS": 1.59,
        "Diluted NI Availto Com Stockholders": 4962000000.0,
        "Net Income Common Stockholders": 4962000000.0,
        "Net Income": 4962000000.0,
        "Minority Interests": -4000000.0,
        "Net Income Including Noncontrolling Interests": 4966000000.0,
        "Net Income Continuous Operations": 4966000000.0,
        "Tax Provision": 8741000000.0,
        "Pretax Income": 13707000000.0,
        "Other Income Expense": 1104000000.0,
        "Earnings From Equity Interest": 43000000.0,
        "Gain On Sale Of Security": 1061000000.0,
        "Net Non Operating Interest Income Expense": 127000000.0,
        "Total Other Finance Cost": NaN,
        "Interest Expense Non Operating": 463000000.0,
        "Interest Income Non Operating": 590000000.0,
        "Operating Income": 12474000000.0,
        "Operating Expense": 3302000000.0,
        "Other Operating Expenses": 2998000000.0,
        "Selling General And Administration": 304000000.0,
        "Gross Profit": 15776000000.0,
        "Cost Of Revenue": 13435000000.0,
        "Total Revenue": 29211000000.0,
        "Operating Revenue": 28841000000.0
    },
    "2022-03-31": {
        "Diluted EPS": 1.46,
        "Total Revenue": NaN,
        "Gross Profit": NaN,
        "Operating Income": NaN,
        "EBIT": NaN,
        "Net Income": NaN
    },
    "2021-12-31": {
        "Diluted EPS": 0.17,
        "Total Revenue": NaN,
        "Gross Profit": NaN,
        "Operating Income": 485,
        "EBIT": NaN,
        "Net Income": 596
    },
    "2021-09-30": {
        "Diluted EPS": 0.43,
        "Total Revenue": NaN,
        "Gross Profit": NaN,
        "Operating Income": NaN,
        "EBIT": NaN,
        "Net Income": NaN
    },
    "2021-06-30": {
        "Diluted EPS": 1.46,
        "Total Revenue": NaN,
        "Gross Profit": NaN,
        "Operating Income": NaN,
        "EBIT": NaN,
        "Net Income": NaN
    },
    "2021-03-31": {
        "Diluted EPS": 0.57,
        "Total Revenue": NaN,
        "Gross Profit": NaN,
        "Operating Income": NaN,
        "EBIT": NaN,
        "Net Income": NaN
    },
    "2020-12-31": {
        "Diluted EPS": -0.75,
        "Total Revenue": NaN,
        "Gross Profit": NaN,
        "Operating Income": -988,
        "EBIT": NaN,
        "Net Income": NaN
    },
    "2020-09-30": {
        "Diluted EPS": -0.65,
        "Total Revenue": NaN,
        "Gross Profit": NaN,
        "Operating Income": NaN,
        "EBIT": NaN,
        "Net Income": NaN
    },
    "2020-06-30": {
        "Diluted EPS": -0.08,
        "Total Revenue": NaN,
        "Gross Profit": NaN,
        "Operating Income": -473,
        "EBIT": NaN,
        "Net Income": -254
    },
    "2020-03-31": {
        "Diluted EPS": -0.21,
        "Total Revenue": NaN,
        "Gross Profit": NaN,
        "Operating Income": 58,
        "EBIT": NaN,
        "Net Income": -708
    },
    "2019-12-31": {
        "Diluted EPS": -0.07,
        "Total Revenue": NaN,
        "Gross Profit": NaN,
        "Operating Income": NaN,
        "EBIT": NaN,
        "Net Income": -236
    },
    "2019-09-30": {
        "Diluted EPS": -0.33,
        "Total Revenue": NaN,
        "Gross Profit": NaN,
        "Operating Income": -469,
        "EBIT": NaN,
        "Net Income": NaN
    },
    "2019-06-30": {
        "Diluted EPS": 0.44,
        "Total Revenue": NaN,
        "Gross Profit": NaN,
        "Operating Income": NaN,
        "EBIT": NaN,
        "Net Income": NaN
    },
    "2019-03-31": {
        "Diluted EPS": 0.51,
        "Total Revenue": NaN,
        "Gross Profit": NaN,
        "Operating Income": NaN,
        "EBIT": NaN,
        "Net Income": NaN
    },
    "2018-12-31": {
        "Diluted EPS": 1.01,
        "Total Revenue": NaN,
        "Gross Profit": NaN,
        "Operating Income": NaN,
        "EBIT": NaN,
        "Net Income": NaN
    },
    "2018-09-30": {
        "Diluted EPS": 0.5,
        "Total Revenue": NaN,
        "Gross Profit": NaN,
        "Operating Income": NaN,
        "EBIT": NaN,
        "Net Income": NaN
    },
    "2018-06-30": {
        "Diluted EPS": 0.37,
        "Total Revenue": NaN,
        "Gross Profit": NaN,
        "Operating Income": NaN,
        "EBIT": NaN,
        "Net Income": NaN
    },
    "2018-03-31": {
        "Diluted EPS": 0.39,
        "Total Revenue": NaN,
        "Gross Profit": NaN,
        "Operating Income": NaN,
        "EBIT": NaN,
        "Net Income": NaN
    },
    "2017-12-31": {
        "Diluted EPS": 0.78,
        "Total Revenue": NaN,
        "Gross Profit": NaN,
        "Operating Income": NaN,
        "EBIT": NaN,
        "Net Income": NaN
    },
    "2017-09-30": {
        "Diluted EPS": -0.15,
        "Total Revenue": NaN,
        "Gross Profit": NaN,
        "Operating Income": NaN,
        "EBIT": NaN,
        "Net Income": -481
    },
    "2017-06-30": {
        "Diluted EPS": 0.44,
        "Total Revenue": NaN,
        "Gross Profit": NaN,
        "Operating Income": NaN,
        "EBIT": NaN,
        "Net Income": NaN
    },
    "2017-03-31": {
        "Diluted EPS": 0.33,
        "Total Revenue": NaN,
        "Gross Profit": NaN,
        "Operating Income": NaN,
        "EBIT": NaN,
        "Net Income": NaN
    },
    "2016-12-31": {
        "Diluted EPS": -0.86,
        "Total Revenue": NaN,
        "Gross Profit": NaN,
        "Operating Income": NaN,
        "EBIT": NaN,
        "Net Income": NaN
    },
    "2016-09-30": {
        "Diluted EPS": -0.14,
        "Total Revenue": NaN,
        "Gross Profit": NaN,
        "Operating Income": 737,
        "EBIT": NaN,
        "Net Income": -432
    },
    "2016-06-30": {
        "Diluted EPS": -0.1,
        "Total Revenue": NaN,
        "Gross Profit": NaN,
        "Operating Income": 180,
        "EBIT": NaN,
        "Net Income": -307
    },
    "2016-03-31": {
        "Diluted EPS": 0.19,
        "Total Revenue": NaN,
        "Gross Profit": NaN,
        "Operating Income": NaN,
        "EBIT": NaN,
        "Net Income": 607
    },
    "2015-12-31": {
        "Diluted EPS": -0.35,
        "Total Revenue": NaN,
        "Gross Profit": NaN,
        "Operating Income": 155,
        "EBIT": NaN,
        "Net Income": NaN
    },
    "2015-09-30": {
        "Diluted EPS": -0.11,
        "Total Revenue": NaN,
        "Gross Profit": NaN,
        "Operating Income": 882,
        "EBIT": NaN,
        "Net Income": -348
    },
    "2015-06-30": {
        "Diluted EPS": 0.27,
        "Total Revenue": NaN,
        "Gross Profit": NaN,
        "Operating Income": NaN,
        "EBIT": NaN,
        "Net Income": 861
    },
    "2015-03-31": {
        "Diluted EPS": -1.44,
        "Total Revenue": NaN,
        "Gross Profit": NaN,
        "Operating Income": NaN,
        "EBIT": NaN,
        "Net Income": NaN
    },
    "2014-12-31": {
        "Diluted EPS": -0.4,
        "Total Revenue": NaN,
        "Gross Profit": NaN,
        "Operating Income": NaN,
        "EBIT": NaN,
        "Net Income": NaN
    },
    "2014-09-30": {
        "Diluted EPS": -0.24,
        "Total Revenue": NaN,
        "Gross Profit": NaN,
        "Operating Income": NaN,
        "EBIT": NaN,
        "Net Income": -753
    },
    "2014-06-30": {
        "Diluted EPS": 0.63,
        "Total Revenue": NaN,
        "Gross Profit": NaN,
        "Operating Income": NaN,
        "EBIT": NaN,
        "Net Income": NaN
    },
    "2014-03-31": {
        "Diluted EPS": 1.22,
        "Total Revenue": NaN,
        "Gross Profit": NaN,
        "Operating Income": NaN,
        "EBIT": NaN,
        "Net Income": NaN
    },
    "2013-12-31": {
        "Diluted EPS": 0.79,
        "Total Revenue": NaN,
        "Gross Profit": NaN,
        "Operating Income": NaN,
        "EBIT": NaN,
        "Net Income": NaN
    },
    "2013-09-30": {
        "Diluted EPS": 0.75,
        "Total Revenue": NaN,
        "Gross Profit": NaN,
        "Operating Income": NaN,
        "EBIT": NaN,
        "Net Income": NaN
    },
    "2013-06-30": {
        "Diluted EPS": 0.24,
        "Total Revenue": NaN,
        "Gross Profit": NaN,
        "Operating Income": NaN,
        "EBIT": NaN,
        "Net Income": 738
    },
    "2013-03-31": {
        "Diluted EPS": 0.36,
        "Total Revenue": NaN,
        "Gross Profit": NaN,
        "Operating Income": NaN,
        "EBIT": NaN,
        "Net Income": NaN
    },
    "2012-12-31": {
        "Diluted EPS": 0.74,
        "Total Revenue": NaN,
        "Gross Profit": NaN,
        "Operating Income": NaN,
        "EBIT": NaN,
        "Net Income": NaN
    },
    "2012-09-30": {
        "Diluted EPS": 0.77,
        "Total Revenue": NaN,
        "Gross Profit": NaN,
        "Operating Income": NaN,
        "EBIT": NaN,
        "Net Income": NaN
    },
    "2012-06-30": {
        "Diluted EPS": 1.36,
        "Total Revenue": NaN,
        "Gross Profit": NaN,
        "Operating Income": NaN,
        "EBIT": NaN,
        "Net Income": NaN
    },
    "2012-03-31": {
        "Diluted EPS": 0.82,
        "Total Revenue": NaN,
        "Gross Profit": NaN,
        "Operating Income": NaN,
        "EBIT": NaN,
        "Net Income": NaN
    },
    "2011-12-31": {
        "Diluted EPS": 1.39,
        "Total Revenue": NaN,
        "Gross Profit": NaN,
        "Operating Income": NaN,
        "EBIT": NaN,
        "Net Income": NaN
    },
    "2011-09-30": {
        "Diluted EPS": 0.59,
        "Total Revenue": NaN,
        "Gross Profit": NaN,
        "Operating Income": NaN,
        "EBIT": NaN,
        "Net Income": NaN
    },
    "2011-06-30": {
        "Diluted EPS": 1.56,
        "Total Revenue": NaN,
        "Gross Profit": NaN,
        "Operating Income": NaN,
        "EBIT": NaN,
        "Net Income": NaN
    },
    "2011-03-31": {
        "Diluted EPS": 0.88,
        "Total Revenue": NaN,
        "Gross Profit": NaN,
        "Operating Income": NaN,
        "EBIT": NaN,
        "Net Income": NaN
    },
    "2010-12-31": {
        "Diluted EPS": 0.51,
        "Total Revenue": NaN,
        "Gross Profit": NaN,
        "Operating Income": NaN,
        "EBIT": NaN,
        "Net Income": NaN
    },
    "2010-09-30": {
        "Diluted EPS": 0.7,
        "Total Revenue": NaN,
        "Gross Profit": NaN,
        "Operating Income": NaN,
        "EBIT": NaN,
        "Net Income": NaN
    },
    "2010-06-30": {
        "Diluted EPS": 0.16,
        "Total Revenue": NaN,
        "Gross Profit": NaN,
        "Operating Income": NaN,
        "EBIT": NaN,
        "Net Income": 493
    },
    "2010-03-31": {
        "Diluted EPS": 0.6,
        "Total Revenue": NaN,
        "Gross Profit": NaN,
        "Operating Income": NaN,
        "EBIT": NaN,
        "Net Income": NaN
    },
    "2009-12-31": {
        "Diluted EPS": 0.4,
        "Total Revenue": NaN,
        "Gross Profit": NaN,
        "Operating Income": NaN,
        "EBIT": NaN,
        "Net Income": NaN
    },
    "2009-09-30": {
        "Diluted EPS": 0.36,
        "Total Revenue": NaN,
        "Gross Profit": NaN,
        "Operating Income": NaN,
        "EBIT": NaN,
        "Net Income": NaN
    },
    "2009-06-30": {
        "Diluted EPS": 0.0,
        "Total Revenue": NaN,
        "Gross Profit": NaN,
        "Operating Income": NaN,
        "EBIT": NaN,
        "Net Income": 12
    },
    "2009-03-31": {
        "Diluted EPS": 0.18,
        "Total Revenue": NaN,
        "Gross Profit": NaN,
        "Operating Income": NaN,
        "EBIT": NaN,
        "Net Income": 627
    },
    "2023-09-30": {
        "Tax Effect Of Unusual Items": 0.0,
        "Tax Rate For Calcs": 0.22,
        "Normalized EBITDA": 11247000000.0,
        "Total Unusual Items": NaN,
        "Total Unusual Items Excluding Goodwill": NaN,
        "Net Income From Continuing Operation Net Minority Interest": 2497000000.0,
        "Reconciled Depreciation": 3369000000.0,
        "Reconciled Cost Of Revenue": 15638000000.0,
        "EBITDA": 11247000000.0,
        "EBIT": 7878000000.0,
        "Net Interest Income": 13000000.0,
        "Interest Expense": 412000000.0,
        "Interest Income": NaN,
        "Normalized Income": 2497000000.0,
        "Net Income From Continuing And Discontinued Operation": 2497000000.0,
        "Total Expenses": 18447000000.0,
        "Total Operating Income As Reported": 7453000000.0,
        "Diluted Average Shares": 2978000000.0,
        "Basic Average Shares": 2971000000.0,
        "Diluted EPS": 0.84,
        "Basic EPS": 0.84,
        "Diluted NI Availto Com Stockholders": 2497000000.0,
        "Net Income Common Stockholders": 2497000000.0,
        "Net Income": 2497000000.0,
        "Minority Interests": -4000000.0,
        "Net Income Including Noncontrolling Interests": 2501000000.0,
        "Net Income Continuous Operations": 2501000000.0,
        "Tax Provision": 4965000000.0,
        "Pretax Income": 7466000000.0,
        "Other Income Expense": -25000000.0,
        "Earnings From Equity Interest": -25000000.0,
        "Gain On Sale Of Security": NaN,
        "Net Non Operating Interest Income Expense": 13000000.0,
        "Total Other Finance Cost": -425000000.0,
        "Interest Expense Non Operating": 412000000.0,
        "Interest Income Non Operating": NaN,
        "Operating Income": 7477000000.0,
        "Operating Expense": 2809000000.0,
        "Other Operating Expenses": 2514000000.0,
        "Selling General And Administration": 295000000.0,
        "Gross Profit": 10286000000.0,
        "Cost Of Revenue": 15638000000.0,
        "Total Revenue": 25924000000.0,
        "Operating Revenue": 25650000000.0
    },
    "2023-12-31": {
        "Tax Effect Of Unusual Items": 0.0,
        "Tax Rate For Calcs": 0.22,
        "Normalized EBITDA": 11989000000.0,
        "Total Unusual Items": NaN,
        "Total Unusual Items Excluding Goodwill": NaN,
        "Net Income From Continuing Operation Net Minority Interest": 2603000000.0,
        "Reconciled Depreciation": 2822000000.0,
        "Reconciled Cost Of Revenue": 16626000000.0,
        "EBITDA": 11989000000.0,
        "EBIT": 9167000000.0,
        "Net Interest Income": -416000000.0,
        "Interest Expense": -170000000.0,
        "Interest Income": NaN,
        "Normalized Income": 2603000000.0,
        "Net Income From Continuing And Discontinued Operation": 2603000000.0,
        "Total Expenses": 20602000000.0,
        "Total Operating Income As Reported": 8748000000.0,
        "Diluted Average Shares": 2961000000.0,
        "Basic Average Shares": 2954000000.0,
        "Diluted EPS": 0.88,
        "Basic EPS": 0.88,
        "Diluted NI Availto Com Stockholders": 2603000000.0,
        "Net Income Common Stockholders": 2603000000.0,
        "Net Income": 2603000000.0,
        "Minority Interests": -5000000.0,
        "Net Income Including Noncontrolling Interests": 2608000000.0,
        "Net Income Continuous Operations": 2608000000.0,
        "Tax Provision": 6729000000.0,
        "Pretax Income": 9337000000.0,
        "Other Income Expense": 1513000000.0,
        "Earnings From Equity Interest": -31000000.0,
        "Gain On Sale Of Security": NaN,
        "Net Non Operating Interest Income Expense": -416000000.0,
        "Total Other Finance Cost": NaN,
        "Interest Expense Non Operating": -170000000.0,
        "Interest Income Non Operating": NaN,
        "Operating Income": 8241000000.0,
        "Operating Expense": 3976000000.0,
        "Other Operating Expenses": 3572000000.0,
        "Selling General And Administration": 404000000.0,
        "Gross Profit": 12217000000.0,
        "Cost Of Revenue": 16626000000.0,
        "Total Revenue": 28843000000.0,
        "Operating Revenue": 28346000000.0
    },
    "2024-03-31": {
        "Tax Effect Of Unusual Items": 88800000.0,
        "Tax Rate For Calcs": 0.4,
        "Normalized EBITDA": 10618000000.0,
        "Total Unusual Items": 222000000.0,
        "Total Unusual Items Excluding Goodwill": 222000000.0,
        "Net Income From Continuing Operation Net Minority Interest": 2668000000.0,
        "Reconciled Depreciation": 2426000000.0,
        "Reconciled Cost Of Revenue": 14267000000.0,
        "EBITDA": 10840000000.0,
        "EBIT": 8414000000.0,
        "Net Interest Income": 144000000.0,
        "Interest Expense": 416000000.0,
        "Interest Income": 560000000.0,
        "Normalized Income": 2534800000.0,
        "Net Income From Continuing And Discontinued Operation": 2668000000.0,
        "Total Expenses": 17490000000.0,
        "Total Operating Income As Reported": 7631000000.0,
        "Diluted Average Shares": 2942000000.0,
        "Basic Average Shares": 2938000000.0,
        "Diluted EPS": 0.91,
        "Basic EPS": 0.91,
        "Diluted NI Availto Com Stockholders": 2668000000.0,
        "Net Income Common Stockholders": 2668000000.0,
        "Net Income": 2668000000.0,
        "Minority Interests": -5000000.0,
        "Net Income Including Noncontrolling Interests": 2672000000.0,
        "Net Income Continuous Operations": 2672000000.0,
        "Tax Provision": 5325000000.0,
        "Pretax Income": 7998000000.0,
        "Other Income Expense": 255000000.0,
        "Earnings From Equity Interest": 33000000.0,
        "Gain On Sale Of Security": 222000000.0,
        "Net Non Operating Interest Income Expense": 144000000.0,
        "Total Other Finance Cost": NaN,
        "Interest Expense Non Operating": 416000000.0,
        "Interest Income Non Operating": 560000000.0,
        "Operating Income": 7599000000.0,
        "Operating Expense": 3223000000.0,
        "Other Operating Expenses": 2882000000.0,
        "Selling General And Administration": 341000000.0,
        "Gross Profit": 10822000000.0,
        "Cost Of Revenue": 14267000000.0,
        "Total Revenue": 25089000000.0,
        "Operating Revenue": 24663000000.0
    }
}