{
    "2023-03-31": {
        "Tax Effect Of Unusual Items": 0.0,
        "Tax Rate For Calcs": 0.0,
        "Normalized EBITDA": -98439000.0,
        "Total Unusual Items": 229000.0,
        "Total Unusual Items Excluding Goodwill": 229000.0,
        "Net Income From Continuing Operation Net Minority Interest": -82551000.0,
        "Reconciled Depreciation": 188000.0,
        "EBITDA": -98210000.0,
        "EBIT": -98210000.0,
        "Net Interest Income": 15442000.0,
        "Interest Income": 15442000.0,
        "Normalized Income": -82780000.0,
        "Net Income From Continuing And Discontinued Operation": -82551000.0,
        "Total Expenses": 98210000.0,
        "Total Operating Income As Reported": -101798000.0,
        "Diluted Average Shares": 480010594.0,
        "Basic Average Shares": 480010594.0,
        "Diluted EPS": -0.17,
        "Basic EPS": -0.17,
        "Diluted NI Availto Com Stockholders": -82551000.0,
        "Average Dilution Earnings": 0.0,
        "Net Income Common Stockholders": -82551000.0,
        "Otherunder Preferred Stock Dividend": 0.0,
        "Net Income": -82551000.0,
        "Net Income Including Noncontrolling Interests": -82551000.0,
        "Net Income Continuous Operations": -82551000.0,
        "Pretax Income": -82551000.0,
        "Other Income Expense": 217000.0,
        "Other Non Operating Income Expenses": -12000.0,
        "Special Income Charges": -1659000.0,
        "Restructuring And Mergern Acquisition": 1659000.0,
        "Gain On Sale Of Security": 1888000.0,
        "Net Non Operating Interest Income Expense": 15442000.0,
        "Interest Income Non Operating": 15442000.0,
        "Operating Income": -98210000.0,
        "Operating Expense": 98210000.0,
        "Research And Development": 70933000.0,
        "Selling General And Administration": 27277000.0,
        "General And Administrative Expense": 27277000.0,
        "Other Gand A": 27277000.0,
        "Total Revenue": 0.0,
        "Operating Revenue": 0.0
    },
    "2022-12-31": {
        "Tax Effect Of Unusual Items": 0.0,
        "Tax Rate For Calcs": 0.0,
        "Normalized EBITDA": -166636000.0,
        "Total Unusual Items": 65906000.0,
        "Total Unusual Items Excluding Goodwill": 65906000.0,
        "Net Income From Continuing Operation Net Minority Interest": -22177000.0,
        "Reconciled Depreciation": 148000.0,
        "EBITDA": -100730000.0,
        "EBIT": -100730000.0,
        "Net Interest Income": 12668000.0,
        "Interest Income": 12668000.0,
        "Normalized Income": -88083000.0,
        "Net Income From Continuing And Discontinued Operation": -22177000.0,
        "Total Expenses": 100730000.0,
        "Total Operating Income As Reported": -100730000.0,
        "Diluted Average Shares": 477838683.0,
        "Basic Average Shares": 477838683.0,
        "Diluted EPS": -0.05,
        "Basic EPS": -0.05,
        "Diluted NI Availto Com Stockholders": -22177000.0,
        "Average Dilution Earnings": NaN,
        "Net Income Common Stockholders": -22177000.0,
        "Otherunder Preferred Stock Dividend": NaN,
        "Net Income": -22177000.0,
        "Net Income Including Noncontrolling Interests": -22177000.0,
        "Net Income Continuous Operations": -22177000.0,
        "Pretax Income": -22177000.0,
        "Other Income Expense": 65885000.0,
        "Other Non Operating Income Expenses": -21000.0,
        "Special Income Charges": 55018000.0,
        "Restructuring And Mergern Acquisition": -55018000.0,
        "Gain On Sale Of Security": 10888000.0,
        "Net Non Operating Interest Income Expense": 12668000.0,
        "Interest Income Non Operating": 12668000.0,
        "Operating Income": -100730000.0,
        "Operating Expense": 100730000.0,
        "Research And Development": 71498000.0,
        "Selling General And Administration": 29232000.0,
        "General And Administrative Expense": 29232000.0,
        "Other Gand A": 29232000.0,
        "Total Revenue": 0.0,
        "Operating Revenue": 0.0
    },
    "2022-09-30": {
        "Tax Effect Of Unusual Items": 0.0,
        "Tax Rate For Calcs": 0.0,
        "Normalized EBITDA": -90021000.0,
        "Total Unusual Items": -197000.0,
        "Total Unusual Items Excluding Goodwill": -197000.0,
        "Net Income From Continuing Operation Net Minority Interest": -85092000.0,
        "Reconciled Depreciation": 148000.0,
        "EBITDA": -90218000.0,
        "EBIT": -90366000.0,
        "Net Interest Income": 8209000.0,
        "Interest Income": 8209000.0,
        "Normalized Income": -84895000.0,
        "Net Income From Continuing And Discontinued Operation": -85092000.0,
        "Total Expenses": 90366000.0,
        "Total Operating Income As Reported": -90366000.0,
        "Diluted Average Shares": 475565990.0,
        "Basic Average Shares": 475565990.0,
        "Diluted EPS": -0.18,
        "Basic EPS": -0.18,
        "Diluted NI Availto Com Stockholders": -85092000.0,
        "Average Dilution Earnings": NaN,
        "Net Income Common Stockholders": -85092000.0,
        "Otherunder Preferred Stock Dividend": NaN,
        "Net Income": -85092000.0,
        "Net Income Including Noncontrolling Interests": -85092000.0,
        "Net Income Continuous Operations": -85092000.0,
        "Pretax Income": -85092000.0,
        "Other Income Expense": -2935000.0,
        "Other Non Operating Income Expenses": -2738000.0,
        "Special Income Charges": NaN,
        "Restructuring And Mergern Acquisition": NaN,
        "Gain On Sale Of Security": -197000.0,
        "Net Non Operating Interest Income Expense": 8209000.0,
        "Interest Income Non Operating": 8209000.0,
        "Operating Income": -90366000.0,
        "Operating Expense": 90366000.0,
        "Research And Development": 56271000.0,
        "Selling General And Administration": 34095000.0,
        "General And Administrative Expense": 34095000.0,
        "Other Gand A": 34095000.0,
        "Total Revenue": 0.0,
        "Operating Revenue": 0.0
    },
    "2022-06-30": {
        "Tax Effect Of Unusual Items": 0.0,
        "Tax Rate For Calcs": 0.0,
        "Normalized EBITDA": -80045000.0,
        "Total Unusual Items": 1184000.0,
        "Total Unusual Items Excluding Goodwill": 1184000.0,
        "Net Income From Continuing Operation Net Minority Interest": -82546000.0,
        "Reconciled Depreciation": 229000.0,
        "EBITDA": -78861000.0,
        "EBIT": -79090000.0,
        "Net Interest Income": 4091000.0,
        "Interest Income": 4091000.0,
        "Normalized Income": -83730000.0,
        "Net Income From Continuing And Discontinued Operation": -82546000.0,
        "Total Expenses": 79090000.0,
        "Total Operating Income As Reported": -79090000.0,
        "Diluted Average Shares": 473058458.0,
        "Basic Average Shares": 473058458.0,
        "Diluted EPS": -0.17,
        "Basic EPS": -0.17,
        "Diluted NI Availto Com Stockholders": -82546000.0,
        "Average Dilution Earnings": 0.0,
        "Net Income Common Stockholders": -82546000.0,
        "Otherunder Preferred Stock Dividend": 0.0,
        "Net Income": -82546000.0,
        "Net Income Including Noncontrolling Interests": -82546000.0,
        "Net Income Continuous Operations": -82546000.0,
        "Pretax Income": -82546000.0,
        "Other Income Expense": -7547000.0,
        "Other Non Operating Income Expenses": -8731000.0,
        "Special Income Charges": NaN,
        "Restructuring And Mergern Acquisition": NaN,
        "Gain On Sale Of Security": 1184000.0,
        "Net Non Operating Interest Income Expense": 4091000.0,
        "Interest Income Non Operating": 4091000.0,
        "Operating Income": -79090000.0,
        "Operating Expense": 79090000.0,
        "Research And Development": 47298000.0,
        "Selling General And Administration": 31792000.0,
        "General And Administrative Expense": 31792000.0,
        "Other Gand A": 31792000.0,
        "Total Revenue": 0.0,
        "Operating Revenue": 0.0
    },
    "2022-03-31": {
        "Diluted EPS": 0.04,
        "Total Revenue": NaN,
        "Gross Profit": NaN,
        "Operating Income": -86,
        "EBIT": -85,
        "Net Income": 20
    },
    "2021-12-31": {
        "Diluted EPS": 0.01,
        "Total Revenue": NaN,
        "Gross Profit": NaN,
        "Operating Income": -95,
        "EBIT": -94,
        "Net Income": 1
    },
    "2021-09-30": {
        "Diluted EPS": -0.12,
        "Total Revenue": NaN,
        "Gross Profit": NaN,
        "Operating Income": -40,
        "EBIT": -40,
        "Net Income": -40
    },
    "2021-06-30": {
        "Diluted EPS": -0.11,
        "Total Revenue": NaN,
        "Gross Profit": NaN,
        "Operating Income": -35,
        "EBIT": -34,
        "Net Income": -35
    },
    "2021-03-31": {
        "Diluted EPS": -0.09,
        "Total Revenue": NaN,
        "Gross Profit": NaN,
        "Operating Income": -27,
        "EBIT": -27,
        "Net Income": -27
    },
    "2020-12-31": {
        "Diluted EPS": 0.0,
        "Total Revenue": NaN,
        "Gross Profit": NaN,
        "Operating Income": NaN,
        "EBIT": NaN,
        "Net Income": NaN
    },
    "2023-06-30": {
        "Tax Effect Of Unusual Items": 0.0,
        "Tax Rate For Calcs": 0.0,
        "Normalized EBITDA": -38063000.0,
        "Total Unusual Items": -26703000.0,
        "Total Unusual Items Excluding Goodwill": -26703000.0,
        "Net Income From Continuing Operation Net Minority Interest": -72956000.0,
        "Reconciled Depreciation": 284000.0,
        "EBITDA": -64766000.0,
        "EBIT": -65050000.0,
        "Net Interest Income": 16068000.0,
        "Interest Income": 16068000.0,
        "Normalized Income": -46253000.0,
        "Net Income From Continuing And Discontinued Operation": -72956000.0,
        "Total Expenses": 65050000.0,
        "Total Operating Income As Reported": -91836000.0,
        "Diluted Average Shares": 482119498.0,
        "Basic Average Shares": 482119498.0,
        "Diluted EPS": -0.15,
        "Basic EPS": -0.15,
        "Diluted NI Availto Com Stockholders": -72956000.0,
        "Average Dilution Earnings": NaN,
        "Net Income Common Stockholders": -72956000.0,
        "Otherunder Preferred Stock Dividend": NaN,
        "Net Income": -72956000.0,
        "Net Income Including Noncontrolling Interests": -72956000.0,
        "Net Income Continuous Operations": -72956000.0,
        "Pretax Income": -72956000.0,
        "Other Income Expense": -23974000.0,
        "Other Non Operating Income Expenses": 2729000.0,
        "Special Income Charges": -26786000.0,
        "Restructuring And Mergern Acquisition": 26786000.0,
        "Gain On Sale Of Security": 83000.0,
        "Net Non Operating Interest Income Expense": 16068000.0,
        "Interest Income Non Operating": 16068000.0,
        "Operating Income": -65050000.0,
        "Operating Expense": 65050000.0,
        "Research And Development": 43574000.0,
        "Selling General And Administration": 21476000.0,
        "General And Administrative Expense": 21476000.0,
        "Other Gand A": 21476000.0,
        "Total Revenue": 0.0,
        "Operating Revenue": 0.0
    }
}