{
    "2023-12-31": {
        "Tax Effect Of Unusual Items": -2188800.0,
        "Tax Rate For Calcs": 0.4,
        "Normalized EBITDA": 93066000.0,
        "Total Unusual Items": -5472000.0,
        "Total Unusual Items Excluding Goodwill": -5472000.0,
        "Net Income From Continuing Operation Net Minority Interest": 3895000.0,
        "Reconciled Depreciation": 61337000.0,
        "Reconciled Cost Of Revenue": 198220000.0,
        "EBITDA": 87594000.0,
        "EBIT": 26257000.0,
        "Net Interest Income": -15541000.0,
        "Interest Expense": 17911000.0,
        "Interest Income": 2370000.0,
        "Normalized Income": 7178200.0,
        "Net Income From Continuing And Discontinued Operation": 3895000.0,
        "Total Expenses": 272965000.0,
        "Total Operating Income As Reported": 25297000.0,
        "Diluted Average Shares": 317300000.0,
        "Basic Average Shares": 313700000.0,
        "Diluted EPS": 0.01,
        "Basic EPS": 0.01,
        "Diluted NI Availto Com Stockholders": 3895000.0,
        "Net Income Common Stockholders": 3895000.0,
        "Net Income": 3895000.0,
        "Net Income Including Noncontrolling Interests": 3895000.0,
        "Net Income Continuous Operations": 3895000.0,
        "Tax Provision": 4451000.0,
        "Pretax Income": 8346000.0,
        "Other Income Expense": -939000.0,
        "Other Non Operating Income Expenses": 4939000.0,
        "Special Income Charges": 25370000.0,
        "Gain On Sale Of Ppe": -328000.0,
        "Gain On Sale Of Business": 30047000.0,
        "Other Special Charges": NaN,
        "Write Off": 471000.0,
        "Restructuring And Mergern Acquisition": NaN,
        "Earnings From Equity Interest": -406000.0,
        "Gain On Sale Of Security": -30842000.0,
        "Net Non Operating Interest Income Expense": -15541000.0,
        "Interest Expense Non Operating": 17911000.0,
        "Interest Income Non Operating": 2370000.0,
        "Operating Income": 24826000.0,
        "Operating Expense": 13781000.0,
        "Other Operating Expenses": 3289000.0,
        "Provision For Doubtful Accounts": 471000.0,
        "Depreciation Amortization Depletion Income Statement": 373000.0,
        "Depreciation And Amortization In Income Statement": 373000.0,
        "Depreciation Income Statement": 373000.0,
        "Selling General And Administration": 9648000.0,
        "General And Administrative Expense": 9648000.0,
        "Other Gand A": 3580000.0,
        "Salaries And Wages": 6068000.0,
        "Gross Profit": 38607000.0,
        "Cost Of Revenue": 259184000.0,
        "Total Revenue": 297791000.0,
        "Operating Revenue": 297791000.0
    },
    "2023-09-30": {
        "Tax Effect Of Unusual Items": 483600.0,
        "Tax Rate For Calcs": 0.4,
        "Normalized EBITDA": 67022000.0,
        "Total Unusual Items": 1209000.0,
        "Total Unusual Items Excluding Goodwill": 1209000.0,
        "Net Income From Continuing Operation Net Minority Interest": 2225000.0,
        "Reconciled Depreciation": 58866000.0,
        "Reconciled Cost Of Revenue": 201112000.0,
        "EBITDA": 68231000.0,
        "EBIT": 9365000.0,
        "Net Interest Income": -12220000.0,
        "Interest Expense": 15263000.0,
        "Interest Income": 3043000.0,
        "Normalized Income": 1499600.0,
        "Net Income From Continuing And Discontinued Operation": 2225000.0,
        "Total Expenses": 276131000.0,
        "Total Operating Income As Reported": 8616000.0,
        "Diluted Average Shares": 316533975.0,
        "Basic Average Shares": 312950575.0,
        "Diluted EPS": 0.01,
        "Basic EPS": 0.01,
        "Diluted NI Availto Com Stockholders": 2225000.0,
        "Net Income Common Stockholders": 2225000.0,
        "Net Income": 2225000.0,
        "Net Income Including Noncontrolling Interests": 2225000.0,
        "Net Income Continuous Operations": 2225000.0,
        "Tax Provision": -8123000.0,
        "Pretax Income": -5898000.0,
        "Other Income Expense": -2294000.0,
        "Other Non Operating Income Expenses": -3507000.0,
        "Special Income Charges": 0.0,
        "Gain On Sale Of Ppe": 0.0,
        "Gain On Sale Of Business": 0.0,
        "Other Special Charges": NaN,
        "Write Off": 0.0,
        "Restructuring And Mergern Acquisition": 0.0,
        "Earnings From Equity Interest": 4000.0,
        "Gain On Sale Of Security": 1209000.0,
        "Net Non Operating Interest Income Expense": -12220000.0,
        "Interest Expense Non Operating": 15263000.0,
        "Interest Income Non Operating": 3043000.0,
        "Operating Income": 8616000.0,
        "Operating Expense": 16586000.0,
        "Other Operating Expenses": 2606000.0,
        "Provision For Doubtful Accounts": 0.0,
        "Depreciation Amortization Depletion Income Statement": 433000.0,
        "Depreciation And Amortization In Income Statement": 433000.0,
        "Depreciation Income Statement": 433000.0,
        "Selling General And Administration": 13547000.0,
        "General And Administrative Expense": 13547000.0,
        "Other Gand A": 5765000.0,
        "Salaries And Wages": 7782000.0,
        "Gross Profit": 25202000.0,
        "Cost Of Revenue": 259545000.0,
        "Total Revenue": 284747000.0,
        "Operating Revenue": 284747000.0
    },
    "2023-06-30": {
        "Tax Effect Of Unusual Items": NaN,
        "Tax Rate For Calcs": NaN,
        "Normalized EBITDA": NaN,
        "Total Unusual Items": NaN,
        "Total Unusual Items Excluding Goodwill": NaN,
        "Net Income From Continuing Operation Net Minority Interest": NaN,
        "Reconciled Depreciation": NaN,
        "Reconciled Cost Of Revenue": NaN,
        "EBITDA": NaN,
        "EBIT": NaN,
        "Net Interest Income": NaN,
        "Interest Expense": NaN,
        "Interest Income": NaN,
        "Normalized Income": NaN,
        "Net Income From Continuing And Discontinued Operation": NaN,
        "Total Expenses": NaN,
        "Total Operating Income As Reported": NaN,
        "Diluted Average Shares": NaN,
        "Basic Average Shares": NaN,
        "Diluted EPS": NaN,
        "Basic EPS": NaN,
        "Diluted NI Availto Com Stockholders": NaN,
        "Net Income Common Stockholders": NaN,
        "Net Income": NaN,
        "Net Income Including Noncontrolling Interests": NaN,
        "Net Income Continuous Operations": NaN,
        "Tax Provision": NaN,
        "Pretax Income": NaN,
        "Other Income Expense": NaN,
        "Other Non Operating Income Expenses": NaN,
        "Special Income Charges": 0.0,
        "Gain On Sale Of Ppe": 0.0,
        "Gain On Sale Of Business": 0.0,
        "Other Special Charges": NaN,
        "Write Off": 13370000.0,
        "Restructuring And Mergern Acquisition": 0.0,
        "Earnings From Equity Interest": NaN,
        "Gain On Sale Of Security": NaN,
        "Net Non Operating Interest Income Expense": NaN,
        "Interest Expense Non Operating": NaN,
        "Interest Income Non Operating": NaN,
        "Operating Income": NaN,
        "Operating Expense": NaN,
        "Other Operating Expenses": NaN,
        "Provision For Doubtful Accounts": 13370000.0,
        "Depreciation Amortization Depletion Income Statement": NaN,
        "Depreciation And Amortization In Income Statement": NaN,
        "Depreciation Income Statement": NaN,
        "Selling General And Administration": NaN,
        "General And Administrative Expense": NaN,
        "Other Gand A": NaN,
        "Salaries And Wages": NaN,
        "Gross Profit": NaN,
        "Cost Of Revenue": NaN,
        "Total Revenue": NaN,
        "Operating Revenue": NaN
    },
    "2023-03-31": {
        "Tax Effect Of Unusual Items": NaN,
        "Tax Rate For Calcs": NaN,
        "Normalized EBITDA": NaN,
        "Total Unusual Items": NaN,
        "Total Unusual Items Excluding Goodwill": NaN,
        "Net Income From Continuing Operation Net Minority Interest": NaN,
        "Reconciled Depreciation": NaN,
        "Reconciled Cost Of Revenue": NaN,
        "EBITDA": NaN,
        "EBIT": NaN,
        "Net Interest Income": NaN,
        "Interest Expense": NaN,
        "Interest Income": NaN,
        "Normalized Income": NaN,
        "Net Income From Continuing And Discontinued Operation": NaN,
        "Total Expenses": NaN,
        "Total Operating Income As Reported": NaN,
        "Diluted Average Shares": NaN,
        "Basic Average Shares": NaN,
        "Diluted EPS": NaN,
        "Basic EPS": NaN,
        "Diluted NI Availto Com Stockholders": NaN,
        "Net Income Common Stockholders": NaN,
        "Net Income": NaN,
        "Net Income Including Noncontrolling Interests": NaN,
        "Net Income Continuous Operations": NaN,
        "Tax Provision": NaN,
        "Pretax Income": NaN,
        "Other Income Expense": NaN,
        "Other Non Operating Income Expenses": NaN,
        "Special Income Charges": NaN,
        "Gain On Sale Of Ppe": -99000.0,
        "Gain On Sale Of Business": NaN,
        "Other Special Charges": NaN,
        "Write Off": NaN,
        "Restructuring And Mergern Acquisition": NaN,
        "Earnings From Equity Interest": NaN,
        "Gain On Sale Of Security": NaN,
        "Net Non Operating Interest Income Expense": NaN,
        "Interest Expense Non Operating": NaN,
        "Interest Income Non Operating": NaN,
        "Operating Income": NaN,
        "Operating Expense": NaN,
        "Other Operating Expenses": NaN,
        "Provision For Doubtful Accounts": NaN,
        "Depreciation Amortization Depletion Income Statement": NaN,
        "Depreciation And Amortization In Income Statement": NaN,
        "Depreciation Income Statement": NaN,
        "Selling General And Administration": NaN,
        "General And Administrative Expense": NaN,
        "Other Gand A": NaN,
        "Salaries And Wages": NaN,
        "Gross Profit": NaN,
        "Cost Of Revenue": NaN,
        "Total Revenue": NaN,
        "Operating Revenue": NaN
    },
    "2024-03-31": {
        "Tax Effect Of Unusual Items": -1979400.0,
        "Tax Rate For Calcs": 0.15,
        "Normalized EBITDA": 42856000.0,
        "Total Unusual Items": -13196000.0,
        "Total Unusual Items Excluding Goodwill": -13196000.0,
        "Net Income From Continuing Operation Net Minority Interest": -42755000.0,
        "Reconciled Depreciation": 46424000.0,
        "Reconciled Cost Of Revenue": 183762000.0,
        "EBITDA": 29660000.0,
        "EBIT": -16764000.0,
        "Net Interest Income": -15471000.0,
        "Interest Expense": 17443000.0,
        "Interest Income": 1972000.0,
        "Normalized Income": -31538400.0,
        "Net Income From Continuing And Discontinued Operation": -42755000.0,
        "Total Expenses": 246571000.0,
        "Total Operating Income As Reported": -5253000.0,
        "Diluted Average Shares": 323989015.0,
        "Basic Average Shares": 323989015.0,
        "Diluted EPS": -0.13,
        "Basic EPS": -0.13,
        "Diluted NI Availto Com Stockholders": -42755000.0,
        "Net Income Common Stockholders": -42755000.0,
        "Net Income": -42755000.0,
        "Net Income Including Noncontrolling Interests": -42755000.0,
        "Net Income Continuous Operations": -42755000.0,
        "Tax Provision": 8548000.0,
        "Pretax Income": -34207000.0,
        "Other Income Expense": -13483000.0,
        "Other Non Operating Income Expenses": -710000.0,
        "Special Income Charges": NaN,
        "Gain On Sale Of Ppe": NaN,
        "Gain On Sale Of Business": NaN,
        "Other Special Charges": NaN,
        "Write Off": NaN,
        "Restructuring And Mergern Acquisition": NaN,
        "Earnings From Equity Interest": 423000.0,
        "Gain On Sale Of Security": -13196000.0,
        "Net Non Operating Interest Income Expense": -15471000.0,
        "Interest Expense Non Operating": 17443000.0,
        "Interest Income Non Operating": 1972000.0,
        "Operating Income": -5253000.0,
        "Operating Expense": 16615000.0,
        "Other Operating Expenses": 2474000.0,
        "Provision For Doubtful Accounts": NaN,
        "Depreciation Amortization Depletion Income Statement": 230000.0,
        "Depreciation And Amortization In Income Statement": 230000.0,
        "Depreciation Income Statement": 230000.0,
        "Selling General And Administration": 13911000.0,
        "General And Administrative Expense": 13911000.0,
        "Other Gand A": 5070000.0,
        "Salaries And Wages": 8841000.0,
        "Gross Profit": 11362000.0,
        "Cost Of Revenue": 229956000.0,
        "Total Revenue": 241318000.0,
        "Operating Revenue": 241318000.0
    },
    "2022-09-30": {
        "Tax Effect Of Unusual Items": NaN,
        "Tax Rate For Calcs": NaN,
        "Normalized EBITDA": NaN,
        "Total Unusual Items": NaN,
        "Total Unusual Items Excluding Goodwill": NaN,
        "Net Income From Continuing Operation Net Minority Interest": NaN,
        "Reconciled Depreciation": NaN,
        "Reconciled Cost Of Revenue": NaN,
        "EBITDA": NaN,
        "EBIT": NaN,
        "Net Interest Income": NaN,
        "Interest Expense": NaN,
        "Interest Income": NaN,
        "Normalized Income": NaN,
        "Net Income From Continuing And Discontinued Operation": NaN,
        "Total Expenses": NaN,
        "Total Operating Income As Reported": NaN,
        "Diluted Average Shares": NaN,
        "Basic Average Shares": NaN,
        "Diluted EPS": NaN,
        "Basic EPS": NaN,
        "Diluted NI Availto Com Stockholders": NaN,
        "Average Dilution Earnings": 0.0,
        "Net Income Common Stockholders": NaN,
        "Net Income": NaN,
        "Net Income Including Noncontrolling Interests": NaN,
        "Net Income Continuous Operations": NaN,
        "Tax Provision": NaN,
        "Pretax Income": NaN,
        "Other Income Expense": NaN,
        "Other Non Operating Income Expenses": NaN,
        "Special Income Charges": -423000.0,
        "Gain On Sale Of Ppe": 0.0,
        "Gain On Sale Of Business": 0.0,
        "Write Off": 423000.0,
        "Restructuring And Mergern Acquisition": 0.0,
        "Earnings From Equity Interest": NaN,
        "Gain On Sale Of Security": NaN,
        "Net Non Operating Interest Income Expense": NaN,
        "Interest Expense Non Operating": NaN,
        "Interest Income Non Operating": NaN,
        "Operating Income": NaN,
        "Operating Expense": NaN,
        "Other Operating Expenses": NaN,
        "Depreciation Amortization Depletion Income Statement": NaN,
        "Depreciation And Amortization In Income Statement": NaN,
        "Depreciation Income Statement": NaN,
        "Selling General And Administration": NaN,
        "General And Administrative Expense": NaN,
        "Other Gand A": NaN,
        "Salaries And Wages": NaN,
        "Gross Profit": NaN,
        "Cost Of Revenue": NaN,
        "Total Revenue": NaN,
        "Operating Revenue": NaN
    },
    "2024-06-30": {
        "Tax Effect Of Unusual Items": 167435599.577891,
        "Tax Rate For Calcs": 0.365551,
        "Normalized EBITDA": 54275000.0,
        "Total Unusual Items": 458036000.0,
        "Total Unusual Items Excluding Goodwill": 458036000.0,
        "Net Income From Continuing Operation Net Minority Interest": 283775000.0,
        "Reconciled Depreciation": 44375000.0,
        "Reconciled Cost Of Revenue": 198617000.0,
        "EBITDA": 512311000.0,
        "EBIT": 467936000.0,
        "Net Interest Income": -18287000.0,
        "Interest Expense": 20658000.0,
        "Interest Income": 2371000.0,
        "Normalized Income": -6825400.422109,
        "Net Income From Continuing And Discontinued Operation": 283775000.0,
        "Total Expenses": 258111000.0,
        "Total Operating Income As Reported": 11323000.0,
        "Diluted Average Shares": 471534808.0,
        "Basic Average Shares": 392453328.0,
        "Diluted EPS": 0.61,
        "Basic EPS": 0.72,
        "Diluted NI Availto Com Stockholders": 283775000.0,
        "Net Income Common Stockholders": 283775000.0,
        "Net Income": 283775000.0,
        "Net Income Including Noncontrolling Interests": 283775000.0,
        "Net Income Continuous Operations": 283775000.0,
        "Tax Provision": 163503000.0,
        "Pretax Income": 447278000.0,
        "Other Income Expense": 454242000.0,
        "Other Non Operating Income Expenses": -9635000.0,
        "Special Income Charges": 475733000.0,
        "Gain On Sale Of Ppe": NaN,
        "Gain On Sale Of Business": 0.0,
        "Other Special Charges": -5383000.0,
        "Write Off": 0.0,
        "Restructuring And Mergern Acquisition": -470350000.0,
        "Earnings From Equity Interest": 5841000.0,
        "Gain On Sale Of Security": -17697000.0,
        "Net Non Operating Interest Income Expense": -18287000.0,
        "Interest Expense Non Operating": 20658000.0,
        "Interest Income Non Operating": 2371000.0,
        "Operating Income": 11323000.0,
        "Operating Expense": 15306000.0,
        "Other Operating Expenses": 2650000.0,
        "Provision For Doubtful Accounts": 0.0,
        "Depreciation Amortization Depletion Income Statement": 187000.0,
        "Depreciation And Amortization In Income Statement": 187000.0,
        "Depreciation Income Statement": 187000.0,
        "Selling General And Administration": 12469000.0,
        "General And Administrative Expense": 12469000.0,
        "Other Gand A": 4856000.0,
        "Salaries And Wages": 7613000.0,
        "Gross Profit": 26629000.0,
        "Cost Of Revenue": 242805000.0,
        "Total Revenue": 269434000.0,
        "Operating Revenue": 269434000.0
    },
    "2024-09-30": {
        "Tax Effect Of Unusual Items": -3241950.0,
        "Tax Rate For Calcs": 0.15,
        "Normalized EBITDA": 137365000.0,
        "Total Unusual Items": -21613000.0,
        "Total Unusual Items Excluding Goodwill": -21613000.0,
        "Net Income From Continuing Operation Net Minority Interest": 303000.0,
        "Reconciled Depreciation": 59266000.0,
        "Reconciled Cost Of Revenue": 268344000.0,
        "EBITDA": 115752000.0,
        "EBIT": 56486000.0,
        "Net Interest Income": -17775000.0,
        "Interest Expense": 19725000.0,
        "Interest Income": 1950000.0,
        "Normalized Income": 18674050.0,
        "Net Income From Continuing And Discontinued Operation": 303000.0,
        "Total Expenses": 344337000.0,
        "Total Operating Income As Reported": 84182000.0,
        "Diluted Average Shares": 434536738.0,
        "Basic Average Shares": 428530139.0,
        "Diluted EPS": 0.000697,
        "Basic EPS": 0.000707,
        "Diluted NI Availto Com Stockholders": 303000.0,
        "Net Income Common Stockholders": 303000.0,
        "Net Income": 303000.0,
        "Net Income Including Noncontrolling Interests": 303000.0,
        "Net Income Continuous Operations": 303000.0,
        "Tax Provision": 36458000.0,
        "Pretax Income": 36761000.0,
        "Other Income Expense": -29513000.0,
        "Other Non Operating Income Expenses": -7900000.0,
        "Special Income Charges": 0.0,
        "Gain On Sale Of Ppe": NaN,
        "Gain On Sale Of Business": 0.0,
        "Other Special Charges": NaN,
        "Write Off": NaN,
        "Restructuring And Mergern Acquisition": 0.0,
        "Earnings From Equity Interest": 0.0,
        "Gain On Sale Of Security": -21613000.0,
        "Net Non Operating Interest Income Expense": -17775000.0,
        "Interest Expense Non Operating": 19725000.0,
        "Interest Income Non Operating": 1950000.0,
        "Operating Income": 84049000.0,
        "Operating Expense": 17329000.0,
        "Other Operating Expenses": 3758000.0,
        "Provision For Doubtful Accounts": 133000.0,
        "Depreciation Amortization Depletion Income Statement": 602000.0,
        "Depreciation And Amortization In Income Statement": 602000.0,
        "Depreciation Income Statement": 602000.0,
        "Selling General And Administration": 12836000.0,
        "General And Administrative Expense": 12836000.0,
        "Other Gand A": 4751000.0,
        "Salaries And Wages": 8085000.0,
        "Gross Profit": 101378000.0,
        "Cost Of Revenue": 327008000.0,
        "Total Revenue": 428386000.0,
        "Operating Revenue": 428386000.0
    }
}