{
    "2023-03-31": {
        "Tax Effect Of Unusual Items": NaN,
        "Tax Rate For Calcs": NaN,
        "Normalized EBITDA": NaN,
        "Total Unusual Items": 0.0,
        "Total Unusual Items Excluding Goodwill": 0.0,
        "Net Income From Continuing Operation Net Minority Interest": NaN,
        "Reconciled Depreciation": NaN,
        "EBITDA": NaN,
        "EBIT": NaN,
        "Net Interest Income": NaN,
        "Interest Income": NaN,
        "Normalized Income": NaN,
        "Net Income From Continuing And Discontinued Operation": NaN,
        "Total Expenses": NaN,
        "Total Operating Income As Reported": NaN,
        "Diluted Average Shares": 149504216.0,
        "Basic Average Shares": 149504216.0,
        "Diluted EPS": -0.22,
        "Basic EPS": -0.22,
        "Diluted NI Availto Com Stockholders": NaN,
        "Net Income Common Stockholders": NaN,
        "Net Income": NaN,
        "Net Income Including Noncontrolling Interests": NaN,
        "Net Income Continuous Operations": NaN,
        "Pretax Income": NaN,
        "Other Income Expense": NaN,
        "Other Non Operating Income Expenses": NaN,
        "Special Income Charges": 0.0,
        "Other Special Charges": NaN,
        "Net Non Operating Interest Income Expense": NaN,
        "Interest Income Non Operating": NaN,
        "Operating Income": NaN,
        "Operating Expense": NaN,
        "Research And Development": NaN,
        "Selling General And Administration": NaN,
        "General And Administrative Expense": NaN,
        "Other Gand A": NaN,
        "Total Revenue": NaN,
        "Operating Revenue": NaN
    },
    "2022-12-31": {
        "Tax Effect Of Unusual Items": NaN,
        "Tax Rate For Calcs": NaN,
        "Normalized EBITDA": NaN,
        "Total Unusual Items": NaN,
        "Total Unusual Items Excluding Goodwill": NaN,
        "Net Income From Continuing Operation Net Minority Interest": NaN,
        "Reconciled Depreciation": NaN,
        "EBITDA": NaN,
        "EBIT": NaN,
        "Net Interest Income": NaN,
        "Interest Income": NaN,
        "Normalized Income": NaN,
        "Net Income From Continuing And Discontinued Operation": NaN,
        "Total Expenses": NaN,
        "Total Operating Income As Reported": NaN,
        "Diluted Average Shares": NaN,
        "Basic Average Shares": NaN,
        "Diluted EPS": NaN,
        "Basic EPS": NaN,
        "Diluted NI Availto Com Stockholders": NaN,
        "Net Income Common Stockholders": NaN,
        "Net Income": NaN,
        "Net Income Including Noncontrolling Interests": NaN,
        "Net Income Continuous Operations": NaN,
        "Pretax Income": NaN,
        "Other Income Expense": NaN,
        "Other Non Operating Income Expenses": NaN,
        "Special Income Charges": NaN,
        "Other Special Charges": 100000000.0,
        "Net Non Operating Interest Income Expense": NaN,
        "Interest Income Non Operating": NaN,
        "Operating Income": NaN,
        "Operating Expense": NaN,
        "Research And Development": NaN,
        "Selling General And Administration": NaN,
        "General And Administrative Expense": NaN,
        "Other Gand A": NaN,
        "Total Revenue": NaN,
        "Operating Revenue": NaN
    },
    "2022-09-30": {
        "Tax Effect Of Unusual Items": 0.0,
        "Tax Rate For Calcs": 0.0,
        "Normalized EBITDA": -36962000.0,
        "Total Unusual Items": 0.0,
        "Total Unusual Items Excluding Goodwill": 0.0,
        "Net Income From Continuing Operation Net Minority Interest": -35489000.0,
        "Reconciled Depreciation": 771000.0,
        "EBITDA": -36962000.0,
        "EBIT": -36962000.0,
        "Net Interest Income": 1522000.0,
        "Interest Income": 1522000.0,
        "Normalized Income": -35489000.0,
        "Net Income From Continuing And Discontinued Operation": -35489000.0,
        "Total Expenses": 36962000.0,
        "Total Operating Income As Reported": -36962000.0,
        "Diluted Average Shares": 120798322.0,
        "Basic Average Shares": 120798322.0,
        "Diluted EPS": -0.29,
        "Basic EPS": -0.29,
        "Diluted NI Availto Com Stockholders": -35489000.0,
        "Net Income Common Stockholders": -35489000.0,
        "Net Income": -35489000.0,
        "Net Income Including Noncontrolling Interests": -35489000.0,
        "Net Income Continuous Operations": -35489000.0,
        "Pretax Income": -35489000.0,
        "Other Income Expense": -49000.0,
        "Other Non Operating Income Expenses": -49000.0,
        "Special Income Charges": 0.0,
        "Other Special Charges": NaN,
        "Net Non Operating Interest Income Expense": 1522000.0,
        "Interest Income Non Operating": 1522000.0,
        "Operating Income": -36962000.0,
        "Operating Expense": 36962000.0,
        "Research And Development": 28184000.0,
        "Selling General And Administration": 8778000.0,
        "General And Administrative Expense": 8778000.0,
        "Other Gand A": 8778000.0,
        "Total Revenue": 0.0,
        "Operating Revenue": 0.0
    },
    "2022-06-30": {
        "Tax Effect Of Unusual Items": 0.0,
        "Tax Rate For Calcs": 0.0,
        "Normalized EBITDA": -35371000.0,
        "Total Unusual Items": 0.0,
        "Total Unusual Items Excluding Goodwill": 0.0,
        "Net Income From Continuing Operation Net Minority Interest": -35608000.0,
        "Reconciled Depreciation": 534000.0,
        "EBITDA": -35371000.0,
        "EBIT": -35905000.0,
        "Net Interest Income": 388000.0,
        "Interest Income": 388000.0,
        "Normalized Income": -35608000.0,
        "Net Income From Continuing And Discontinued Operation": -35608000.0,
        "Total Expenses": 35905000.0,
        "Total Operating Income As Reported": -35905000.0,
        "Diluted Average Shares": 120193973.0,
        "Basic Average Shares": 120193973.0,
        "Diluted EPS": -0.3,
        "Basic EPS": -0.3,
        "Diluted NI Availto Com Stockholders": -35608000.0,
        "Net Income Common Stockholders": -35608000.0,
        "Net Income": -35608000.0,
        "Net Income Including Noncontrolling Interests": -35608000.0,
        "Net Income Continuous Operations": -35608000.0,
        "Pretax Income": -35608000.0,
        "Other Income Expense": -91000.0,
        "Other Non Operating Income Expenses": -91000.0,
        "Special Income Charges": 0.0,
        "Other Special Charges": NaN,
        "Net Non Operating Interest Income Expense": 388000.0,
        "Interest Income Non Operating": 388000.0,
        "Operating Income": -35905000.0,
        "Operating Expense": 35905000.0,
        "Research And Development": 27488000.0,
        "Selling General And Administration": 8417000.0,
        "General And Administrative Expense": 8417000.0,
        "Other Gand A": 8417000.0,
        "Total Revenue": 0.0,
        "Operating Revenue": 0.0
    },
    "2022-03-31": {
        "Diluted EPS": -0.31,
        "Total Revenue": NaN,
        "Gross Profit": NaN,
        "Operating Income": -37,
        "EBIT": -36,
        "Net Income": -36
    },
    "2021-12-31": {
        "Diluted EPS": 0.62,
        "Total Revenue": NaN,
        "Gross Profit": NaN,
        "Operating Income": -31,
        "EBIT": -31,
        "Net Income": -30
    },
    "2021-09-30": {
        "Diluted EPS": -0.46,
        "Total Revenue": NaN,
        "Gross Profit": NaN,
        "Operating Income": -46,
        "EBIT": -46,
        "Net Income": -46
    },
    "2021-06-30": {
        "Diluted EPS": -1.2,
        "Total Revenue": NaN,
        "Gross Profit": NaN,
        "Operating Income": -28,
        "EBIT": -28,
        "Net Income": -28
    },
    "2021-03-31": {
        "Diluted EPS": -0.81,
        "Total Revenue": NaN,
        "Gross Profit": NaN,
        "Operating Income": -20,
        "EBIT": -19,
        "Net Income": -18
    },
    "2020-12-31": {
        "Diluted EPS": 0.0,
        "Total Revenue": NaN,
        "Gross Profit": NaN,
        "Operating Income": NaN,
        "EBIT": NaN,
        "Net Income": NaN
    },
    "2020-09-30": {
        "Diluted EPS": -0.5,
        "Total Revenue": NaN,
        "Gross Profit": NaN,
        "Operating Income": -11,
        "EBIT": -11,
        "Net Income": -11
    },
    "2020-06-30": {
        "Diluted EPS": -0.26,
        "Total Revenue": NaN,
        "Gross Profit": NaN,
        "Operating Income": -7,
        "EBIT": -7,
        "Net Income": -5
    },
    "2023-06-30": {
        "Tax Effect Of Unusual Items": 0.0,
        "Tax Rate For Calcs": 0.0,
        "Normalized EBITDA": -35015000.0,
        "Total Unusual Items": 0.0,
        "Total Unusual Items Excluding Goodwill": 0.0,
        "Net Income From Continuing Operation Net Minority Interest": -31781000.0,
        "Reconciled Depreciation": 955000.0,
        "EBITDA": -35015000.0,
        "EBIT": -35970000.0,
        "Net Interest Income": 4251000.0,
        "Interest Income": 4251000.0,
        "Normalized Income": -31781000.0,
        "Net Income From Continuing And Discontinued Operation": -31781000.0,
        "Total Expenses": 35970000.0,
        "Total Operating Income As Reported": -35970000.0,
        "Diluted Average Shares": 150037029.0,
        "Basic Average Shares": 150037029.0,
        "Diluted EPS": -0.21,
        "Basic EPS": -0.21,
        "Diluted NI Availto Com Stockholders": -31781000.0,
        "Net Income Common Stockholders": -31781000.0,
        "Net Income": -31781000.0,
        "Net Income Including Noncontrolling Interests": -31781000.0,
        "Net Income Continuous Operations": -31781000.0,
        "Pretax Income": -31781000.0,
        "Other Income Expense": -62000.0,
        "Other Non Operating Income Expenses": -62000.0,
        "Special Income Charges": 0.0,
        "Other Special Charges": NaN,
        "Net Non Operating Interest Income Expense": 4251000.0,
        "Interest Income Non Operating": 4251000.0,
        "Operating Income": -35970000.0,
        "Operating Expense": 35970000.0,
        "Research And Development": 26218000.0,
        "Selling General And Administration": 9752000.0,
        "General And Administrative Expense": 9752000.0,
        "Other Gand A": 9752000.0,
        "Total Revenue": 0.0,
        "Operating Revenue": 0.0
    },
    "2023-09-30": {
        "Tax Effect Of Unusual Items": 0.0,
        "Tax Rate For Calcs": 0.0,
        "Normalized EBITDA": -33717000.0,
        "Total Unusual Items": 0.0,
        "Total Unusual Items Excluding Goodwill": 0.0,
        "Net Income From Continuing Operation Net Minority Interest": -30361000.0,
        "Reconciled Depreciation": 941000.0,
        "EBITDA": -33717000.0,
        "EBIT": -34658000.0,
        "Net Interest Income": 4346000.0,
        "Interest Income": 4346000.0,
        "Normalized Income": -30361000.0,
        "Net Income From Continuing And Discontinued Operation": -30361000.0,
        "Total Expenses": 34658000.0,
        "Total Operating Income As Reported": -34658000.0,
        "Diluted Average Shares": 150450201.0,
        "Basic Average Shares": 150450201.0,
        "Diluted EPS": -0.2,
        "Basic EPS": -0.2,
        "Diluted NI Availto Com Stockholders": -30361000.0,
        "Net Income Common Stockholders": -30361000.0,
        "Net Income": -30361000.0,
        "Net Income Including Noncontrolling Interests": -30361000.0,
        "Net Income Continuous Operations": -30361000.0,
        "Pretax Income": -30361000.0,
        "Other Income Expense": -49000.0,
        "Other Non Operating Income Expenses": -49000.0,
        "Special Income Charges": 0.0,
        "Other Special Charges": NaN,
        "Net Non Operating Interest Income Expense": 4346000.0,
        "Interest Income Non Operating": 4346000.0,
        "Operating Income": -34658000.0,
        "Operating Expense": 34658000.0,
        "Research And Development": 25213000.0,
        "Selling General And Administration": 9445000.0,
        "General And Administrative Expense": 9445000.0,
        "Other Gand A": 9445000.0,
        "Total Revenue": 0.0,
        "Operating Revenue": 0.0
    },
    "2023-12-31": {
        "Tax Effect Of Unusual Items": 0.0,
        "Tax Rate For Calcs": 0.0,
        "Normalized EBITDA": -32930000.0,
        "Total Unusual Items": 0.0,
        "Total Unusual Items Excluding Goodwill": 0.0,
        "Net Income From Continuing Operation Net Minority Interest": -29701000.0,
        "Reconciled Depreciation": 942000.0,
        "EBITDA": -32930000.0,
        "EBIT": -33872000.0,
        "Net Interest Income": 4238000.0,
        "Interest Income": 4238000.0,
        "Normalized Income": -29701000.0,
        "Net Income From Continuing And Discontinued Operation": -29701000.0,
        "Total Expenses": 33872000.0,
        "Total Operating Income As Reported": -33872000.0,
        "Diluted Average Shares": NaN,
        "Basic Average Shares": NaN,
        "Diluted EPS": NaN,
        "Basic EPS": NaN,
        "Diluted NI Availto Com Stockholders": -29701000.0,
        "Net Income Common Stockholders": -29701000.0,
        "Net Income": -29701000.0,
        "Net Income Including Noncontrolling Interests": -29701000.0,
        "Net Income Continuous Operations": -29701000.0,
        "Pretax Income": -29701000.0,
        "Other Income Expense": -67000.0,
        "Other Non Operating Income Expenses": -67000.0,
        "Special Income Charges": 0.0,
        "Other Special Charges": NaN,
        "Net Non Operating Interest Income Expense": 4238000.0,
        "Interest Income Non Operating": 4238000.0,
        "Operating Income": -33872000.0,
        "Operating Expense": 33872000.0,
        "Research And Development": 24805000.0,
        "Selling General And Administration": 9067000.0,
        "General And Administrative Expense": 9067000.0,
        "Other Gand A": 9067000.0,
        "Total Revenue": 0.0,
        "Operating Revenue": 0.0
    },
    "2024-03-31": {
        "Tax Effect Of Unusual Items": 0.0,
        "Tax Rate For Calcs": 0.0,
        "Normalized EBITDA": -37853000.0,
        "Total Unusual Items": NaN,
        "Total Unusual Items Excluding Goodwill": NaN,
        "Net Income From Continuing Operation Net Minority Interest": -35017000.0,
        "Reconciled Depreciation": 998000.0,
        "EBITDA": -37853000.0,
        "EBIT": -38851000.0,
        "Net Interest Income": 3900000.0,
        "Interest Income": 3900000.0,
        "Normalized Income": -35017000.0,
        "Net Income From Continuing And Discontinued Operation": -35017000.0,
        "Total Expenses": 38851000.0,
        "Total Operating Income As Reported": -38851000.0,
        "Diluted Average Shares": 151161741.0,
        "Basic Average Shares": 151161741.0,
        "Diluted EPS": -0.23,
        "Basic EPS": -0.23,
        "Diluted NI Availto Com Stockholders": -35017000.0,
        "Net Income Common Stockholders": -35017000.0,
        "Net Income": -35017000.0,
        "Net Income Including Noncontrolling Interests": -35017000.0,
        "Net Income Continuous Operations": -35017000.0,
        "Pretax Income": -35017000.0,
        "Other Income Expense": -66000.0,
        "Other Non Operating Income Expenses": -66000.0,
        "Special Income Charges": NaN,
        "Other Special Charges": NaN,
        "Net Non Operating Interest Income Expense": 3900000.0,
        "Interest Income Non Operating": 3900000.0,
        "Operating Income": -38851000.0,
        "Operating Expense": 38851000.0,
        "Research And Development": 28574000.0,
        "Selling General And Administration": 10277000.0,
        "General And Administrative Expense": 10277000.0,
        "Other Gand A": 10277000.0,
        "Total Revenue": 0.0,
        "Operating Revenue": 0.0
    },
    "2024-06-30": {
        "Tax Effect Of Unusual Items": 0.0,
        "Tax Rate For Calcs": 0.0,
        "Normalized EBITDA": -21649000.0,
        "Total Unusual Items": -22500000.0,
        "Total Unusual Items Excluding Goodwill": -22500000.0,
        "Net Income From Continuing Operation Net Minority Interest": -63201000.0,
        "Reconciled Depreciation": 1133000.0,
        "EBITDA": -44149000.0,
        "EBIT": -45282000.0,
        "Net Interest Income": 5041000.0,
        "Interest Income": 5041000.0,
        "Normalized Income": -40701000.0,
        "Net Income From Continuing And Discontinued Operation": -63201000.0,
        "Total Expenses": 45282000.0,
        "Total Operating Income As Reported": -67782000.0,
        "Diluted Average Shares": 217806567.0,
        "Basic Average Shares": 217806567.0,
        "Diluted EPS": -0.29,
        "Basic EPS": -0.29,
        "Diluted NI Availto Com Stockholders": -63201000.0,
        "Net Income Common Stockholders": -63201000.0,
        "Net Income": -63201000.0,
        "Net Income Including Noncontrolling Interests": -63201000.0,
        "Net Income Continuous Operations": -63201000.0,
        "Pretax Income": -63201000.0,
        "Other Income Expense": -22960000.0,
        "Other Non Operating Income Expenses": -460000.0,
        "Special Income Charges": -22500000.0,
        "Other Special Charges": 22500000.0,
        "Net Non Operating Interest Income Expense": 5041000.0,
        "Interest Income Non Operating": 5041000.0,
        "Operating Income": -45282000.0,
        "Operating Expense": 45282000.0,
        "Research And Development": 33032000.0,
        "Selling General And Administration": 12250000.0,
        "General And Administrative Expense": 12250000.0,
        "Other Gand A": 12250000.0,
        "Total Revenue": 0.0,
        "Operating Revenue": 0.0
    }
}