{
    "2023-06-30": {
        "Tax Effect Of Unusual Items": -78640218.878249,
        "Tax Rate For Calcs": 0.183311,
        "Normalized EBITDA": 3453000000.0,
        "Total Unusual Items": -429000000.0,
        "Total Unusual Items Excluding Goodwill": -429000000.0,
        "Net Income From Continuing Operation Net Minority Interest": -686000000.0,
        "Reconciled Depreciation": 2813000000.0,
        "Reconciled Cost Of Revenue": 40343000000.0,
        "EBITDA": 3024000000.0,
        "EBIT": 211000000.0,
        "Net Interest Income": -303000000.0,
        "Interest Expense": 942000000.0,
        "Interest Income": 639000000.0,
        "Normalized Income": -335640218.878249,
        "Net Income From Continuing And Discontinued Operation": -686000000.0,
        "Total Expenses": 64499000000.0,
        "Diluted Average Shares": 3337000000.0,
        "Basic Average Shares": 3330000000.0,
        "Diluted EPS": -0.21,
        "Basic EPS": -0.21,
        "Diluted NI Availto Com Stockholders": -686000000.0,
        "Net Income Common Stockholders": -686000000.0,
        "Net Income": -686000000.0,
        "Minority Interests": -89000000.0,
        "Net Income Including Noncontrolling Interests": -597000000.0,
        "Net Income Continuous Operations": -597000000.0,
        "Tax Provision": -134000000.0,
        "Pretax Income": -731000000.0,
        "Other Income Expense": -373000000.0,
        "Special Income Charges": -313000000.0,
        "Write Off": 313000000.0,
        "Earnings From Equity Interest": 56000000.0,
        "Gain On Sale Of Security": -116000000.0,
        "Net Non Operating Interest Income Expense": -303000000.0,
        "Total Other Finance Cost": NaN,
        "Interest Expense Non Operating": 942000000.0,
        "Interest Income Non Operating": 639000000.0,
        "Operating Income": -55000000.0,
        "Operating Expense": 24156000000.0,
        "Other Operating Expenses": -264000000.0,
        "Research And Development": 13777000000.0,
        "Selling General And Administration": 10643000000.0,
        "Gross Profit": 24101000000.0,
        "Cost Of Revenue": 40343000000.0,
        "Total Revenue": 64444000000.0,
        "Operating Revenue": 64444000000.0
    },
    "2023-03-31": {
        "Tax Effect Of Unusual Items": -160680000.0,
        "Tax Rate For Calcs": 0.26,
        "Normalized EBITDA": 6704000000.0,
        "Total Unusual Items": -618000000.0,
        "Total Unusual Items Excluding Goodwill": -618000000.0,
        "Net Income From Continuing Operation Net Minority Interest": 1516000000.0,
        "Reconciled Depreciation": 3092000000.0,
        "Reconciled Cost Of Revenue": 38385000000.0,
        "EBITDA": 6086000000.0,
        "EBIT": 2994000000.0,
        "Net Interest Income": -348000000.0,
        "Interest Expense": 865000000.0,
        "Interest Income": 517000000.0,
        "Normalized Income": 1973320000.0,
        "Net Income From Continuing And Discontinued Operation": 1516000000.0,
        "Total Expenses": 59448000000.0,
        "Diluted Average Shares": 3334000000.0,
        "Basic Average Shares": 3330000000.0,
        "Diluted EPS": 0.45,
        "Basic EPS": 0.46,
        "Diluted NI Availto Com Stockholders": 1516000000.0,
        "Net Income Common Stockholders": 1516000000.0,
        "Net Income": 1516000000.0,
        "Minority Interests": -59000000.0,
        "Net Income Including Noncontrolling Interests": 1575000000.0,
        "Net Income Continuous Operations": 1575000000.0,
        "Tax Provision": 554000000.0,
        "Pretax Income": 2129000000.0,
        "Other Income Expense": -628000000.0,
        "Special Income Charges": -49000000.0,
        "Write Off": 49000000.0,
        "Earnings From Equity Interest": -10000000.0,
        "Gain On Sale Of Security": -569000000.0,
        "Net Non Operating Interest Income Expense": -348000000.0,
        "Total Other Finance Cost": NaN,
        "Interest Expense Non Operating": 865000000.0,
        "Interest Income Non Operating": 517000000.0,
        "Operating Income": 3105000000.0,
        "Operating Expense": 21063000000.0,
        "Other Operating Expenses": -27000000.0,
        "Research And Development": 11972000000.0,
        "Selling General And Administration": 9118000000.0,
        "Gross Profit": 24168000000.0,
        "Cost Of Revenue": 38385000000.0,
        "Total Revenue": 62553000000.0,
        "Operating Revenue": 62553000000.0
    },
    "2022-12-31": {
        "Tax Effect Of Unusual Items": 38671906.762434,
        "Tax Rate For Calcs": 0.161133,
        "Normalized EBITDA": 10897000000.0,
        "Total Unusual Items": 240000000.0,
        "Total Unusual Items Excluding Goodwill": 240000000.0,
        "Net Income From Continuing Operation Net Minority Interest": 6066000000.0,
        "Reconciled Depreciation": 3134000000.0,
        "Reconciled Cost Of Revenue": 50411000000.0,
        "EBITDA": 11137000000.0,
        "EBIT": 8003000000.0,
        "Net Interest Income": -707000000.0,
        "Interest Expense": 624000000.0,
        "Interest Income": 222000000.0,
        "Normalized Income": 5864671906.762434,
        "Net Income From Continuing And Discontinued Operation": 6066000000.0,
        "Total Expenses": 78530000000.0,
        "Diluted Average Shares": 3330000000.0,
        "Basic Average Shares": 3330000000.0,
        "Diluted EPS": 1.82,
        "Basic EPS": 1.82,
        "Diluted NI Availto Com Stockholders": 6066000000.0,
        "Net Income Common Stockholders": 6066000000.0,
        "Net Income": 6066000000.0,
        "Minority Interests": -124000000.0,
        "Net Income Including Noncontrolling Interests": 6190000000.0,
        "Net Income Continuous Operations": 6190000000.0,
        "Tax Provision": 1189000000.0,
        "Pretax Income": 7379000000.0,
        "Other Income Expense": 636000000.0,
        "Special Income Charges": 130000000.0,
        "Write Off": -99000000.0,
        "Earnings From Equity Interest": 17000000.0,
        "Gain On Sale Of Security": 110000000.0,
        "Net Non Operating Interest Income Expense": -707000000.0,
        "Total Other Finance Cost": -1632000000.0,
        "Interest Expense Non Operating": 624000000.0,
        "Interest Income Non Operating": 222000000.0,
        "Operating Income": 7450000000.0,
        "Operating Expense": 28119000000.0,
        "Other Operating Expenses": 3111000000.0,
        "Research And Development": 13217000000.0,
        "Selling General And Administration": 11791000000.0,
        "Gross Profit": 35569000000.0,
        "Cost Of Revenue": 50411000000.0,
        "Total Revenue": 85980000000.0,
        "Operating Revenue": 85980000000.0
    },
    "2022-09-30": {
        "Tax Effect Of Unusual Items": 7045592.705167,
        "Tax Rate For Calcs": 0.18541,
        "Normalized EBITDA": 9648000000.0,
        "Total Unusual Items": 38000000.0,
        "Total Unusual Items Excluding Goodwill": 38000000.0,
        "Net Income From Continuing Operation Net Minority Interest": 5214000000.0,
        "Reconciled Depreciation": 2638000000.0,
        "Reconciled Cost Of Revenue": 39905000000.0,
        "EBITDA": 9686000000.0,
        "EBIT": 7048000000.0,
        "Net Interest Income": -535000000.0,
        "Interest Expense": NaN,
        "Interest Income": NaN,
        "Normalized Income": 5183045592.705167,
        "Net Income From Continuing And Discontinued Operation": 5214000000.0,
        "Total Expenses": 60992000000.0,
        "Diluted Average Shares": 3334000000.0,
        "Basic Average Shares": 3330000000.0,
        "Diluted EPS": 1.56,
        "Basic EPS": 1.56,
        "Diluted NI Availto Com Stockholders": 5214000000.0,
        "Net Income Common Stockholders": 5214000000.0,
        "Net Income": 5214000000.0,
        "Minority Interests": -146000000.0,
        "Net Income Including Noncontrolling Interests": 5360000000.0,
        "Net Income Continuous Operations": 5360000000.0,
        "Tax Provision": 1220000000.0,
        "Pretax Income": 6580000000.0,
        "Other Income Expense": 67000000.0,
        "Special Income Charges": 38000000.0,
        "Write Off": -38000000.0,
        "Earnings From Equity Interest": 29000000.0,
        "Gain On Sale Of Security": NaN,
        "Net Non Operating Interest Income Expense": -535000000.0,
        "Total Other Finance Cost": 535000000.0,
        "Interest Expense Non Operating": NaN,
        "Interest Income Non Operating": NaN,
        "Operating Income": 7048000000.0,
        "Operating Expense": 21087000000.0,
        "Other Operating Expenses": -234000000.0,
        "Research And Development": 11880000000.0,
        "Selling General And Administration": 9441000000.0,
        "Gross Profit": 28135000000.0,
        "Cost Of Revenue": 39905000000.0,
        "Total Revenue": 68040000000.0,
        "Operating Revenue": 68040000000.0
    },
    "2022-06-30": {
        "Tax Effect Of Unusual Items": 870000.0,
        "Tax Rate For Calcs": 0.29,
        "Normalized EBITDA": 9548000000.0,
        "Total Unusual Items": 3000000.0,
        "Total Unusual Items Excluding Goodwill": 3000000.0,
        "Net Income From Continuing Operation Net Minority Interest": 4504000000.0,
        "Reconciled Depreciation": 2224000000.0,
        "Reconciled Cost Of Revenue": 36163000000.0,
        "EBITDA": 9551000000.0,
        "EBIT": 7327000000.0,
        "Net Interest Income": -759000000.0,
        "Interest Expense": NaN,
        "Interest Income": NaN,
        "Normalized Income": 4501870000.0,
        "Net Income From Continuing And Discontinued Operation": 4504000000.0,
        "Total Expenses": 55138000000.0,
        "Diluted Average Shares": 3334000000.0,
        "Basic Average Shares": 3330000000.0,
        "Diluted EPS": 1.35,
        "Basic EPS": 1.36,
        "Diluted NI Availto Com Stockholders": 4504000000.0,
        "Net Income Common Stockholders": 4504000000.0,
        "Net Income": 4504000000.0,
        "Minority Interests": -146000000.0,
        "Net Income Including Noncontrolling Interests": 4650000000.0,
        "Net Income Continuous Operations": 4650000000.0,
        "Tax Provision": 1899000000.0,
        "Pretax Income": 6549000000.0,
        "Other Income Expense": -19000000.0,
        "Special Income Charges": 3000000.0,
        "Write Off": -3000000.0,
        "Earnings From Equity Interest": -22000000.0,
        "Gain On Sale Of Security": NaN,
        "Net Non Operating Interest Income Expense": -759000000.0,
        "Total Other Finance Cost": 759000000.0,
        "Interest Expense Non Operating": NaN,
        "Interest Income Non Operating": NaN,
        "Operating Income": 7327000000.0,
        "Operating Expense": 18975000000.0,
        "Other Operating Expenses": -393000000.0,
        "Research And Development": 11496000000.0,
        "Selling General And Administration": 7872000000.0,
        "Gross Profit": 26302000000.0,
        "Cost Of Revenue": 36163000000.0,
        "Total Revenue": 62465000000.0,
        "Operating Revenue": 62465000000.0
    },
    "2022-03-31": {
        "Diluted EPS": 0.1,
        "Total Revenue": NaN,
        "Gross Profit": NaN,
        "Operating Income": 508,
        "EBIT": 738,
        "Net Income": 315
    },
    "2021-12-31": {
        "Diluted EPS": 0.35,
        "Total Revenue": NaN,
        "Gross Profit": NaN,
        "Operating Income": NaN,
        "EBIT": NaN,
        "Net Income": NaN
    },
    "2021-09-30": {
        "Diluted EPS": 0.2,
        "Total Revenue": NaN,
        "Gross Profit": NaN,
        "Operating Income": NaN,
        "EBIT": NaN,
        "Net Income": 666
    },
    "2021-06-30": {
        "Diluted EPS": 0.13,
        "Total Revenue": NaN,
        "Gross Profit": NaN,
        "Operating Income": 692,
        "EBIT": NaN,
        "Net Income": 437
    },
    "2021-03-31": {
        "Diluted EPS": 0.11,
        "Total Revenue": NaN,
        "Gross Profit": NaN,
        "Operating Income": 627,
        "EBIT": NaN,
        "Net Income": 378
    },
    "2020-12-31": {
        "Diluted EPS": 0.25,
        "Total Revenue": NaN,
        "Gross Profit": NaN,
        "Operating Income": NaN,
        "EBIT": NaN,
        "Net Income": 825
    },
    "2020-09-30": {
        "Diluted EPS": 0.18,
        "Total Revenue": NaN,
        "Gross Profit": NaN,
        "Operating Income": 975,
        "EBIT": NaN,
        "Net Income": 604
    },
    "2020-06-30": {
        "Diluted EPS": 0.08,
        "Total Revenue": NaN,
        "Gross Profit": NaN,
        "Operating Income": 398,
        "EBIT": 621,
        "Net Income": 254
    },
    "2020-03-31": {
        "Diluted EPS": 0.07,
        "Total Revenue": NaN,
        "Gross Profit": NaN,
        "Operating Income": 446,
        "EBIT": 666,
        "Net Income": 223
    },
    "2019-12-31": {
        "Diluted EPS": 0.14,
        "Total Revenue": NaN,
        "Gross Profit": NaN,
        "Operating Income": 625,
        "EBIT": 871,
        "Net Income": 452
    },
    "2019-09-30": {
        "Diluted EPS": -0.2,
        "Total Revenue": NaN,
        "Gross Profit": NaN,
        "Operating Income": -438,
        "EBIT": -216,
        "Net Income": -650
    },
    "2019-06-30": {
        "Diluted EPS": 0.05,
        "Total Revenue": NaN,
        "Gross Profit": NaN,
        "Operating Income": 396,
        "EBIT": 630,
        "Net Income": 181
    },
    "2019-03-31": {
        "Diluted EPS": 0.08,
        "Total Revenue": NaN,
        "Gross Profit": NaN,
        "Operating Income": 534,
        "EBIT": 788,
        "Net Income": 253
    },
    "2018-12-31": {
        "Diluted EPS": -0.22,
        "Total Revenue": NaN,
        "Gross Profit": NaN,
        "Operating Income": -200,
        "EBIT": 43,
        "Net Income": -737
    },
    "2018-09-30": {
        "Diluted EPS": 0.09,
        "Total Revenue": NaN,
        "Gross Profit": NaN,
        "Operating Income": 362,
        "EBIT": 559,
        "Net Income": 307
    },
    "2018-06-30": {
        "Diluted EPS": -0.07,
        "Total Revenue": NaN,
        "Gross Profit": NaN,
        "Operating Income": 19,
        "EBIT": 243,
        "Net Income": -218
    },
    "2018-03-31": {
        "Diluted EPS": -0.03,
        "Total Revenue": NaN,
        "Gross Profit": NaN,
        "Operating Income": -39,
        "EBIT": 195,
        "Net Income": -103
    },
    "2017-12-31": {
        "Diluted EPS": -0.69,
        "Total Revenue": NaN,
        "Gross Profit": NaN,
        "Operating Income": NaN,
        "EBIT": NaN,
        "Net Income": NaN
    },
    "2017-09-30": {
        "Diluted EPS": -0.17,
        "Total Revenue": NaN,
        "Gross Profit": NaN,
        "Operating Income": -590,
        "EBIT": -8,
        "Net Income": -548
    },
    "2017-06-30": {
        "Diluted EPS": -0.03,
        "Total Revenue": NaN,
        "Gross Profit": NaN,
        "Operating Income": -140,
        "EBIT": 118,
        "Net Income": -115
    },
    "2017-03-31": {
        "Diluted EPS": -0.37,
        "Total Revenue": NaN,
        "Gross Profit": 722,
        "Operating Income": NaN,
        "EBIT": -774,
        "Net Income": NaN
    },
    "2016-12-31": {
        "Diluted EPS": -0.06,
        "Total Revenue": NaN,
        "Gross Profit": NaN,
        "Operating Income": -52,
        "EBIT": 215,
        "Net Income": -198
    },
    "2016-09-30": {
        "Diluted EPS": -0.01,
        "Total Revenue": NaN,
        "Gross Profit": NaN,
        "Operating Income": 40,
        "EBIT": 301,
        "Net Income": -28
    },
    "2016-06-30": {
        "Diluted EPS": 0.06,
        "Total Revenue": NaN,
        "Gross Profit": NaN,
        "Operating Income": 337,
        "EBIT": 600,
        "Net Income": 193
    },
    "2016-03-31": {
        "Diluted EPS": 0.07,
        "Total Revenue": NaN,
        "Gross Profit": NaN,
        "Operating Income": 411,
        "EBIT": 660,
        "Net Income": 233
    },
    "2015-12-31": {
        "Diluted EPS": 0.25,
        "Total Revenue": NaN,
        "Gross Profit": NaN,
        "Operating Income": NaN,
        "EBIT": NaN,
        "Net Income": 844
    },
    "2015-09-30": {
        "Diluted EPS": 0.11,
        "Total Revenue": NaN,
        "Gross Profit": NaN,
        "Operating Income": 599,
        "EBIT": 881,
        "Net Income": 363
    },
    "2015-06-30": {
        "Diluted EPS": 0.08,
        "Total Revenue": NaN,
        "Gross Profit": NaN,
        "Operating Income": 423,
        "Net Income": 249
    },
    "2015-03-31": {
        "Diluted EPS": 0.05,
        "Total Revenue": NaN,
        "Gross Profit": NaN,
        "Operating Income": -13,
        "EBIT": 309,
        "Net Income": 152
    },
    "2014-12-31": {
        "Diluted EPS": 0.15,
        "Total Revenue": NaN,
        "Gross Profit": NaN,
        "Operating Income": -362,
        "EBIT": 44,
        "Net Income": 507
    },
    "2014-09-30": {
        "Diluted EPS": 0.11,
        "Total Revenue": NaN,
        "Gross Profit": NaN,
        "Operating Income": 175,
        "EBIT": 497,
        "Net Income": 364
    },
    "2014-06-30": {
        "Diluted EPS": 0.12,
        "Total Revenue": NaN,
        "Gross Profit": NaN,
        "Operating Income": 373,
        "EBIT": 731,
        "Net Income": 378
    },
    "2014-03-31": {
        "Diluted EPS": 0.1,
        "Total Revenue": NaN,
        "Gross Profit": NaN,
        "Operating Income": 250,
        "EBIT": 616,
        "Net Income": 321
    },
    "2013-12-31": {
        "Diluted EPS": 0.31,
        "Total Revenue": NaN,
        "Gross Profit": NaN,
        "Operating Income": NaN,
        "EBIT": NaN,
        "Net Income": 995
    },
    "2013-09-30": {
        "Diluted EPS": 0.14,
        "Total Revenue": NaN,
        "Gross Profit": NaN,
        "Operating Income": 897,
        "EBIT": NaN,
        "Net Income": 460
    },
    "2013-06-30": {
        "Diluted EPS": 0.07,
        "Total Revenue": NaN,
        "Gross Profit": NaN,
        "Operating Income": 334,
        "EBIT": 699,
        "Net Income": 223
    },
    "2013-03-31": {
        "Diluted EPS": 0.06,
        "Total Revenue": NaN,
        "Gross Profit": NaN,
        "Operating Income": 140,
        "EBIT": 515,
        "Net Income": 183
    },
    "2012-12-31": {
        "Diluted EPS": -0.31,
        "Total Revenue": NaN,
        "Gross Profit": NaN,
        "Operating Income": 617,
        "EBIT": 990,
        "Net Income": NaN
    },
    "2012-09-30": {
        "Diluted EPS": 0.1,
        "Total Revenue": NaN,
        "Gross Profit": NaN,
        "Operating Income": 598,
        "EBIT": 973,
        "Net Income": 328
    },
    "2012-06-30": {
        "Diluted EPS": 0.05,
        "Total Revenue": NaN,
        "Gross Profit": NaN,
        "Operating Income": 392,
        "EBIT": 730,
        "Net Income": 158
    },
    "2012-03-31": {
        "Diluted EPS": 0.41,
        "Total Revenue": NaN,
        "Gross Profit": NaN,
        "Operating Income": 406,
        "EBIT": 749,
        "Net Income": NaN
    },
    "2011-12-31": {
        "Diluted EPS": 0.05,
        "Total Revenue": NaN,
        "Gross Profit": NaN,
        "Operating Income": 626,
        "EBIT": 997,
        "Net Income": 222
    },
    "2011-09-30": {
        "Diluted EPS": 0.18,
        "Total Revenue": NaN,
        "Gross Profit": NaN,
        "Operating Income": 733,
        "EBIT": NaN,
        "Net Income": 579
    },
    "2011-06-30": {
        "Diluted EPS": 0.15,
        "Total Revenue": NaN,
        "Gross Profit": NaN,
        "Operating Income": 530,
        "EBIT": 890,
        "Net Income": 483
    },
    "2011-03-31": {
        "Diluted EPS": 0.21,
        "Total Revenue": NaN,
        "Gross Profit": NaN,
        "Operating Income": NaN,
        "EBIT": NaN,
        "Net Income": 672
    },
    "2010-12-31": {
        "Diluted EPS": 0.2,
        "Total Revenue": NaN,
        "Gross Profit": NaN,
        "Operating Income": NaN,
        "EBIT": NaN,
        "Net Income": 665
    },
    "2010-09-30": {
        "Diluted EPS": 0.17,
        "Total Revenue": NaN,
        "Gross Profit": NaN,
        "Operating Income": NaN,
        "EBIT": NaN,
        "Net Income": 535
    },
    "2010-06-30": {
        "Diluted EPS": 0.09,
        "Total Revenue": NaN,
        "Gross Profit": NaN,
        "Operating Income": 613,
        "EBIT": 897,
        "Net Income": 276
    },
    "2010-03-31": {
        "Diluted EPS": 0.05,
        "Total Revenue": NaN,
        "Gross Profit": NaN,
        "Operating Income": 266,
        "EBIT": 701,
        "Net Income": 177
    },
    "2009-12-31": {
        "Diluted EPS": 0.01,
        "Total Revenue": NaN,
        "Gross Profit": NaN,
        "Operating Income": 81,
        "EBIT": 553,
        "Net Income": 97
    },
    "2009-09-30": {
        "Diluted EPS": 0.04,
        "Total Revenue": NaN,
        "Gross Profit": NaN,
        "Operating Income": 716,
        "EBIT": NaN,
        "Net Income": 112
    },
    "2009-06-30": {
        "Diluted EPS": 0.04,
        "Total Revenue": NaN,
        "Gross Profit": NaN,
        "Operating Income": 530,
        "EBIT": 938,
        "Net Income": 106
    },
    "2009-03-31": {
        "Diluted EPS": 0.07,
        "Total Revenue": NaN,
        "Gross Profit": NaN,
        "Operating Income": 624,
        "EBIT": 846,
        "Net Income": 227
    },
    "2023-09-30": {
        "Tax Effect Of Unusual Items": -57886000.0,
        "Tax Rate For Calcs": 0.206,
        "Normalized EBITDA": 6579000000.0,
        "Total Unusual Items": -281000000.0,
        "Total Unusual Items Excluding Goodwill": -281000000.0,
        "Net Income From Continuing Operation Net Minority Interest": -30670000000.0,
        "Reconciled Depreciation": 34901000000.0,
        "Reconciled Cost Of Revenue": 39745000000.0,
        "EBITDA": 6298000000.0,
        "EBIT": -28603000000.0,
        "Net Interest Income": -553000000.0,
        "Interest Expense": 1024000000.0,
        "Interest Income": 471000000.0,
        "Normalized Income": -30446886000.0,
        "Net Income From Continuing And Discontinued Operation": -30670000000.0,
        "Total Expenses": 93290000000.0,
        "Diluted Average Shares": 3337000000.0,
        "Basic Average Shares": 3330000000.0,
        "Diluted EPS": -9.21,
        "Basic EPS": -9.21,
        "Diluted NI Availto Com Stockholders": -30670000000.0,
        "Net Income Common Stockholders": -30670000000.0,
        "Net Income": -30670000000.0,
        "Minority Interests": -179000000.0,
        "Net Income Including Noncontrolling Interests": -30491000000.0,
        "Net Income Continuous Operations": -30491000000.0,
        "Tax Provision": 864000000.0,
        "Pretax Income": -29627000000.0,
        "Other Income Expense": -257000000.0,
        "Special Income Charges": -115000000.0,
        "Write Off": 115000000.0,
        "Earnings From Equity Interest": 24000000.0,
        "Gain On Sale Of Security": -166000000.0,
        "Net Non Operating Interest Income Expense": -553000000.0,
        "Total Other Finance Cost": NaN,
        "Interest Expense Non Operating": 1024000000.0,
        "Interest Income Non Operating": 471000000.0,
        "Operating Income": -28817000000.0,
        "Operating Expense": 53545000000.0,
        "Other Operating Expenses": 32031000000.0,
        "Research And Development": 11897000000.0,
        "Selling General And Administration": 9617000000.0,
        "Gross Profit": 24728000000.0,
        "Cost Of Revenue": 39745000000.0,
        "Total Revenue": 64473000000.0,
        "Operating Revenue": 64473000000.0
    }
}