{
    "2023-03-31": {
        "Tax Effect Of Unusual Items": NaN,
        "Tax Rate For Calcs": NaN,
        "Normalized EBITDA": NaN,
        "Total Unusual Items": NaN,
        "Total Unusual Items Excluding Goodwill": NaN,
        "Net Income From Continuing Operation Net Minority Interest": NaN,
        "Reconciled Depreciation": NaN,
        "Reconciled Cost Of Revenue": NaN,
        "EBITDA": NaN,
        "EBIT": NaN,
        "Net Interest Income": NaN,
        "Interest Expense": NaN,
        "Interest Income": NaN,
        "Normalized Income": NaN,
        "Net Income From Continuing And Discontinued Operation": NaN,
        "Total Expenses": NaN,
        "Total Operating Income As Reported": NaN,
        "Diluted Average Shares": NaN,
        "Basic Average Shares": NaN,
        "Diluted EPS": NaN,
        "Basic EPS": NaN,
        "Diluted NI Availto Com Stockholders": NaN,
        "Net Income Common Stockholders": NaN,
        "Net Income": NaN,
        "Minority Interests": NaN,
        "Net Income Including Noncontrolling Interests": NaN,
        "Net Income Continuous Operations": NaN,
        "Tax Provision": NaN,
        "Pretax Income": NaN,
        "Other Income Expense": NaN,
        "Special Income Charges": -3200000.0,
        "Gain On Sale Of Business": -3200000.0,
        "Impairment Of Capital Assets": 0.0,
        "Restructuring And Mergern Acquisition": 0.0,
        "Earnings From Equity Interest": NaN,
        "Gain On Sale Of Security": NaN,
        "Net Non Operating Interest Income Expense": NaN,
        "Total Other Finance Cost": 20900000.0,
        "Interest Expense Non Operating": NaN,
        "Interest Income Non Operating": NaN,
        "Operating Income": NaN,
        "Operating Expense": NaN,
        "Other Operating Expenses": NaN,
        "Other Taxes": 9500000.0,
        "Provision For Doubtful Accounts": NaN,
        "Research And Development": NaN,
        "Selling General And Administration": NaN,
        "Selling And Marketing Expense": NaN,
        "General And Administrative Expense": NaN,
        "Other Gand A": NaN,
        "Gross Profit": NaN,
        "Cost Of Revenue": NaN,
        "Total Revenue": NaN,
        "Operating Revenue": NaN
    },
    "2022-12-31": {
        "Tax Effect Of Unusual Items": 476000.0,
        "Tax Rate For Calcs": 0.34,
        "Normalized EBITDA": 195000000.0,
        "Total Unusual Items": 1400000.0,
        "Total Unusual Items Excluding Goodwill": 1400000.0,
        "Net Income From Continuing Operation Net Minority Interest": 22900000.0,
        "Reconciled Depreciation": 73500000.0,
        "Reconciled Cost Of Revenue": 1610800000.0,
        "EBITDA": 196400000.0,
        "EBIT": 122900000.0,
        "Net Interest Income": -65600000.0,
        "Interest Expense": 23500000.0,
        "Interest Income": -18100000.0,
        "Normalized Income": 21976000.0,
        "Net Income From Continuing And Discontinued Operation": 22900000.0,
        "Total Expenses": 1828900000.0,
        "Total Operating Income As Reported": NaN,
        "Diluted Average Shares": NaN,
        "Basic Average Shares": NaN,
        "Diluted EPS": NaN,
        "Basic EPS": NaN,
        "Diluted NI Availto Com Stockholders": 22900000.0,
        "Net Income Common Stockholders": 22900000.0,
        "Net Income": 22900000.0,
        "Minority Interests": -200000.0,
        "Net Income Including Noncontrolling Interests": 23100000.0,
        "Net Income Continuous Operations": 23100000.0,
        "Tax Provision": 76300000.0,
        "Pretax Income": 99400000.0,
        "Other Income Expense": 2300000.0,
        "Special Income Charges": NaN,
        "Gain On Sale Of Business": NaN,
        "Impairment Of Capital Assets": NaN,
        "Restructuring And Mergern Acquisition": NaN,
        "Earnings From Equity Interest": 900000.0,
        "Gain On Sale Of Security": 29100000.0,
        "Net Non Operating Interest Income Expense": -65600000.0,
        "Total Other Finance Cost": NaN,
        "Interest Expense Non Operating": 23500000.0,
        "Interest Income Non Operating": -18100000.0,
        "Operating Income": 162700000.0,
        "Operating Expense": 218100000.0,
        "Other Operating Expenses": 5600000.0,
        "Other Taxes": NaN,
        "Provision For Doubtful Accounts": 15500000.0,
        "Research And Development": 38700000.0,
        "Selling General And Administration": 138600000.0,
        "Selling And Marketing Expense": 80400000.0,
        "General And Administrative Expense": 58200000.0,
        "Other Gand A": 58200000.0,
        "Gross Profit": 380800000.0,
        "Cost Of Revenue": 1610800000.0,
        "Total Revenue": 1991600000.0,
        "Operating Revenue": 1991600000.0
    },
    "2022-09-30": {
        "Tax Effect Of Unusual Items": 2762906.724512,
        "Tax Rate For Calcs": 0.101952,
        "Normalized EBITDA": 57500000.0,
        "Total Unusual Items": 27100000.0,
        "Total Unusual Items Excluding Goodwill": 27100000.0,
        "Net Income From Continuing Operation Net Minority Interest": -30200000.0,
        "Reconciled Depreciation": 46400000.0,
        "Reconciled Cost Of Revenue": 751600000.0,
        "EBITDA": 84600000.0,
        "EBIT": 38200000.0,
        "Net Interest Income": -84300000.0,
        "Interest Expense": 84300000.0,
        "Interest Income": NaN,
        "Normalized Income": -54537093.275488,
        "Net Income From Continuing And Discontinued Operation": -30200000.0,
        "Total Expenses": 919900000.0,
        "Total Operating Income As Reported": NaN,
        "Diluted Average Shares": 183650000.0,
        "Basic Average Shares": 183650000.0,
        "Diluted EPS": -0.1644,
        "Basic EPS": -0.1644,
        "Diluted NI Availto Com Stockholders": -30200000.0,
        "Net Income Common Stockholders": -30200000.0,
        "Net Income": -30200000.0,
        "Minority Interests": 11200000.0,
        "Net Income Including Noncontrolling Interests": -41400000.0,
        "Net Income Continuous Operations": -41400000.0,
        "Tax Provision": -4700000.0,
        "Pretax Income": -46100000.0,
        "Other Income Expense": 29100000.0,
        "Special Income Charges": NaN,
        "Gain On Sale Of Business": NaN,
        "Impairment Of Capital Assets": NaN,
        "Restructuring And Mergern Acquisition": NaN,
        "Earnings From Equity Interest": 2000000.0,
        "Gain On Sale Of Security": 27100000.0,
        "Net Non Operating Interest Income Expense": -84300000.0,
        "Total Other Finance Cost": NaN,
        "Interest Expense Non Operating": 84300000.0,
        "Interest Income Non Operating": NaN,
        "Operating Income": 9100000.0,
        "Operating Expense": 168300000.0,
        "Other Operating Expenses": 44900000.0,
        "Other Taxes": NaN,
        "Provision For Doubtful Accounts": -20500000.0,
        "Research And Development": 29000000.0,
        "Selling General And Administration": 114900000.0,
        "Selling And Marketing Expense": 72800000.0,
        "General And Administrative Expense": 42100000.0,
        "Other Gand A": 42100000.0,
        "Gross Profit": 177400000.0,
        "Cost Of Revenue": 751600000.0,
        "Total Revenue": 929000000.0,
        "Operating Revenue": 929000000.0
    },
    "2022-06-30": {
        "Tax Effect Of Unusual Items": 8320000.0,
        "Tax Rate For Calcs": 0.4,
        "Normalized EBITDA": 89300000.0,
        "Total Unusual Items": 20800000.0,
        "Total Unusual Items Excluding Goodwill": 20800000.0,
        "Net Income From Continuing Operation Net Minority Interest": 74200000.0,
        "Reconciled Depreciation": 47800000.0,
        "Reconciled Cost Of Revenue": 785600000.0,
        "EBITDA": 110100000.0,
        "EBIT": 62300000.0,
        "Net Interest Income": -38000000.0,
        "Interest Expense": NaN,
        "Interest Income": NaN,
        "Normalized Income": 61720000.0,
        "Net Income From Continuing And Discontinued Operation": 74200000.0,
        "Total Expenses": 956600000.0,
        "Total Operating Income As Reported": 66700000.0,
        "Diluted Average Shares": 183650000.0,
        "Basic Average Shares": 183650000.0,
        "Diluted EPS": 0.404,
        "Basic EPS": 0.404,
        "Diluted NI Availto Com Stockholders": 74200000.0,
        "Net Income Common Stockholders": 74200000.0,
        "Net Income": 74200000.0,
        "Minority Interests": 100000.0,
        "Net Income Including Noncontrolling Interests": 74100000.0,
        "Net Income Continuous Operations": 74100000.0,
        "Tax Provision": -24600000.0,
        "Pretax Income": 49500000.0,
        "Other Income Expense": 25200000.0,
        "Special Income Charges": NaN,
        "Gain On Sale Of Business": NaN,
        "Impairment Of Capital Assets": NaN,
        "Restructuring And Mergern Acquisition": NaN,
        "Earnings From Equity Interest": 4400000.0,
        "Gain On Sale Of Security": 20800000.0,
        "Net Non Operating Interest Income Expense": -38000000.0,
        "Total Other Finance Cost": 38000000.0,
        "Interest Expense Non Operating": NaN,
        "Interest Income Non Operating": NaN,
        "Operating Income": 62300000.0,
        "Operating Expense": 171000000.0,
        "Other Operating Expenses": 34800000.0,
        "Other Taxes": NaN,
        "Research And Development": 24900000.0,
        "Selling General And Administration": 111300000.0,
        "Selling And Marketing Expense": 67400000.0,
        "General And Administrative Expense": 43900000.0,
        "Other Gand A": 43900000.0,
        "Gross Profit": 233300000.0,
        "Cost Of Revenue": 785600000.0,
        "Total Revenue": 1018900000.0,
        "Operating Revenue": 1018900000.0
    },
    "2022-03-31": {
        "Diluted EPS": -0.17,
        "Total Revenue": 601,
        "Gross Profit": 121,
        "Operating Income": -36,
        "EBIT": 6,
        "Net Income": -32
    },
    "2021-12-31": {
        "Diluted EPS": 0.02,
        "Total Revenue": NaN,
        "Gross Profit": 196,
        "Operating Income": 61,
        "EBIT": 116,
        "Net Income": 2
    },
    "2021-09-30": {
        "Diluted EPS": -0.25,
        "Total Revenue": 958,
        "Gross Profit": 182,
        "Operating Income": 30,
        "EBIT": 75,
        "Net Income": -45
    },
    "2021-06-30": {
        "Diluted EPS": 0.48,
        "Total Revenue": NaN,
        "Gross Profit": 206,
        "Operating Income": 144,
        "EBIT": 202,
        "Net Income": 88
    },
    "2021-03-31": {
        "Diluted EPS": -0.49,
        "Total Revenue": 807,
        "Gross Profit": 76,
        "Operating Income": -33,
        "EBIT": 17,
        "Net Income": -90
    },
    "2020-12-31": {
        "Diluted EPS": -0.0,
        "Total Revenue": NaN,
        "Gross Profit": 222,
        "Operating Income": 104,
        "EBIT": 176,
        "Net Income": -3
    },
    "2020-09-30": {
        "Diluted EPS": -0.66,
        "Total Revenue": 759,
        "Gross Profit": 55,
        "Operating Income": -38,
        "EBIT": 3,
        "Net Income": -121
    },
    "2020-06-30": {
        "Diluted EPS": -1.71,
        "Total Revenue": 537,
        "Gross Profit": 16,
        "Operating Income": -342,
        "EBIT": -220,
        "Net Income": -315
    },
    "2020-03-31": {
        "Diluted EPS": -1.59,
        "Total Revenue": 634,
        "Gross Profit": 184,
        "Operating Income": -47,
        "EBIT": 10,
        "Net Income": -292
    },
    "2019-12-31": {
        "Diluted EPS": -1.14,
        "Total Revenue": NaN,
        "Gross Profit": 279,
        "Operating Income": -68,
        "EBIT": 4,
        "Net Income": -210
    },
    "2019-09-30": {
        "Diluted EPS": -0.42,
        "Total Revenue": NaN,
        "Gross Profit": 154,
        "Operating Income": -21,
        "EBIT": 24,
        "Net Income": -77
    },
    "2019-06-30": {
        "Diluted EPS": 0.04,
        "Total Revenue": NaN,
        "Gross Profit": 199,
        "Operating Income": 27,
        "EBIT": 70,
        "Net Income": 7
    },
    "2019-03-31": {
        "Diluted EPS": -0.23,
        "Total Revenue": 823,
        "Gross Profit": 164,
        "Operating Income": -15,
        "EBIT": 35,
        "Net Income": -43
    },
    "2018-12-31": {
        "Diluted EPS": 0.01,
        "Total Revenue": NaN,
        "Gross Profit": 261,
        "Operating Income": 7,
        "EBIT": 80,
        "Net Income": 3
    },
    "2018-09-30": {
        "Diluted EPS": -0.07,
        "Total Revenue": NaN,
        "Gross Profit": 219,
        "Operating Income": 54,
        "EBIT": 118,
        "Net Income": -13
    },
    "2018-06-30": {
        "Diluted EPS": -0.72,
        "Total Revenue": NaN,
        "Gross Profit": 138,
        "Operating Income": -20,
        "EBIT": 48,
        "Net Income": -131
    },
    "2018-03-31": {
        "Diluted EPS": -0.2,
        "Total Revenue": 960,
        "Gross Profit": 150,
        "Operating Income": -5,
        "EBIT": 62,
        "Net Income": -37
    },
    "2017-12-31": {
        "Diluted EPS": 0.25,
        "Total Revenue": NaN,
        "Gross Profit": 370,
        "Operating Income": 68,
        "EBIT": 262,
        "Net Income": 45
    },
    "2017-09-30": {
        "Diluted EPS": 0.57,
        "Total Revenue": NaN,
        "Gross Profit": 237,
        "Operating Income": 55,
        "EBIT": 38,
        "Net Income": 104
    },
    "2017-06-30": {
        "Diluted EPS": 0.34,
        "Total Revenue": NaN,
        "Gross Profit": 315,
        "Operating Income": 178,
        "EBIT": 265,
        "Net Income": 62
    },
    "2017-03-31": {
        "Diluted EPS": 0.29,
        "Total Revenue": NaN,
        "Gross Profit": 174,
        "Operating Income": 41,
        "EBIT": 119,
        "Net Income": 53
    },
    "2016-12-31": {
        "Diluted EPS": 1.08,
        "Total Revenue": NaN,
        "Gross Profit": 407,
        "Operating Income": 277,
        "EBIT": 391,
        "Net Income": 195
    },
    "2016-09-30": {
        "Diluted EPS": -0.18,
        "Total Revenue": NaN,
        "Gross Profit": 285,
        "Operating Income": -29,
        "EBIT": 64,
        "Net Income": -34
    },
    "2016-06-30": {
        "Diluted EPS": -0.54,
        "Total Revenue": NaN,
        "Gross Profit": 284,
        "Operating Income": -127,
        "EBIT": -48,
        "Net Income": -99
    },
    "2016-03-31": {
        "Diluted EPS": 0.57,
        "Total Revenue": NaN,
        "Gross Profit": 261,
        "Operating Income": 86,
        "EBIT": 168,
        "Net Income": 104
    },
    "2015-12-31": {
        "Diluted EPS": 0.61,
        "Total Revenue": NaN,
        "Gross Profit": 350,
        "Operating Income": 65,
        "EBIT": -55,
        "Net Income": 111
    },
    "2015-09-30": {
        "Diluted EPS": -0.6,
        "Total Revenue": NaN,
        "Gross Profit": 225,
        "Operating Income": 84,
        "EBIT": 158,
        "Net Income": -110
    },
    "2015-06-30": {
        "Diluted EPS": 0.71,
        "Total Revenue": NaN,
        "Gross Profit": 287,
        "Operating Income": 102,
        "EBIT": 178,
        "Net Income": 129
    },
    "2015-03-31": {
        "Diluted EPS": -0.34,
        "Total Revenue": NaN,
        "Gross Profit": 250,
        "Operating Income": 80,
        "EBIT": 149,
        "Net Income": -62
    },
    "2014-12-31": {
        "Diluted EPS": 0.5,
        "Total Revenue": NaN,
        "Gross Profit": 354,
        "Operating Income": 164,
        "EBIT": 249,
        "Net Income": 91
    },
    "2014-09-30": {
        "Diluted EPS": -0.06,
        "Total Revenue": NaN,
        "Gross Profit": 242,
        "Operating Income": 82,
        "EBIT": 149,
        "Net Income": -11
    },
    "2014-06-30": {
        "Diluted EPS": 0.78,
        "Total Revenue": NaN,
        "Gross Profit": 385,
        "Operating Income": 206,
        "EBIT": 280,
        "Net Income": 143
    },
    "2014-03-31": {
        "Diluted EPS": 0.6,
        "Total Revenue": NaN,
        "Gross Profit": 269,
        "Operating Income": 92,
        "EBIT": 151,
        "Net Income": 111
    },
    "2013-12-31": {
        "Diluted EPS": 1.44,
        "Total Revenue": NaN,
        "Gross Profit": 568,
        "Operating Income": 463,
        "EBIT": 543,
        "Net Income": 265
    },
    "2013-09-30": {
        "Diluted EPS": 0.29,
        "Total Revenue": NaN,
        "Gross Profit": 248,
        "Operating Income": 77,
        "EBIT": 157,
        "Net Income": 53
    },
    "2013-06-30": {
        "Diluted EPS": -0.03,
        "Total Revenue": NaN,
        "Gross Profit": 360,
        "Operating Income": 135,
        "EBIT": 204,
        "Net Income": -5
    },
    "2013-03-31": {
        "Diluted EPS": 0.16,
        "Total Revenue": NaN,
        "Gross Profit": 241,
        "Operating Income": 40,
        "EBIT": 101,
        "Net Income": 30
    },
    "2012-12-31": {
        "Diluted EPS": 0.68,
        "Total Revenue": NaN,
        "Gross Profit": 466,
        "Operating Income": 271,
        "EBIT": 354,
        "Net Income": 123
    },
    "2012-09-30": {
        "Diluted EPS": 0.36,
        "Total Revenue": NaN,
        "Gross Profit": 355,
        "Operating Income": 101,
        "EBIT": 166,
        "Net Income": 65
    },
    "2012-06-30": {
        "Diluted EPS": 0.3,
        "Total Revenue": NaN,
        "Gross Profit": 405,
        "Operating Income": 197,
        "EBIT": 265,
        "Net Income": 54
    },
    "2012-03-31": {
        "Diluted EPS": 0.35,
        "Total Revenue": NaN,
        "Gross Profit": 268,
        "Operating Income": 86,
        "EBIT": 148,
        "Net Income": 63
    },
    "2011-12-31": {
        "Diluted EPS": -0.51,
        "Total Revenue": NaN,
        "Gross Profit": 486,
        "Operating Income": -23,
        "EBIT": 43,
        "Net Income": -92
    },
    "2011-09-30": {
        "Diluted EPS": 0.01,
        "Total Revenue": NaN,
        "Gross Profit": 290,
        "Operating Income": 124,
        "EBIT": 188,
        "Net Income": 2
    },
    "2011-06-30": {
        "Diluted EPS": 0.53,
        "Total Revenue": NaN,
        "Gross Profit": 275,
        "Operating Income": 123,
        "EBIT": 170,
        "Net Income": 96
    },
    "2011-03-31": {
        "Diluted EPS": 0.58,
        "Total Revenue": NaN,
        "Gross Profit": 256,
        "Operating Income": 94,
        "EBIT": 156,
        "Net Income": 105
    },
    "2010-12-31": {
        "Diluted EPS": 0.68,
        "Total Revenue": NaN,
        "Gross Profit": 283,
        "Operating Income": 152,
        "EBIT": 319,
        "Net Income": 123
    },
    "2010-09-30": {
        "Diluted EPS": 0.54,
        "Total Revenue": NaN,
        "Gross Profit": 231,
        "Operating Income": 54,
        "EBIT": 71,
        "Net Income": 99
    },
    "2010-06-30": {
        "Diluted EPS": 0.39,
        "Total Revenue": NaN,
        "Gross Profit": 290,
        "Operating Income": 121,
        "EBIT": 134,
        "Net Income": 70
    },
    "2010-03-31": {
        "Diluted EPS": 0.2,
        "Total Revenue": 990,
        "Gross Profit": 215,
        "Operating Income": 57,
        "EBIT": 80,
        "Net Income": 35
    },
    "2009-12-31": {
        "Diluted EPS": 0.81,
        "Total Revenue": NaN,
        "Gross Profit": 334,
        "Operating Income": 66,
        "EBIT": 66,
        "Net Income": 146
    },
    "2009-09-30": {
        "Diluted EPS": 0.32,
        "Total Revenue": NaN,
        "Gross Profit": 234,
        "Operating Income": 68,
        "EBIT": 68,
        "Net Income": 58
    },
    "2009-06-30": {
        "Diluted EPS": 0.38,
        "Total Revenue": NaN,
        "Gross Profit": 337,
        "Operating Income": 175,
        "EBIT": 196,
        "Net Income": 68
    },
    "2009-03-31": {
        "Diluted EPS": -0.13,
        "Total Revenue": NaN,
        "Gross Profit": 210,
        "Operating Income": 27,
        "EBIT": 47,
        "Net Income": -23
    },
    "2024-03-31": {
        "Tax Effect Of Unusual Items": 227272.727273,
        "Tax Rate For Calcs": 0.018182,
        "Normalized EBITDA": 146600000.0,
        "Total Unusual Items": 12500000.0,
        "Total Unusual Items Excluding Goodwill": 12500000.0,
        "Net Income From Continuing Operation Net Minority Interest": 28700000.0,
        "Reconciled Depreciation": 43800000.0,
        "Reconciled Cost Of Revenue": 727900000.0,
        "EBITDA": 159100000.0,
        "EBIT": 115300000.0,
        "Net Interest Income": 24400000.0,
        "Interest Expense": 82300000.0,
        "Interest Income": 106700000.0,
        "Normalized Income": 16427272.727273,
        "Net Income From Continuing And Discontinued Operation": 28700000.0,
        "Total Expenses": 900200000.0,
        "Total Operating Income As Reported": -3900000.0,
        "Diluted Average Shares": 183503836.0,
        "Basic Average Shares": 183503836.0,
        "Diluted EPS": 0.1564,
        "Basic EPS": 0.1564,
        "Diluted NI Availto Com Stockholders": 28700000.0,
        "Net Income Common Stockholders": 28700000.0,
        "Net Income": 28700000.0,
        "Minority Interests": -3700000.0,
        "Net Income Including Noncontrolling Interests": 32400000.0,
        "Net Income Continuous Operations": 32400000.0,
        "Tax Provision": 600000.0,
        "Pretax Income": 33000000.0,
        "Other Income Expense": 12200000.0,
        "Special Income Charges": NaN,
        "Gain On Sale Of Business": NaN,
        "Impairment Of Capital Assets": NaN,
        "Restructuring And Mergern Acquisition": NaN,
        "Earnings From Equity Interest": -300000.0,
        "Gain On Sale Of Security": 12500000.0,
        "Net Non Operating Interest Income Expense": 24400000.0,
        "Total Other Finance Cost": NaN,
        "Interest Expense Non Operating": 82300000.0,
        "Interest Income Non Operating": 106700000.0,
        "Operating Income": -3600000.0,
        "Operating Expense": 172300000.0,
        "Other Operating Expenses": 30200000.0,
        "Other Taxes": NaN,
        "Provision For Doubtful Accounts": 3300000.0,
        "Research And Development": 12100000.0,
        "Selling General And Administration": 126700000.0,
        "Selling And Marketing Expense": 76900000.0,
        "General And Administrative Expense": 49800000.0,
        "Other Gand A": 49800000.0,
        "Gross Profit": 168700000.0,
        "Cost Of Revenue": 727900000.0,
        "Total Revenue": 896600000.0,
        "Operating Revenue": 896600000.0
    },
    "2024-06-30": {
        "Tax Effect Of Unusual Items": -1254308.797127,
        "Tax Rate For Calcs": 0.079892,
        "Normalized EBITDA": 263900000.0,
        "Total Unusual Items": -15700000.0,
        "Total Unusual Items Excluding Goodwill": -15700000.0,
        "Net Income From Continuing Operation Net Minority Interest": 99400000.0,
        "Reconciled Depreciation": 58100000.0,
        "Reconciled Cost Of Revenue": 1254200000.0,
        "EBITDA": 248200000.0,
        "EBIT": 190100000.0,
        "Net Interest Income": -800000.0,
        "Interest Expense": 78700000.0,
        "Interest Income": 77900000.0,
        "Normalized Income": 113845691.202873,
        "Net Income From Continuing And Discontinued Operation": 99400000.0,
        "Total Expenses": 1365510000.0,
        "Total Operating Income As Reported": 127900000.0,
        "Diluted Average Shares": 183650000.0,
        "Basic Average Shares": 183650000.0,
        "Diluted EPS": 0.5412,
        "Basic EPS": 0.5412,
        "Diluted NI Availto Com Stockholders": 99400000.0,
        "Net Income Common Stockholders": 99400000.0,
        "Net Income": 99400000.0,
        "Minority Interests": -3100000.0,
        "Net Income Including Noncontrolling Interests": 102500000.0,
        "Net Income Continuous Operations": 102500000.0,
        "Tax Provision": 8900000.0,
        "Pretax Income": 111400000.0,
        "Other Income Expense": -16400000.0,
        "Special Income Charges": NaN,
        "Gain On Sale Of Business": NaN,
        "Impairment Of Capital Assets": NaN,
        "Restructuring And Mergern Acquisition": NaN,
        "Earnings From Equity Interest": -700000.0,
        "Gain On Sale Of Security": -15700000.0,
        "Net Non Operating Interest Income Expense": -800000.0,
        "Total Other Finance Cost": NaN,
        "Interest Expense Non Operating": 78700000.0,
        "Interest Income Non Operating": 77900000.0,
        "Operating Income": 128690000.0,
        "Operating Expense": 111310000.0,
        "Other Operating Expenses": -27300000.0,
        "Other Taxes": NaN,
        "Provision For Doubtful Accounts": 10000.0,
        "Research And Development": 15300000.0,
        "Selling General And Administration": 123300000.0,
        "Selling And Marketing Expense": 76000000.0,
        "General And Administrative Expense": 47300000.0,
        "Other Gand A": 47300000.0,
        "Gross Profit": 240000000.0,
        "Cost Of Revenue": 1254200000.0,
        "Total Revenue": 1494200000.0,
        "Operating Revenue": 1494200000.0
    },
    "2023-06-30": {
        "Tax Effect Of Unusual Items": NaN,
        "Tax Rate For Calcs": NaN,
        "Normalized EBITDA": NaN,
        "Total Unusual Items": NaN,
        "Total Unusual Items Excluding Goodwill": NaN,
        "Net Income From Continuing Operation Net Minority Interest": NaN,
        "Reconciled Depreciation": NaN,
        "Reconciled Cost Of Revenue": NaN,
        "EBITDA": NaN,
        "EBIT": NaN,
        "Net Interest Income": NaN,
        "Interest Expense": NaN,
        "Interest Income": NaN,
        "Normalized Income": NaN,
        "Net Income From Continuing And Discontinued Operation": NaN,
        "Total Expenses": NaN,
        "Total Operating Income As Reported": NaN,
        "Diluted Average Shares": 183650000.0,
        "Basic Average Shares": 183650000.0,
        "Diluted EPS": -0.1024,
        "Basic EPS": -0.1024,
        "Diluted NI Availto Com Stockholders": NaN,
        "Net Income Common Stockholders": NaN,
        "Net Income": NaN,
        "Minority Interests": NaN,
        "Net Income Including Noncontrolling Interests": NaN,
        "Net Income Continuous Operations": NaN,
        "Tax Provision": NaN,
        "Pretax Income": NaN,
        "Other Income Expense": NaN,
        "Special Income Charges": NaN,
        "Gain On Sale Of Business": NaN,
        "Impairment Of Capital Assets": NaN,
        "Restructuring And Mergern Acquisition": NaN,
        "Earnings From Equity Interest": NaN,
        "Gain On Sale Of Security": NaN,
        "Net Non Operating Interest Income Expense": NaN,
        "Total Other Finance Cost": NaN,
        "Interest Expense Non Operating": NaN,
        "Interest Income Non Operating": NaN,
        "Operating Income": NaN,
        "Operating Expense": NaN,
        "Other Operating Expenses": NaN,
        "Other Taxes": NaN,
        "Provision For Doubtful Accounts": NaN,
        "Research And Development": NaN,
        "Selling General And Administration": NaN,
        "Selling And Marketing Expense": NaN,
        "General And Administrative Expense": NaN,
        "Other Gand A": NaN,
        "Gross Profit": NaN,
        "Cost Of Revenue": NaN,
        "Total Revenue": NaN,
        "Operating Revenue": NaN
    },
    "2024-09-30": {
        "Tax Effect Of Unusual Items": -4187377.04918,
        "Tax Rate For Calcs": 0.255328,
        "Normalized EBITDA": 451900000.0,
        "Total Unusual Items": -16400000.0,
        "Total Unusual Items Excluding Goodwill": -16400000.0,
        "Net Income From Continuing Operation Net Minority Interest": 178800000.0,
        "Reconciled Depreciation": 67700000.0,
        "Reconciled Cost Of Revenue": 1377600000.0,
        "EBITDA": 435500000.0,
        "EBIT": 367800000.0,
        "Net Interest Income": -24800000.0,
        "Interest Expense": 123800000.0,
        "Interest Income": 99000000.0,
        "Normalized Income": 191012622.95082,
        "Net Income From Continuing And Discontinued Operation": 178800000.0,
        "Total Expenses": 1404600000.0,
        "Total Operating Income As Reported": 285200000.0,
        "Diluted Average Shares": 183650000.0,
        "Basic Average Shares": 183650000.0,
        "Diluted EPS": 0.9736,
        "Basic EPS": 0.9736,
        "Diluted NI Availto Com Stockholders": 178800000.0,
        "Net Income Common Stockholders": 178800000.0,
        "Net Income": 178800000.0,
        "Minority Interests": -2900000.0,
        "Net Income Including Noncontrolling Interests": 181700000.0,
        "Net Income Continuous Operations": 181700000.0,
        "Tax Provision": 62300000.0,
        "Pretax Income": 244000000.0,
        "Other Income Expense": -19000000.0,
        "Special Income Charges": NaN,
        "Gain On Sale Of Business": NaN,
        "Impairment Of Capital Assets": NaN,
        "Restructuring And Mergern Acquisition": NaN,
        "Earnings From Equity Interest": -2600000.0,
        "Gain On Sale Of Security": -16400000.0,
        "Net Non Operating Interest Income Expense": -24800000.0,
        "Total Other Finance Cost": NaN,
        "Interest Expense Non Operating": 123800000.0,
        "Interest Income Non Operating": 99000000.0,
        "Operating Income": 287800000.0,
        "Operating Expense": 27000000.0,
        "Other Operating Expenses": -108000000.0,
        "Other Taxes": NaN,
        "Provision For Doubtful Accounts": -500000.0,
        "Research And Development": 9600000.0,
        "Selling General And Administration": 125900000.0,
        "Selling And Marketing Expense": 77900000.0,
        "General And Administrative Expense": 48000000.0,
        "Other Gand A": 48000000.0,
        "Gross Profit": 314800000.0,
        "Cost Of Revenue": 1377600000.0,
        "Total Revenue": 1692400000.0,
        "Operating Revenue": 1692400000.0
    },
    "2023-12-31": {
        "Tax Effect Of Unusual Items": 6494000.0,
        "Tax Rate For Calcs": 0.34,
        "Normalized EBITDA": 203300000.0,
        "Total Unusual Items": 19100000.0,
        "Total Unusual Items Excluding Goodwill": 19100000.0,
        "Net Income From Continuing Operation Net Minority Interest": 192600000.0,
        "Reconciled Depreciation": 84200000.0,
        "Reconciled Cost Of Revenue": 1635600000.0,
        "EBITDA": 222400000.0,
        "EBIT": 138200000.0,
        "Net Interest Income": -1100000.0,
        "Interest Expense": -29300000.0,
        "Interest Income": 19600000.0,
        "Normalized Income": 179994000.0,
        "Net Income From Continuing And Discontinued Operation": 192600000.0,
        "Total Expenses": 1827200000.0,
        "Total Operating Income As Reported": 209000000.0,
        "Diluted Average Shares": NaN,
        "Basic Average Shares": NaN,
        "Diluted EPS": NaN,
        "Basic EPS": NaN,
        "Diluted NI Availto Com Stockholders": 192600000.0,
        "Net Income Common Stockholders": 192600000.0,
        "Net Income": 192600000.0,
        "Minority Interests": -6200000.0,
        "Net Income Including Noncontrolling Interests": 198800000.0,
        "Net Income Continuous Operations": 198800000.0,
        "Tax Provision": -31300000.0,
        "Pretax Income": 167500000.0,
        "Other Income Expense": 20700000.0,
        "Special Income Charges": NaN,
        "Gain On Sale Of Business": NaN,
        "Impairment Of Capital Assets": NaN,
        "Restructuring And Mergern Acquisition": NaN,
        "Earnings From Equity Interest": 1600000.0,
        "Gain On Sale Of Security": -23900000.0,
        "Net Non Operating Interest Income Expense": -1100000.0,
        "Total Other Finance Cost": NaN,
        "Interest Expense Non Operating": -29300000.0,
        "Interest Income Non Operating": 19600000.0,
        "Operating Income": 147900000.0,
        "Operating Expense": 191600000.0,
        "Other Operating Expenses": 45600000.0,
        "Other Taxes": NaN,
        "Provision For Doubtful Accounts": -1700000.0,
        "Research And Development": 17700000.0,
        "Selling General And Administration": 143100000.0,
        "Selling And Marketing Expense": 91000000.0,
        "General And Administrative Expense": 52100000.0,
        "Other Gand A": 52100000.0,
        "Gross Profit": 339500000.0,
        "Cost Of Revenue": 1635600000.0,
        "Total Revenue": 1975100000.0,
        "Operating Revenue": 1975100000.0
    },
    "2023-09-30": {
        "Tax Effect Of Unusual Items": -2244000.0,
        "Tax Rate For Calcs": 0.34,
        "Normalized EBITDA": 178300000.0,
        "Total Unusual Items": -6600000.0,
        "Total Unusual Items Excluding Goodwill": -6600000.0,
        "Net Income From Continuing Operation Net Minority Interest": 61000000.0,
        "Reconciled Depreciation": 56400000.0,
        "Reconciled Cost Of Revenue": 1051300000.0,
        "EBITDA": 171700000.0,
        "EBIT": 115300000.0,
        "Net Interest Income": -20600000.0,
        "Interest Expense": 58100000.0,
        "Interest Income": 37500000.0,
        "Normalized Income": 65356000.0,
        "Net Income From Continuing And Discontinued Operation": 61000000.0,
        "Total Expenses": 1206300000.0,
        "Total Operating Income As Reported": 84400000.0,
        "Diluted Average Shares": 183650000.0,
        "Basic Average Shares": 183650000.0,
        "Diluted EPS": 0.332,
        "Basic EPS": 0.332,
        "Diluted NI Availto Com Stockholders": 61000000.0,
        "Net Income Common Stockholders": 61000000.0,
        "Net Income": 61000000.0,
        "Minority Interests": -3300000.0,
        "Net Income Including Noncontrolling Interests": 64300000.0,
        "Net Income Continuous Operations": 64300000.0,
        "Tax Provision": -7100000.0,
        "Pretax Income": 57200000.0,
        "Other Income Expense": -300000.0,
        "Special Income Charges": NaN,
        "Gain On Sale Of Business": NaN,
        "Impairment Of Capital Assets": NaN,
        "Restructuring And Mergern Acquisition": NaN,
        "Earnings From Equity Interest": 6300000.0,
        "Gain On Sale Of Security": -6600000.0,
        "Net Non Operating Interest Income Expense": -20600000.0,
        "Total Other Finance Cost": NaN,
        "Interest Expense Non Operating": 58100000.0,
        "Interest Income Non Operating": 37500000.0,
        "Operating Income": 78100000.0,
        "Operating Expense": 155000000.0,
        "Other Operating Expenses": 9300000.0,
        "Other Taxes": NaN,
        "Provision For Doubtful Accounts": 4700000.0,
        "Research And Development": 17000000.0,
        "Selling General And Administration": 124000000.0,
        "Selling And Marketing Expense": 72600000.0,
        "General And Administrative Expense": 51400000.0,
        "Other Gand A": 51400000.0,
        "Gross Profit": 233100000.0,
        "Cost Of Revenue": 1051300000.0,
        "Total Revenue": 1284400000.0,
        "Operating Revenue": 1284400000.0
    }
}