{
    "2023-06-30": {
        "Tax Effect Of Unusual Items": -80514000.0,
        "Tax Rate For Calcs": 0.21,
        "Normalized EBITDA": 739510000.0,
        "Total Unusual Items": -383400000.0,
        "Total Unusual Items Excluding Goodwill": -383400000.0,
        "Net Income From Continuing Operation Net Minority Interest": 15422000.0,
        "Reconciled Depreciation": 101572000.0,
        "Reconciled Cost Of Revenue": 1588358000.0,
        "EBITDA": 356110000.0,
        "EBIT": 254537000.0,
        "Net Interest Income": -185913000.0,
        "Interest Expense": 207313000.0,
        "Interest Income": 21400000.0,
        "Normalized Income": 318308000.0,
        "Net Income From Continuing And Discontinued Operation": 15422000.0,
        "Total Expenses": 2068680000.0,
        "Total Operating Income As Reported": 560662000.0,
        "Diluted Average Shares": 349729982.0,
        "Basic Average Shares": 349462359.0,
        "Diluted EPS": 0.04,
        "Basic EPS": 0.04,
        "Diluted NI Availto Com Stockholders": 15422000.0,
        "Net Income Common Stockholders": 15422000.0,
        "Net Income": 15422000.0,
        "Minority Interests": -1880000.0,
        "Net Income Including Noncontrolling Interests": 17302000.0,
        "Net Income Continuous Operations": 17302000.0,
        "Tax Provision": 29922000.0,
        "Pretax Income": 47224000.0,
        "Other Income Expense": -327500000.0,
        "Other Non Operating Income Expenses": 50900000.0,
        "Special Income Charges": -382000000.0,
        "Other Special Charges": -19000000.0,
        "Write Off": NaN,
        "Impairment Of Capital Assets": 401000000.0,
        "Earnings From Equity Interest": 5000000.0,
        "Gain On Sale Of Security": -1400000.0,
        "Net Non Operating Interest Income Expense": -185913000.0,
        "Interest Expense Non Operating": 207313000.0,
        "Interest Income Non Operating": 21400000.0,
        "Operating Income": 560620000.0,
        "Operating Expense": 480323000.0,
        "Other Operating Expenses": 145823000.0,
        "Other Taxes": 232927000.0,
        "Depreciation Amortization Depletion Income Statement": 101573000.0,
        "Depreciation And Amortization In Income Statement": 101573000.0,
        "Amortization": -218422000.0,
        "Amortization Of Intangibles Income Statement": -218422000.0,
        "Depreciation Income Statement": 319995000.0,
        "Selling General And Administration": NaN,
        "General And Administrative Expense": NaN,
        "Salaries And Wages": NaN,
        "Gross Profit": 1040943000.0,
        "Cost Of Revenue": 1588357000.0,
        "Total Revenue": 2629300000.0,
        "Operating Revenue": 2622900000.0
    },
    "2023-03-31": {
        "Tax Effect Of Unusual Items": NaN,
        "Tax Rate For Calcs": NaN,
        "Normalized EBITDA": NaN,
        "Total Unusual Items": NaN,
        "Total Unusual Items Excluding Goodwill": NaN,
        "Net Income From Continuing Operation Net Minority Interest": NaN,
        "Reconciled Depreciation": NaN,
        "Reconciled Cost Of Revenue": NaN,
        "EBITDA": NaN,
        "EBIT": NaN,
        "Net Interest Income": NaN,
        "Interest Expense": NaN,
        "Interest Income": NaN,
        "Normalized Income": NaN,
        "Net Income From Continuing And Discontinued Operation": NaN,
        "Total Expenses": NaN,
        "Total Operating Income As Reported": NaN,
        "Diluted Average Shares": NaN,
        "Basic Average Shares": NaN,
        "Diluted EPS": NaN,
        "Basic EPS": NaN,
        "Diluted NI Availto Com Stockholders": NaN,
        "Net Income Common Stockholders": NaN,
        "Net Income": NaN,
        "Minority Interests": NaN,
        "Net Income Including Noncontrolling Interests": NaN,
        "Net Income Continuous Operations": NaN,
        "Tax Provision": NaN,
        "Pretax Income": NaN,
        "Other Income Expense": NaN,
        "Other Non Operating Income Expenses": NaN,
        "Special Income Charges": NaN,
        "Other Special Charges": -15500000.0,
        "Write Off": NaN,
        "Impairment Of Capital Assets": NaN,
        "Earnings From Equity Interest": NaN,
        "Gain On Sale Of Security": NaN,
        "Net Non Operating Interest Income Expense": NaN,
        "Interest Expense Non Operating": NaN,
        "Interest Income Non Operating": NaN,
        "Operating Income": NaN,
        "Operating Expense": NaN,
        "Other Operating Expenses": NaN,
        "Other Taxes": NaN,
        "Depreciation Amortization Depletion Income Statement": NaN,
        "Depreciation And Amortization In Income Statement": NaN,
        "Amortization": NaN,
        "Amortization Of Intangibles Income Statement": NaN,
        "Depreciation Income Statement": NaN,
        "Selling General And Administration": -34800000.0,
        "General And Administrative Expense": -34800000.0,
        "Salaries And Wages": -34800000.0,
        "Gross Profit": NaN,
        "Cost Of Revenue": NaN,
        "Total Revenue": NaN,
        "Operating Revenue": NaN
    },
    "2022-12-31": {
        "Tax Effect Of Unusual Items": 0.0,
        "Tax Rate For Calcs": 0.244587,
        "Normalized EBITDA": 951855000.0,
        "Total Unusual Items": NaN,
        "Total Unusual Items Excluding Goodwill": NaN,
        "Net Income From Continuing Operation Net Minority Interest": 320158000.0,
        "Reconciled Depreciation": 338783000.0,
        "Reconciled Cost Of Revenue": 1782227000.0,
        "EBITDA": 951855000.0,
        "EBIT": 613072000.0,
        "Net Interest Income": -136265000.0,
        "Interest Expense": 186765000.0,
        "Interest Income": NaN,
        "Normalized Income": 320158000.0,
        "Net Income From Continuing And Discontinued Operation": 320158000.0,
        "Total Expenses": 2507503000.0,
        "Total Operating Income As Reported": 522237000.0,
        "Diluted Average Shares": 349267768.0,
        "Basic Average Shares": 348786307.0,
        "Diluted EPS": 0.92,
        "Basic EPS": 0.92,
        "Diluted NI Availto Com Stockholders": 320158000.0,
        "Net Income Common Stockholders": 320158000.0,
        "Net Income": 320158000.0,
        "Minority Interests": -1880000.0,
        "Net Income Including Noncontrolling Interests": 322038000.0,
        "Net Income Continuous Operations": 322038000.0,
        "Tax Provision": 104269000.0,
        "Pretax Income": 426307000.0,
        "Other Income Expense": 40347000.0,
        "Other Non Operating Income Expenses": -34353000.0,
        "Special Income Charges": NaN,
        "Other Special Charges": NaN,
        "Write Off": NaN,
        "Impairment Of Capital Assets": NaN,
        "Earnings From Equity Interest": NaN,
        "Gain On Sale Of Security": NaN,
        "Net Non Operating Interest Income Expense": -136265000.0,
        "Interest Expense Non Operating": 186765000.0,
        "Interest Income Non Operating": NaN,
        "Operating Income": 522237000.0,
        "Operating Expense": 725276000.0,
        "Other Operating Expenses": 159343000.0,
        "Other Taxes": 227150000.0,
        "Depreciation Amortization Depletion Income Statement": 338783000.0,
        "Depreciation And Amortization In Income Statement": 338783000.0,
        "Amortization": 30248000.0,
        "Amortization Of Intangibles Income Statement": 30248000.0,
        "Depreciation Income Statement": 308535000.0,
        "Gross Profit": 1247513000.0,
        "Cost Of Revenue": 1782227000.0,
        "Total Revenue": 3029740000.0,
        "Operating Revenue": 3029740000.0
    },
    "2022-09-30": {
        "Tax Effect Of Unusual Items": NaN,
        "Tax Rate For Calcs": NaN,
        "Normalized EBITDA": NaN,
        "Total Unusual Items": NaN,
        "Total Unusual Items Excluding Goodwill": NaN,
        "Net Income From Continuing Operation Net Minority Interest": NaN,
        "Reconciled Depreciation": NaN,
        "Reconciled Cost Of Revenue": NaN,
        "EBITDA": NaN,
        "EBIT": NaN,
        "Net Interest Income": NaN,
        "Interest Expense": NaN,
        "Interest Income": NaN,
        "Normalized Income": NaN,
        "Net Income From Continuing And Discontinued Operation": NaN,
        "Total Expenses": NaN,
        "Total Operating Income As Reported": NaN,
        "Diluted Average Shares": NaN,
        "Basic Average Shares": NaN,
        "Diluted EPS": NaN,
        "Basic EPS": NaN,
        "Diluted NI Availto Com Stockholders": NaN,
        "Net Income Common Stockholders": NaN,
        "Net Income": NaN,
        "Minority Interests": NaN,
        "Net Income Including Noncontrolling Interests": NaN,
        "Net Income Continuous Operations": NaN,
        "Tax Provision": NaN,
        "Pretax Income": NaN,
        "Other Income Expense": NaN,
        "Other Non Operating Income Expenses": NaN,
        "Special Income Charges": NaN,
        "Other Special Charges": -12600000.0,
        "Write Off": 0.0,
        "Impairment Of Capital Assets": NaN,
        "Earnings From Equity Interest": NaN,
        "Gain On Sale Of Security": NaN,
        "Net Non Operating Interest Income Expense": NaN,
        "Interest Expense Non Operating": NaN,
        "Interest Income Non Operating": NaN,
        "Operating Income": NaN,
        "Operating Expense": NaN,
        "Other Operating Expenses": NaN,
        "Other Taxes": NaN,
        "Depreciation Amortization Depletion Income Statement": NaN,
        "Depreciation And Amortization In Income Statement": NaN,
        "Amortization": NaN,
        "Amortization Of Intangibles Income Statement": NaN,
        "Depreciation Income Statement": NaN,
        "Selling General And Administration": NaN,
        "General And Administrative Expense": NaN,
        "Salaries And Wages": NaN,
        "Gross Profit": NaN,
        "Cost Of Revenue": NaN,
        "Total Revenue": NaN,
        "Operating Revenue": NaN
    },
    "2022-06-30": {
        "Tax Effect Of Unusual Items": 0.0,
        "Tax Rate For Calcs": 0.245539,
        "Normalized EBITDA": 914077000.0,
        "Total Unusual Items": 12500000.0,
        "Total Unusual Items Excluding Goodwill": 12500000.0,
        "Net Income From Continuing Operation Net Minority Interest": 291862000.0,
        "Reconciled Depreciation": 364647000.0,
        "Reconciled Cost Of Revenue": 1392715000.0,
        "EBITDA": 914077000.0,
        "EBIT": 549430000.0,
        "Net Interest Income": -160090000.0,
        "Interest Expense": 160090000.0,
        "Interest Income": 9500000.0,
        "Normalized Income": 291862000.0,
        "Net Income From Continuing And Discontinued Operation": 291862000.0,
        "Total Expenses": 2117072000.0,
        "Total Operating Income As Reported": 455569000.0,
        "Diluted Average Shares": 346295478.0,
        "Basic Average Shares": 345893714.0,
        "Diluted EPS": 0.84,
        "Basic EPS": 0.84,
        "Diluted NI Availto Com Stockholders": 291862000.0,
        "Net Income Common Stockholders": 291862000.0,
        "Net Income": 291862000.0,
        "Minority Interests": -1880000.0,
        "Net Income Including Noncontrolling Interests": 293742000.0,
        "Net Income Continuous Operations": 293742000.0,
        "Tax Provision": 95598000.0,
        "Pretax Income": 389340000.0,
        "Other Income Expense": 93861000.0,
        "Other Non Operating Income Expenses": 93861000.0,
        "Special Income Charges": 11200000.0,
        "Other Special Charges": -11200000.0,
        "Impairment Of Capital Assets": NaN,
        "Earnings From Equity Interest": 16600000.0,
        "Gain On Sale Of Security": 1300000.0,
        "Net Non Operating Interest Income Expense": -160090000.0,
        "Interest Expense Non Operating": 160090000.0,
        "Interest Income Non Operating": 9500000.0,
        "Operating Income": 455569000.0,
        "Operating Expense": 724357000.0,
        "Other Operating Expenses": 136679000.0,
        "Other Taxes": 223031000.0,
        "Depreciation Amortization Depletion Income Statement": 364647000.0,
        "Depreciation And Amortization In Income Statement": 364647000.0,
        "Amortization": 70409000.0,
        "Amortization Of Intangibles Income Statement": 70409000.0,
        "Depreciation Income Statement": 294238000.0,
        "Gross Profit": 1179926000.0,
        "Cost Of Revenue": 1392715000.0,
        "Total Revenue": 2572641000.0,
        "Operating Revenue": 2572641000.0
    },
    "2023-09-30": {
        "Tax Effect Of Unusual Items": 2805019.708668,
        "Tax Rate For Calcs": 0.118355,
        "Normalized EBITDA": 771525000.0,
        "Total Unusual Items": 23700000.0,
        "Total Unusual Items Excluding Goodwill": 23700000.0,
        "Net Income From Continuing Operation Net Minority Interest": 339663000.0,
        "Reconciled Depreciation": 185549000.0,
        "Reconciled Cost Of Revenue": 1669310000.0,
        "EBITDA": 795225000.0,
        "EBIT": 609676000.0,
        "Net Interest Income": -198183000.0,
        "Interest Expense": 222283000.0,
        "Interest Income": 24100000.0,
        "Normalized Income": 318768019.708668,
        "Net Income From Continuing And Discontinued Operation": 339663000.0,
        "Total Expenses": 2260929000.0,
        "Total Operating Income As Reported": 530553000.0,
        "Diluted Average Shares": 349851969.0,
        "Basic Average Shares": 349704155.0,
        "Diluted EPS": 0.97,
        "Basic EPS": 0.97,
        "Diluted NI Availto Com Stockholders": 339663000.0,
        "Net Income Common Stockholders": 339663000.0,
        "Net Income": 339663000.0,
        "Minority Interests": -1880000.0,
        "Net Income Including Noncontrolling Interests": 341543000.0,
        "Net Income Continuous Operations": 341543000.0,
        "Tax Provision": 45850000.0,
        "Pretax Income": 387393000.0,
        "Other Income Expense": 55000000.0,
        "Other Non Operating Income Expenses": 28600000.0,
        "Special Income Charges": 21000000.0,
        "Other Special Charges": -21000000.0,
        "Write Off": 0.0,
        "Impairment Of Capital Assets": NaN,
        "Earnings From Equity Interest": 2700000.0,
        "Gain On Sale Of Security": 2700000.0,
        "Net Non Operating Interest Income Expense": -198183000.0,
        "Interest Expense Non Operating": 222283000.0,
        "Interest Income Non Operating": 24100000.0,
        "Operating Income": 530571000.0,
        "Operating Expense": 591619000.0,
        "Other Operating Expenses": 162425000.0,
        "Other Taxes": 243645000.0,
        "Depreciation Amortization Depletion Income Statement": 185549000.0,
        "Depreciation And Amortization In Income Statement": 185549000.0,
        "Amortization": -143979000.0,
        "Amortization Of Intangibles Income Statement": -143979000.0,
        "Depreciation Income Statement": 329528000.0,
        "Selling General And Administration": NaN,
        "General And Administrative Expense": NaN,
        "Salaries And Wages": NaN,
        "Gross Profit": 1122190000.0,
        "Cost Of Revenue": 1669310000.0,
        "Total Revenue": 2791500000.0,
        "Operating Revenue": 2802200000.0
    },
    "2023-12-31": {
        "Tax Effect Of Unusual Items": -90457996.962319,
        "Tax Rate For Calcs": 0.049539,
        "Normalized EBITDA": 995343000.0,
        "Total Unusual Items": -1826000000.0,
        "Total Unusual Items Excluding Goodwill": -1826000000.0,
        "Net Income From Continuing Operation Net Minority Interest": -1288485000.0,
        "Reconciled Depreciation": 291706000.0,
        "Reconciled Cost Of Revenue": 1448469000.0,
        "EBITDA": -830657000.0,
        "EBIT": -1122363000.0,
        "Net Interest Income": -205701000.0,
        "Interest Expense": 231301000.0,
        "Interest Income": 25600000.0,
        "Normalized Income": 447057003.037681,
        "Net Income From Continuing And Discontinued Operation": -1288485000.0,
        "Total Expenses": 2002790000.0,
        "Total Operating Income As Reported": 558548000.0,
        "Diluted Average Shares": 350167959.0,
        "Basic Average Shares": 349938891.0,
        "Diluted EPS": -3.68,
        "Basic EPS": -3.68,
        "Diluted NI Availto Com Stockholders": -1288485000.0,
        "Net Income Common Stockholders": -1288485000.0,
        "Net Income": -1288485000.0,
        "Minority Interests": -1880000.0,
        "Net Income Including Noncontrolling Interests": -1286605000.0,
        "Net Income Continuous Operations": -1286605000.0,
        "Tax Provision": -67059000.0,
        "Pretax Income": -1353664000.0,
        "Other Income Expense": -1839400000.0,
        "Other Non Operating Income Expenses": -17400000.0,
        "Special Income Charges": -1821500000.0,
        "Other Special Charges": NaN,
        "Write Off": 1766000000.0,
        "Impairment Of Capital Assets": NaN,
        "Earnings From Equity Interest": 4000000.0,
        "Gain On Sale Of Security": -4500000.0,
        "Net Non Operating Interest Income Expense": -205701000.0,
        "Interest Expense Non Operating": 231301000.0,
        "Interest Income Non Operating": 25600000.0,
        "Operating Income": 691415000.0,
        "Operating Expense": 554321000.0,
        "Other Operating Expenses": 160145000.0,
        "Other Taxes": 235370000.0,
        "Depreciation Amortization Depletion Income Statement": 291706000.0,
        "Depreciation And Amortization In Income Statement": 291706000.0,
        "Amortization": -51657000.0,
        "Amortization Of Intangibles Income Statement": -51657000.0,
        "Depreciation Income Statement": 343363000.0,
        "Selling General And Administration": NaN,
        "General And Administrative Expense": NaN,
        "Salaries And Wages": NaN,
        "Gross Profit": 1245736000.0,
        "Cost Of Revenue": 1448469000.0,
        "Total Revenue": 2694205000.0,
        "Operating Revenue": 2790505000.0
    },
    "2024-03-31": {
        "Tax Effect Of Unusual Items": 6157597.624203,
        "Tax Rate For Calcs": 0.236831,
        "Normalized EBITDA": 1248592000.0,
        "Total Unusual Items": 26000000.0,
        "Total Unusual Items Excluding Goodwill": 26000000.0,
        "Net Income From Continuing Operation Net Minority Interest": 521848000.0,
        "Reconciled Depreciation": 337589000.0,
        "Reconciled Cost Of Revenue": 1698920000.0,
        "EBITDA": 1274592000.0,
        "EBIT": 937003000.0,
        "Net Interest Income": -220749000.0,
        "Interest Expense": 250749000.0,
        "Interest Income": 30000000.0,
        "Normalized Income": 502005597.624203,
        "Net Income From Continuing And Discontinued Operation": 521848000.0,
        "Total Expenses": 2458802000.0,
        "Total Operating Income As Reported": 845973000.0,
        "Diluted Average Shares": 350997220.0,
        "Basic Average Shares": 350717114.0,
        "Diluted EPS": 1.49,
        "Basic EPS": 1.49,
        "Diluted NI Availto Com Stockholders": 521848000.0,
        "Net Income Common Stockholders": 521848000.0,
        "Net Income": 521848000.0,
        "Minority Interests": -1880000.0,
        "Net Income Including Noncontrolling Interests": 523728000.0,
        "Net Income Continuous Operations": 523728000.0,
        "Tax Provision": 162526000.0,
        "Pretax Income": 686254000.0,
        "Other Income Expense": 33200000.0,
        "Other Non Operating Income Expenses": -600000.0,
        "Special Income Charges": 26800000.0,
        "Other Special Charges": -26800000.0,
        "Write Off": NaN,
        "Impairment Of Capital Assets": NaN,
        "Earnings From Equity Interest": 7800000.0,
        "Gain On Sale Of Security": -800000.0,
        "Net Non Operating Interest Income Expense": -220749000.0,
        "Interest Expense Non Operating": 250749000.0,
        "Interest Income Non Operating": 30000000.0,
        "Operating Income": 873798000.0,
        "Operating Expense": 759882000.0,
        "Other Operating Expenses": 213479000.0,
        "Other Taxes": 236614000.0,
        "Depreciation Amortization Depletion Income Statement": 337589000.0,
        "Depreciation And Amortization In Income Statement": 337589000.0,
        "Amortization": -2325000.0,
        "Amortization Of Intangibles Income Statement": -2325000.0,
        "Depreciation Income Statement": 339914000.0,
        "Selling General And Administration": -27800000.0,
        "General And Administrative Expense": -27800000.0,
        "Salaries And Wages": -27800000.0,
        "Gross Profit": 1633680000.0,
        "Cost Of Revenue": 1698920000.0,
        "Total Revenue": 3332600000.0,
        "Operating Revenue": 3290500000.0
    },
    "2024-06-30": {
        "Tax Effect Of Unusual Items": 6068311.431752,
        "Tax Rate For Calcs": 0.24469,
        "Normalized EBITDA": 933437000.0,
        "Total Unusual Items": 24800000.0,
        "Total Unusual Items Excluding Goodwill": 24800000.0,
        "Net Income From Continuing Operation Net Minority Interest": 335341000.0,
        "Reconciled Depreciation": 240454000.0,
        "Reconciled Cost Of Revenue": 1305855000.0,
        "EBITDA": 958237000.0,
        "EBIT": 717783000.0,
        "Net Interest Income": -234216000.0,
        "Interest Expense": 271316000.0,
        "Interest Income": 37100000.0,
        "Normalized Income": 316609311.431752,
        "Net Income From Continuing And Discontinued Operation": 335341000.0,
        "Total Expenses": 1901024000.0,
        "Total Operating Income As Reported": 602498000.0,
        "Diluted Average Shares": 353419658.0,
        "Basic Average Shares": 353212378.0,
        "Diluted EPS": 0.95,
        "Basic EPS": 0.95,
        "Diluted NI Availto Com Stockholders": 335341000.0,
        "Net Income Common Stockholders": 335341000.0,
        "Net Income": 335341000.0,
        "Minority Interests": -1880000.0,
        "Net Income Including Noncontrolling Interests": 337221000.0,
        "Net Income Continuous Operations": 337221000.0,
        "Tax Provision": 109246000.0,
        "Pretax Income": 446467000.0,
        "Other Income Expense": 48200000.0,
        "Other Non Operating Income Expenses": 200000.0,
        "Special Income Charges": 23700000.0,
        "Other Special Charges": -23700000.0,
        "Write Off": NaN,
        "Impairment Of Capital Assets": 0.0,
        "Earnings From Equity Interest": 23200000.0,
        "Gain On Sale Of Security": 1100000.0,
        "Net Non Operating Interest Income Expense": -234216000.0,
        "Interest Expense Non Operating": 271316000.0,
        "Interest Income Non Operating": 37100000.0,
        "Operating Income": 632476000.0,
        "Operating Expense": 595169000.0,
        "Other Operating Expenses": 145288000.0,
        "Other Taxes": 239427000.0,
        "Depreciation Amortization Depletion Income Statement": 240454000.0,
        "Depreciation And Amortization In Income Statement": 240454000.0,
        "Amortization": -114137000.0,
        "Amortization Of Intangibles Income Statement": -114137000.0,
        "Depreciation Income Statement": 354591000.0,
        "Selling General And Administration": -30000000.0,
        "General And Administrative Expense": -30000000.0,
        "Salaries And Wages": -30000000.0,
        "Gross Profit": 1227645000.0,
        "Cost Of Revenue": 1305855000.0,
        "Total Revenue": 2533500000.0,
        "Operating Revenue": 2528800000.0
    }
}