{
    "2024-03-31": {
        "Tax Effect Of Unusual Items": 76762.042133,
        "Tax Rate For Calcs": 0.251742,
        "Normalized EBITDA": 1057424.0,
        "Total Unusual Items": 304923.0,
        "Total Unusual Items Excluding Goodwill": 304923.0,
        "Net Income From Continuing Operation Net Minority Interest": -1108828.0,
        "Reconciled Depreciation": 2221611.0,
        "Reconciled Cost Of Revenue": 64888101.0,
        "EBITDA": 1362347.0,
        "EBIT": -859264.0,
        "Net Interest Income": -622616.0,
        "Interest Expense": 622616.0,
        "Interest Income": 0.0,
        "Normalized Income": -1336988.957867,
        "Net Income From Continuing And Discontinued Operation": -1108828.0,
        "Total Expenses": 72210052.0,
        "Total Operating Income As Reported": -1082397.0,
        "Diluted Average Shares": 16569871.0,
        "Basic Average Shares": 16569871.0,
        "Diluted EPS": -0.07,
        "Basic EPS": -0.07,
        "Diluted NI Availto Com Stockholders": -1108828.0,
        "Net Income Common Stockholders": -1108828.0,
        "Net Income": -1108828.0,
        "Net Income Including Noncontrolling Interests": -1108828.0,
        "Net Income Continuous Operations": -1108828.0,
        "Tax Provision": -373052.0,
        "Pretax Income": -1481880.0,
        "Other Income Expense": 223133.0,
        "Other Non Operating Income Expenses": -81790.0,
        "Special Income Charges": 304923.0,
        "Gain On Sale Of Ppe": 304923.0,
        "Other Special Charges": NaN,
        "Net Non Operating Interest Income Expense": -622616.0,
        "Interest Expense Non Operating": 622616.0,
        "Interest Income Non Operating": 0.0,
        "Operating Income": -1082397.0,
        "Operating Expense": 7321951.0,
        "Selling General And Administration": 7321951.0,
        "Gross Profit": 6239554.0,
        "Cost Of Revenue": 64888101.0,
        "Total Revenue": 71127655.0,
        "Operating Revenue": 71127655.0
    },
    "2023-12-31": {
        "Tax Effect Of Unusual Items": -4544.848,
        "Tax Rate For Calcs": 0.341,
        "Normalized EBITDA": 5891863.0,
        "Total Unusual Items": -13328.0,
        "Total Unusual Items Excluding Goodwill": -13328.0,
        "Net Income From Continuing Operation Net Minority Interest": 2042195.0,
        "Reconciled Depreciation": 2176621.0,
        "Reconciled Cost Of Revenue": 79324226.0,
        "EBITDA": 5878535.0,
        "EBIT": 3701914.0,
        "Net Interest Income": -601684.0,
        "Interest Expense": 601684.0,
        "Interest Income": 0.0,
        "Normalized Income": 2050978.152,
        "Net Income From Continuing And Discontinued Operation": 2042195.0,
        "Total Expenses": 86522946.0,
        "Total Operating Income As Reported": 3640241.0,
        "Diluted Average Shares": 16607185.0,
        "Basic Average Shares": 16567185.0,
        "Diluted EPS": 0.12,
        "Basic EPS": 0.12,
        "Diluted NI Availto Com Stockholders": 2042195.0,
        "Net Income Common Stockholders": 2042195.0,
        "Net Income": 2042195.0,
        "Net Income Including Noncontrolling Interests": 2042195.0,
        "Net Income Continuous Operations": 2042195.0,
        "Tax Provision": 1058035.0,
        "Pretax Income": 3100230.0,
        "Other Income Expense": 61673.0,
        "Other Non Operating Income Expenses": 75001.0,
        "Special Income Charges": -13328.0,
        "Gain On Sale Of Ppe": -13328.0,
        "Other Special Charges": NaN,
        "Net Non Operating Interest Income Expense": -601684.0,
        "Interest Expense Non Operating": 601684.0,
        "Interest Income Non Operating": 0.0,
        "Operating Income": 3640241.0,
        "Operating Expense": 7198720.0,
        "Selling General And Administration": 7198720.0,
        "Gross Profit": 10838961.0,
        "Cost Of Revenue": 79324226.0,
        "Total Revenue": 90163187.0,
        "Operating Revenue": 90163187.0
    },
    "2023-09-30": {
        "Tax Effect Of Unusual Items": -3506.478196,
        "Tax Rate For Calcs": 0.278402,
        "Normalized EBITDA": 10683750.0,
        "Total Unusual Items": -12595.0,
        "Total Unusual Items Excluding Goodwill": -12595.0,
        "Net Income From Continuing Operation Net Minority Interest": 5721100.0,
        "Reconciled Depreciation": 2049798.0,
        "Reconciled Cost Of Revenue": 88811147.0,
        "EBITDA": 10671155.0,
        "EBIT": 8621357.0,
        "Net Interest Income": -692977.0,
        "Interest Expense": 692977.0,
        "Interest Income": 0.0,
        "Normalized Income": 5730188.521804,
        "Net Income From Continuing And Discontinued Operation": 5721100.0,
        "Total Expenses": 96100543.0,
        "Total Operating Income As Reported": 8758029.0,
        "Diluted Average Shares": NaN,
        "Basic Average Shares": NaN,
        "Diluted EPS": NaN,
        "Basic EPS": NaN,
        "Diluted NI Availto Com Stockholders": 5721100.0,
        "Net Income Common Stockholders": 5721100.0,
        "Net Income": 5721100.0,
        "Net Income Including Noncontrolling Interests": 5721100.0,
        "Net Income Continuous Operations": 5721100.0,
        "Tax Provision": 2207280.0,
        "Pretax Income": 7928380.0,
        "Other Income Expense": -136672.0,
        "Other Non Operating Income Expenses": -124077.0,
        "Special Income Charges": -12595.0,
        "Gain On Sale Of Ppe": -12595.0,
        "Other Special Charges": NaN,
        "Net Non Operating Interest Income Expense": -692977.0,
        "Interest Expense Non Operating": 692977.0,
        "Interest Income Non Operating": 0.0,
        "Operating Income": 8758029.0,
        "Operating Expense": 7289396.0,
        "Selling General And Administration": 7289396.0,
        "Gross Profit": 16047425.0,
        "Cost Of Revenue": 88811147.0,
        "Total Revenue": 104858572.0,
        "Operating Revenue": 104858572.0
    },
    "2023-06-30": {
        "Tax Effect Of Unusual Items": NaN,
        "Tax Rate For Calcs": NaN,
        "Normalized EBITDA": NaN,
        "Total Unusual Items": NaN,
        "Total Unusual Items Excluding Goodwill": NaN,
        "Net Income From Continuing Operation Net Minority Interest": NaN,
        "Reconciled Depreciation": NaN,
        "Reconciled Cost Of Revenue": NaN,
        "EBITDA": NaN,
        "EBIT": NaN,
        "Net Interest Income": NaN,
        "Interest Expense": NaN,
        "Interest Income": NaN,
        "Normalized Income": NaN,
        "Net Income From Continuing And Discontinued Operation": NaN,
        "Total Expenses": NaN,
        "Total Operating Income As Reported": NaN,
        "Diluted Average Shares": 16602556.0,
        "Basic Average Shares": 16602556.0,
        "Diluted EPS": 0.21,
        "Basic EPS": 0.21,
        "Diluted NI Availto Com Stockholders": NaN,
        "Net Income Common Stockholders": NaN,
        "Net Income": NaN,
        "Net Income Including Noncontrolling Interests": NaN,
        "Net Income Continuous Operations": NaN,
        "Tax Provision": NaN,
        "Pretax Income": NaN,
        "Other Income Expense": NaN,
        "Other Non Operating Income Expenses": NaN,
        "Special Income Charges": NaN,
        "Gain On Sale Of Ppe": NaN,
        "Other Special Charges": NaN,
        "Net Non Operating Interest Income Expense": NaN,
        "Interest Expense Non Operating": NaN,
        "Interest Income Non Operating": NaN,
        "Operating Income": NaN,
        "Operating Expense": NaN,
        "Selling General And Administration": NaN,
        "Gross Profit": NaN,
        "Cost Of Revenue": NaN,
        "Total Revenue": NaN,
        "Operating Revenue": NaN
    },
    "2023-03-31": {
        "Tax Effect Of Unusual Items": NaN,
        "Tax Rate For Calcs": NaN,
        "Normalized EBITDA": NaN,
        "Total Unusual Items": NaN,
        "Total Unusual Items Excluding Goodwill": NaN,
        "Net Income From Continuing Operation Net Minority Interest": NaN,
        "Reconciled Depreciation": NaN,
        "Reconciled Cost Of Revenue": NaN,
        "EBITDA": NaN,
        "EBIT": NaN,
        "Net Interest Income": NaN,
        "Interest Expense": NaN,
        "Interest Income": NaN,
        "Normalized Income": NaN,
        "Net Income From Continuing And Discontinued Operation": NaN,
        "Total Expenses": NaN,
        "Total Operating Income As Reported": NaN,
        "Diluted Average Shares": 16666683.0,
        "Basic Average Shares": 16666683.0,
        "Diluted EPS": -0.11,
        "Basic EPS": -0.11,
        "Diluted NI Availto Com Stockholders": NaN,
        "Net Income Common Stockholders": NaN,
        "Net Income": NaN,
        "Net Income Including Noncontrolling Interests": NaN,
        "Net Income Continuous Operations": NaN,
        "Tax Provision": NaN,
        "Pretax Income": NaN,
        "Other Income Expense": NaN,
        "Other Non Operating Income Expenses": NaN,
        "Special Income Charges": NaN,
        "Gain On Sale Of Ppe": NaN,
        "Other Special Charges": NaN,
        "Net Non Operating Interest Income Expense": NaN,
        "Interest Expense Non Operating": NaN,
        "Interest Income Non Operating": NaN,
        "Operating Income": NaN,
        "Operating Expense": NaN,
        "Selling General And Administration": NaN,
        "Gross Profit": NaN,
        "Cost Of Revenue": NaN,
        "Total Revenue": NaN,
        "Operating Revenue": NaN
    },
    "2022-12-31": {
        "Tax Effect Of Unusual Items": NaN,
        "Tax Rate For Calcs": NaN,
        "Normalized EBITDA": NaN,
        "Total Unusual Items": NaN,
        "Total Unusual Items Excluding Goodwill": NaN,
        "Net Income From Continuing Operation Net Minority Interest": NaN,
        "Reconciled Depreciation": NaN,
        "Reconciled Cost Of Revenue": NaN,
        "EBITDA": NaN,
        "EBIT": NaN,
        "Net Interest Income": NaN,
        "Interest Expense": NaN,
        "Interest Income": NaN,
        "Normalized Income": NaN,
        "Net Income From Continuing And Discontinued Operation": NaN,
        "Total Expenses": NaN,
        "Total Operating Income As Reported": NaN,
        "Diluted Average Shares": 16667185.0,
        "Basic Average Shares": 16667185.0,
        "Diluted EPS": 0.01,
        "Basic EPS": 0.01,
        "Diluted NI Availto Com Stockholders": NaN,
        "Net Income Common Stockholders": NaN,
        "Net Income": NaN,
        "Net Income Including Noncontrolling Interests": NaN,
        "Net Income Continuous Operations": NaN,
        "Tax Provision": NaN,
        "Pretax Income": NaN,
        "Other Income Expense": NaN,
        "Other Non Operating Income Expenses": NaN,
        "Special Income Charges": NaN,
        "Gain On Sale Of Ppe": NaN,
        "Net Non Operating Interest Income Expense": NaN,
        "Interest Expense Non Operating": NaN,
        "Interest Income Non Operating": NaN,
        "Operating Income": NaN,
        "Operating Expense": NaN,
        "Selling General And Administration": NaN,
        "Gross Profit": NaN,
        "Cost Of Revenue": NaN,
        "Total Revenue": NaN,
        "Operating Revenue": NaN
    },
    "2024-06-30": {
        "Tax Effect Of Unusual Items": 4002577.92,
        "Tax Rate For Calcs": 0.256,
        "Normalized EBITDA": 10729605.0,
        "Total Unusual Items": 15635070.0,
        "Total Unusual Items Excluding Goodwill": 15635070.0,
        "Net Income From Continuing Operation Net Minority Interest": 17513627.0,
        "Reconciled Depreciation": 2264418.0,
        "Reconciled Cost Of Revenue": 70615936.0,
        "EBITDA": 26364675.0,
        "EBIT": 24100257.0,
        "Net Interest Income": -546960.0,
        "Interest Expense": 546960.0,
        "Interest Income": 0.0,
        "Normalized Income": 5881134.92,
        "Net Income From Continuing And Discontinued Operation": 17513627.0,
        "Total Expenses": 77431127.0,
        "Total Operating Income As Reported": 8492633.0,
        "Diluted Average Shares": 16597982.0,
        "Basic Average Shares": 16565827.0,
        "Diluted EPS": 1.06,
        "Basic EPS": 1.06,
        "Diluted NI Availto Com Stockholders": 17513627.0,
        "Net Income Common Stockholders": 17513627.0,
        "Net Income": 17513627.0,
        "Net Income Including Noncontrolling Interests": 17513627.0,
        "Net Income Continuous Operations": 17513627.0,
        "Tax Provision": 6039670.0,
        "Pretax Income": 23553297.0,
        "Other Income Expense": 15607624.0,
        "Other Non Operating Income Expenses": -27446.0,
        "Special Income Charges": 15635070.0,
        "Gain On Sale Of Ppe": 571.0,
        "Other Special Charges": -15634499.0,
        "Net Non Operating Interest Income Expense": -546960.0,
        "Interest Expense Non Operating": 546960.0,
        "Interest Income Non Operating": 0.0,
        "Operating Income": 8492633.0,
        "Operating Expense": 6815191.0,
        "Selling General And Administration": 6815191.0,
        "Gross Profit": 15307824.0,
        "Cost Of Revenue": 70615936.0,
        "Total Revenue": 85923760.0,
        "Operating Revenue": 85923760.0
    },
    "2024-09-30": {
        "Tax Effect Of Unusual Items": -6291.708006,
        "Tax Rate For Calcs": 0.20254,
        "Normalized EBITDA": 11112516.0,
        "Total Unusual Items": -31064.0,
        "Total Unusual Items Excluding Goodwill": -31064.0,
        "Net Income From Continuing Operation Net Minority Interest": 6658016.0,
        "Reconciled Depreciation": 2315373.0,
        "Reconciled Cost Of Revenue": 87094282.0,
        "EBITDA": 11081452.0,
        "EBIT": 8766079.0,
        "Net Interest Income": -417049.0,
        "Interest Expense": 417049.0,
        "Interest Income": 0.0,
        "Normalized Income": 6682788.291994,
        "Net Income From Continuing And Discontinued Operation": 6658016.0,
        "Total Expenses": 95877490.0,
        "Total Operating Income As Reported": 8784769.0,
        "Diluted Average Shares": NaN,
        "Basic Average Shares": NaN,
        "Diluted EPS": NaN,
        "Basic EPS": NaN,
        "Diluted NI Availto Com Stockholders": 6658016.0,
        "Net Income Common Stockholders": 6658016.0,
        "Net Income": 6658016.0,
        "Net Income Including Noncontrolling Interests": 6658016.0,
        "Net Income Continuous Operations": 6658016.0,
        "Tax Provision": 1691014.0,
        "Pretax Income": 8349030.0,
        "Other Income Expense": -18690.0,
        "Other Non Operating Income Expenses": 12374.0,
        "Special Income Charges": -31064.0,
        "Gain On Sale Of Ppe": -31064.0,
        "Other Special Charges": 0.0,
        "Net Non Operating Interest Income Expense": -417049.0,
        "Interest Expense Non Operating": 417049.0,
        "Interest Income Non Operating": 0.0,
        "Operating Income": 8784769.0,
        "Operating Expense": 8783208.0,
        "Selling General And Administration": 8783208.0,
        "Gross Profit": 17567977.0,
        "Cost Of Revenue": 87094282.0,
        "Total Revenue": 104662259.0,
        "Operating Revenue": 104662259.0
    }
}