{
    "2023-03-31": {
        "Tax Effect Of Unusual Items": 0.0,
        "Tax Rate For Calcs": 0.0,
        "Normalized EBITDA": -47332000.0,
        "Net Income From Continuing Operation Net Minority Interest": -61719000.0,
        "Reconciled Depreciation": 81000.0,
        "Reconciled Cost Of Revenue": 11652000.0,
        "EBIT": -47332000.0,
        "Net Interest Income": -14387000.0,
        "Interest Expense": 14387000.0,
        "Normalized Income": -61719000.0,
        "Net Income From Continuing And Discontinued Operation": -61719000.0,
        "Total Expenses": 72934000.0,
        "Total Operating Income As Reported": -48605000.0,
        "Diluted Average Shares": 78440266.0,
        "Basic Average Shares": 78440266.0,
        "Diluted EPS": -0.79,
        "Basic EPS": -0.79,
        "Diluted NI Availto Com Stockholders": -61719000.0,
        "Net Income Common Stockholders": -61719000.0,
        "Net Income": -61719000.0,
        "Net Income Including Noncontrolling Interests": -61719000.0,
        "Net Income Continuous Operations": -61719000.0,
        "Pretax Income": -61719000.0,
        "Other Income Expense": 1273000.0,
        "Other Non Operating Income Expenses": 1273000.0,
        "Net Non Operating Interest Income Expense": -14387000.0,
        "Interest Expense Non Operating": 14387000.0,
        "Operating Income": -48605000.0,
        "Operating Expense": 61282000.0,
        "Research And Development": 31381000.0,
        "Selling General And Administration": 29901000.0,
        "Gross Profit": 12677000.0,
        "Cost Of Revenue": 11652000.0,
        "Total Revenue": 24329000.0,
        "Operating Revenue": 24329000.0
    },
    "2022-12-31": {
        "Tax Effect Of Unusual Items": 0.0,
        "Tax Rate For Calcs": 0.0,
        "Normalized EBITDA": -41158000.0,
        "Net Income From Continuing Operation Net Minority Interest": -55487000.0,
        "Reconciled Depreciation": 92000.0,
        "Reconciled Cost Of Revenue": 4160000.0,
        "EBIT": -41158000.0,
        "Net Interest Income": -14329000.0,
        "Interest Expense": 14329000.0,
        "Normalized Income": -55487000.0,
        "Net Income From Continuing And Discontinued Operation": -55487000.0,
        "Total Expenses": 61331000.0,
        "Total Operating Income As Reported": -42513000.0,
        "Diluted Average Shares": 73487416.0,
        "Basic Average Shares": 73487416.0,
        "Diluted EPS": -0.76,
        "Basic EPS": -0.76,
        "Diluted NI Availto Com Stockholders": -55487000.0,
        "Net Income Common Stockholders": -55487000.0,
        "Net Income": -55487000.0,
        "Net Income Including Noncontrolling Interests": -55487000.0,
        "Net Income Continuous Operations": -55487000.0,
        "Pretax Income": -55487000.0,
        "Other Income Expense": 1355000.0,
        "Other Non Operating Income Expenses": 1355000.0,
        "Net Non Operating Interest Income Expense": -14329000.0,
        "Interest Expense Non Operating": 14329000.0,
        "Operating Income": -42513000.0,
        "Operating Expense": 57171000.0,
        "Research And Development": 33033000.0,
        "Selling General And Administration": 24138000.0,
        "Gross Profit": 14658000.0,
        "Cost Of Revenue": 4160000.0,
        "Total Revenue": 18818000.0,
        "Operating Revenue": 18818000.0
    },
    "2022-09-30": {
        "Tax Effect Of Unusual Items": 0.0,
        "Tax Rate For Calcs": 0.0,
        "Normalized EBITDA": -40859000.0,
        "Net Income From Continuing Operation Net Minority Interest": -55117000.0,
        "Reconciled Depreciation": 105000.0,
        "Reconciled Cost Of Revenue": 6506000.0,
        "EBIT": -40964000.0,
        "Net Interest Income": -14153000.0,
        "Interest Expense": 14153000.0,
        "Normalized Income": -55117000.0,
        "Net Income From Continuing And Discontinued Operation": -55117000.0,
        "Total Expenses": 60603000.0,
        "Total Operating Income As Reported": -41623000.0,
        "Diluted Average Shares": 67806292.0,
        "Basic Average Shares": 67806292.0,
        "Diluted EPS": -0.81,
        "Basic EPS": -0.81,
        "Diluted NI Availto Com Stockholders": -55117000.0,
        "Net Income Common Stockholders": -55117000.0,
        "Net Income": -55117000.0,
        "Net Income Including Noncontrolling Interests": -55117000.0,
        "Net Income Continuous Operations": -55117000.0,
        "Pretax Income": -55117000.0,
        "Other Income Expense": 659000.0,
        "Other Non Operating Income Expenses": 659000.0,
        "Net Non Operating Interest Income Expense": -14153000.0,
        "Interest Expense Non Operating": 14153000.0,
        "Operating Income": -41623000.0,
        "Operating Expense": 54097000.0,
        "Research And Development": 29143000.0,
        "Selling General And Administration": 24954000.0,
        "Gross Profit": 12474000.0,
        "Cost Of Revenue": 6506000.0,
        "Total Revenue": 18980000.0,
        "Operating Revenue": 18980000.0
    },
    "2022-06-30": {
        "Tax Effect Of Unusual Items": 0.0,
        "Tax Rate For Calcs": 0.0,
        "Normalized EBITDA": -52058000.0,
        "Net Income From Continuing Operation Net Minority Interest": -66324000.0,
        "Reconciled Depreciation": 150000.0,
        "Reconciled Cost Of Revenue": 9176000.0,
        "EBIT": -52058000.0,
        "Net Interest Income": -14266000.0,
        "Interest Expense": 14266000.0,
        "Normalized Income": -66324000.0,
        "Net Income From Continuing And Discontinued Operation": -66324000.0,
        "Total Expenses": 71217000.0,
        "Total Operating Income As Reported": -52376000.0,
        "Diluted Average Shares": 63227406.0,
        "Basic Average Shares": 63227406.0,
        "Diluted EPS": -1.05,
        "Basic EPS": -1.05,
        "Diluted NI Availto Com Stockholders": -66324000.0,
        "Net Income Common Stockholders": -66324000.0,
        "Net Income": -66324000.0,
        "Net Income Including Noncontrolling Interests": -66324000.0,
        "Net Income Continuous Operations": -66324000.0,
        "Pretax Income": -66324000.0,
        "Other Income Expense": 318000.0,
        "Other Non Operating Income Expenses": 318000.0,
        "Net Non Operating Interest Income Expense": -14266000.0,
        "Interest Expense Non Operating": 14266000.0,
        "Operating Income": -52376000.0,
        "Operating Expense": 62041000.0,
        "Research And Development": 32432000.0,
        "Selling General And Administration": 29609000.0,
        "Gross Profit": 9665000.0,
        "Cost Of Revenue": 9176000.0,
        "Total Revenue": 18841000.0,
        "Operating Revenue": 18841000.0
    },
    "2023-06-30": {
        "Diluted EPS": -0.46,
        "Total Revenue": 26,
        "Gross Profit": 19,
        "Operating Income": -37,
        "EBIT": -37,
        "Net Income": -50
    },
    "2022-03-31": {
        "Diluted EPS": -0.93,
        "Total Revenue": 19,
        "Gross Profit": 12,
        "Operating Income": -43,
        "EBIT": -42,
        "Net Income": -57
    },
    "2021-12-31": {
        "Diluted EPS": -1.52,
        "Total Revenue": 15,
        "Gross Profit": 10,
        "Operating Income": -56,
        "EBIT": -55,
        "Net Income": -65
    },
    "2021-09-30": {
        "Diluted EPS": -2.62,
        "Total Revenue": 14,
        "Gross Profit": 9,
        "Operating Income": -56,
        "EBIT": -55,
        "Net Income": -69
    },
    "2021-06-30": {
        "Diluted EPS": -1.67,
        "Total Revenue": 41,
        "Gross Profit": 39,
        "Operating Income": -33,
        "EBIT": -32,
        "Net Income": -44
    },
    "2021-03-31": {
        "Diluted EPS": -3.5,
        "Total Revenue": 8,
        "Gross Profit": 6,
        "Operating Income": -83,
        "EBIT": -82,
        "Net Income": -91
    },
    "2020-12-31": {
        "Diluted EPS": -3.64,
        "Total Revenue": 10,
        "Gross Profit": 8,
        "Operating Income": -96,
        "EBIT": -94,
        "Net Income": -104
    },
    "2020-09-30": {
        "Diluted EPS": -3.07,
        "Total Revenue": 4,
        "Gross Profit": 4,
        "Operating Income": -81,
        "EBIT": -80,
        "Net Income": -85
    },
    "2020-06-30": {
        "Diluted EPS": 4.32,
        "Total Revenue": 212,
        "Gross Profit": 212,
        "Operating Income": 129,
        "EBIT": 129,
        "Net Income": 125
    },
    "2020-03-31": {
        "Diluted EPS": -2.84,
        "Total Revenue": 2,
        "Gross Profit": 2,
        "Operating Income": -74,
        "EBIT": -74,
        "Net Income": -78
    },
    "2019-12-31": {
        "Diluted EPS": -2.13,
        "Total Revenue": 1,
        "Gross Profit": 1,
        "Operating Income": -59,
        "EBIT": -59,
        "Net Income": -62
    },
    "2019-09-30": {
        "Diluted EPS": -2.52,
        "Total Revenue": 1,
        "Gross Profit": 1,
        "Operating Income": -66,
        "EBIT": -66,
        "Net Income": -68
    },
    "2019-06-30": {
        "Diluted EPS": -2.01,
        "Total Revenue": 1,
        "Gross Profit": 1,
        "Operating Income": -55,
        "EBIT": -55,
        "Net Income": -54
    },
    "2019-03-31": {
        "Diluted EPS": 3.07,
        "Total Revenue": 145,
        "Gross Profit": 145,
        "Operating Income": 87,
        "EBIT": 87,
        "Net Income": 87
    },
    "2018-12-31": {
        "Diluted EPS": -2.24,
        "Total Revenue": NaN,
        "Gross Profit": NaN,
        "Operating Income": -61,
        "EBIT": -61,
        "Net Income": -60
    },
    "2018-09-30": {
        "Diluted EPS": -1.86,
        "Total Revenue": NaN,
        "Gross Profit": NaN,
        "Operating Income": -51,
        "EBIT": -51,
        "Net Income": -50
    },
    "2018-06-30": {
        "Diluted EPS": -1.71,
        "Total Revenue": NaN,
        "Gross Profit": NaN,
        "Operating Income": -46,
        "EBIT": -46,
        "Net Income": -46
    },
    "2018-03-31": {
        "Diluted EPS": -1.73,
        "Total Revenue": NaN,
        "Gross Profit": NaN,
        "Operating Income": -47,
        "EBIT": -47,
        "Net Income": -46
    },
    "2017-12-31": {
        "Diluted EPS": -1.4,
        "Total Revenue": NaN,
        "Gross Profit": NaN,
        "Operating Income": -39,
        "EBIT": -39,
        "Net Income": -38
    },
    "2017-09-30": {
        "Diluted EPS": -1.86,
        "Total Revenue": NaN,
        "Gross Profit": NaN,
        "Operating Income": -46,
        "EBIT": -46,
        "Net Income": -45
    },
    "2017-06-30": {
        "Diluted EPS": -1.92,
        "Total Revenue": NaN,
        "Gross Profit": NaN,
        "Operating Income": -44,
        "EBIT": -43,
        "Net Income": -43
    },
    "2017-03-31": {
        "Diluted EPS": -1.8,
        "Total Revenue": NaN,
        "Gross Profit": NaN,
        "Operating Income": -41,
        "EBIT": -41,
        "Net Income": -41
    },
    "2016-12-31": {
        "Diluted EPS": -1.29,
        "Total Revenue": NaN,
        "Gross Profit": NaN,
        "Operating Income": -29,
        "EBIT": -29,
        "Net Income": -29
    },
    "2016-09-30": {
        "Diluted EPS": -0.77,
        "Total Revenue": NaN,
        "Gross Profit": NaN,
        "Operating Income": -18,
        "EBIT": -17,
        "Net Income": -17
    },
    "2016-06-30": {
        "Diluted EPS": -0.62,
        "Total Revenue": NaN,
        "Gross Profit": NaN,
        "Operating Income": -14,
        "EBIT": -14,
        "Net Income": -14
    },
    "2016-03-31": {
        "Diluted EPS": -0.65,
        "Total Revenue": NaN,
        "Gross Profit": NaN,
        "Operating Income": -15,
        "EBIT": -14,
        "Net Income": -15
    },
    "2015-12-31": {
        "Diluted EPS": -0.58,
        "Total Revenue": NaN,
        "Gross Profit": NaN,
        "Operating Income": -13,
        "EBIT": -13,
        "Net Income": -13
    },
    "2015-09-30": {
        "Diluted EPS": -0.57,
        "Total Revenue": NaN,
        "Gross Profit": NaN,
        "Operating Income": -13,
        "EBIT": -13,
        "Net Income": -13
    },
    "2015-06-30": {
        "Diluted EPS": -0.55,
        "Total Revenue": NaN,
        "Gross Profit": NaN,
        "Operating Income": -12,
        "EBIT": -12,
        "Net Income": -12
    },
    "2015-03-31": {
        "Diluted EPS": -0.56,
        "Total Revenue": NaN,
        "Gross Profit": NaN,
        "Operating Income": -11,
        "EBIT": -11,
        "Net Income": -11
    },
    "2014-12-31": {
        "Diluted EPS": -0.47,
        "Total Revenue": NaN,
        "Gross Profit": NaN,
        "Operating Income": -9,
        "EBIT": -9,
        "Net Income": -9
    },
    "2014-09-30": {
        "Diluted EPS": -0.64,
        "Total Revenue": NaN,
        "Gross Profit": NaN,
        "Operating Income": -10,
        "EBIT": -10,
        "Net Income": -10
    },
    "2014-06-30": {
        "Diluted EPS": -0.6,
        "Total Revenue": NaN,
        "Gross Profit": NaN,
        "Operating Income": -9,
        "EBIT": -9,
        "Net Income": -9
    },
    "2014-03-31": {
        "Diluted EPS": -0.51,
        "Total Revenue": NaN,
        "Gross Profit": NaN,
        "Operating Income": -8,
        "EBIT": -8,
        "Net Income": -8
    },
    "2013-12-31": {
        "Diluted EPS": 29.09,
        "Total Revenue": NaN,
        "Gross Profit": NaN,
        "Operating Income": -10,
        "EBIT": -10,
        "Net Income": -10
    },
    "2013-09-30": {
        "Diluted EPS": -0.34,
        "Total Revenue": NaN,
        "Gross Profit": NaN,
        "Operating Income": -5,
        "EBIT": -5,
        "Net Income": -5
    },
    "2013-06-30": {
        "Diluted EPS": -19.82,
        "Total Revenue": NaN,
        "Gross Profit": NaN,
        "Operating Income": -4,
        "EBIT": -4,
        "Net Income": -7
    },
    "2013-03-31": {
        "Diluted EPS": -12.24,
        "Total Revenue": NaN,
        "Gross Profit": NaN,
        "Operating Income": -3,
        "EBIT": -3,
        "Net Income": -4
    },
    "2012-12-31": {
        "Diluted EPS": 0.0,
        "Total Revenue": NaN,
        "Gross Profit": NaN,
        "Operating Income": NaN,
        "EBIT": NaN,
        "Net Income": NaN
    },
    "2012-09-30": {
        "Diluted EPS": -10.31,
        "Total Revenue": NaN,
        "Gross Profit": NaN,
        "Operating Income": -3,
        "EBIT": -3,
        "Net Income": -3
    },
    "2012-06-30": {
        "Diluted EPS": -9.94,
        "Total Revenue": NaN,
        "Gross Profit": NaN,
        "Operating Income": -3,
        "EBIT": -3,
        "Net Income": -3
    },
    "2011-12-31": {
        "Diluted EPS": 0.0,
        "Total Revenue": NaN,
        "Gross Profit": NaN,
        "Operating Income": NaN,
        "EBIT": NaN,
        "Net Income": NaN
    }
}