{
    "2023-03-31": {
        "Tax Effect Of Unusual Items": NaN,
        "Tax Rate For Calcs": NaN,
        "Normalized EBITDA": NaN,
        "Total Unusual Items": 0.0,
        "Total Unusual Items Excluding Goodwill": 0.0,
        "Net Income From Continuing Operation Net Minority Interest": NaN,
        "Reconciled Depreciation": NaN,
        "Reconciled Cost Of Revenue": NaN,
        "EBITDA": NaN,
        "EBIT": NaN,
        "Net Interest Income": NaN,
        "Interest Expense": NaN,
        "Normalized Income": NaN,
        "Net Income From Continuing And Discontinued Operation": NaN,
        "Total Expenses": NaN,
        "Diluted Average Shares": NaN,
        "Basic Average Shares": NaN,
        "Diluted EPS": NaN,
        "Basic EPS": NaN,
        "Diluted NI Availto Com Stockholders": NaN,
        "Net Income Common Stockholders": NaN,
        "Net Income": NaN,
        "Minority Interests": NaN,
        "Net Income Including Noncontrolling Interests": NaN,
        "Net Income Continuous Operations": NaN,
        "Tax Provision": NaN,
        "Pretax Income": NaN,
        "Other Income Expense": NaN,
        "Other Non Operating Income Expenses": NaN,
        "Special Income Charges": 0.0,
        "Gain On Sale Of Business": 0.0,
        "Net Non Operating Interest Income Expense": NaN,
        "Interest Expense Non Operating": NaN,
        "Operating Income": NaN,
        "Operating Expense": NaN,
        "Research And Development": NaN,
        "Selling General And Administration": NaN,
        "Gross Profit": NaN,
        "Cost Of Revenue": NaN,
        "Total Revenue": NaN,
        "Operating Revenue": NaN
    },
    "2022-12-31": {
        "Tax Effect Of Unusual Items": NaN,
        "Tax Rate For Calcs": NaN,
        "Normalized EBITDA": NaN,
        "Total Unusual Items": 0.0,
        "Total Unusual Items Excluding Goodwill": 0.0,
        "Net Income From Continuing Operation Net Minority Interest": NaN,
        "Reconciled Depreciation": NaN,
        "Reconciled Cost Of Revenue": NaN,
        "EBITDA": NaN,
        "EBIT": NaN,
        "Net Interest Income": NaN,
        "Interest Expense": NaN,
        "Normalized Income": NaN,
        "Net Income From Continuing And Discontinued Operation": NaN,
        "Total Expenses": NaN,
        "Diluted Average Shares": NaN,
        "Basic Average Shares": NaN,
        "Diluted EPS": NaN,
        "Basic EPS": NaN,
        "Diluted NI Availto Com Stockholders": NaN,
        "Net Income Common Stockholders": NaN,
        "Net Income": NaN,
        "Minority Interests": NaN,
        "Net Income Including Noncontrolling Interests": NaN,
        "Net Income Continuous Operations": NaN,
        "Tax Provision": NaN,
        "Pretax Income": NaN,
        "Other Income Expense": NaN,
        "Other Non Operating Income Expenses": NaN,
        "Special Income Charges": 0.0,
        "Gain On Sale Of Business": 0.0,
        "Net Non Operating Interest Income Expense": NaN,
        "Interest Expense Non Operating": NaN,
        "Operating Income": NaN,
        "Operating Expense": NaN,
        "Research And Development": NaN,
        "Selling General And Administration": NaN,
        "Gross Profit": NaN,
        "Cost Of Revenue": NaN,
        "Total Revenue": NaN,
        "Operating Revenue": NaN
    },
    "2022-09-30": {
        "Tax Effect Of Unusual Items": 0.0,
        "Tax Rate For Calcs": 0.155,
        "Normalized EBITDA": 994000000.0,
        "Total Unusual Items": 0.0,
        "Total Unusual Items Excluding Goodwill": 0.0,
        "Net Income From Continuing Operation Net Minority Interest": 607000000.0,
        "Reconciled Depreciation": 237000000.0,
        "Reconciled Cost Of Revenue": 3545000000.0,
        "EBITDA": 994000000.0,
        "EBIT": 757000000.0,
        "Net Interest Income": -37000000.0,
        "Interest Expense": 37000000.0,
        "Normalized Income": 607000000.0,
        "Net Income From Continuing And Discontinued Operation": 607000000.0,
        "Total Expenses": 4523000000.0,
        "Diluted Average Shares": 400300000.0,
        "Basic Average Shares": 398400000.0,
        "Diluted EPS": 1.52,
        "Basic EPS": 1.52,
        "Diluted NI Availto Com Stockholders": 607000000.0,
        "Net Income Common Stockholders": 607000000.0,
        "Net Income": 607000000.0,
        "Minority Interests": -1000000.0,
        "Net Income Including Noncontrolling Interests": 608000000.0,
        "Net Income Continuous Operations": 608000000.0,
        "Tax Provision": 112000000.0,
        "Pretax Income": 720000000.0,
        "Other Income Expense": -34000000.0,
        "Other Non Operating Income Expenses": -34000000.0,
        "Special Income Charges": 0.0,
        "Gain On Sale Of Business": 0.0,
        "Net Non Operating Interest Income Expense": -37000000.0,
        "Interest Expense Non Operating": 37000000.0,
        "Operating Income": 790000000.0,
        "Operating Expense": 978000000.0,
        "Research And Development": 165000000.0,
        "Selling General And Administration": 813000000.0,
        "Gross Profit": 1768000000.0,
        "Cost Of Revenue": 3545000000.0,
        "Total Revenue": 5313000000.0,
        "Operating Revenue": 5313000000.0
    },
    "2022-06-30": {
        "Tax Effect Of Unusual Items": 0.0,
        "Tax Rate For Calcs": 0.165278,
        "Normalized EBITDA": 751000000.0,
        "Total Unusual Items": 0.0,
        "Total Unusual Items Excluding Goodwill": 0.0,
        "Net Income From Continuing Operation Net Minority Interest": 601000000.0,
        "Reconciled Depreciation": 235000000.0,
        "Reconciled Cost Of Revenue": 3505000000.0,
        "EBITDA": 751000000.0,
        "EBIT": 751000000.0,
        "Net Interest Income": -31000000.0,
        "Interest Expense": 31000000.0,
        "Normalized Income": 601000000.0,
        "Net Income From Continuing And Discontinued Operation": 601000000.0,
        "Total Expenses": 4501000000.0,
        "Diluted Average Shares": 400700000.0,
        "Basic Average Shares": 399000000.0,
        "Diluted EPS": 1.5,
        "Basic EPS": 1.51,
        "Diluted NI Availto Com Stockholders": 601000000.0,
        "Net Income Common Stockholders": 601000000.0,
        "Net Income": 601000000.0,
        "Minority Interests": 0.0,
        "Net Income Including Noncontrolling Interests": 601000000.0,
        "Net Income Continuous Operations": 601000000.0,
        "Tax Provision": 119000000.0,
        "Pretax Income": 720000000.0,
        "Other Income Expense": 41000000.0,
        "Other Non Operating Income Expenses": 41000000.0,
        "Special Income Charges": 0.0,
        "Gain On Sale Of Business": 0.0,
        "Net Non Operating Interest Income Expense": -31000000.0,
        "Interest Expense Non Operating": 31000000.0,
        "Operating Income": 711000000.0,
        "Operating Expense": 996000000.0,
        "Research And Development": 168000000.0,
        "Selling General And Administration": 828000000.0,
        "Gross Profit": 1707000000.0,
        "Cost Of Revenue": 3505000000.0,
        "Total Revenue": 5212000000.0,
        "Operating Revenue": 5212000000.0
    },
    "2023-06-30": {
        "Tax Effect Of Unusual Items": NaN,
        "Tax Rate For Calcs": NaN,
        "Normalized EBITDA": NaN,
        "Total Unusual Items": 0.0,
        "Total Unusual Items Excluding Goodwill": 0.0,
        "Net Income From Continuing Operation Net Minority Interest": NaN,
        "Reconciled Depreciation": NaN,
        "Reconciled Cost Of Revenue": NaN,
        "EBITDA": NaN,
        "EBIT": NaN,
        "Net Interest Income": NaN,
        "Interest Expense": NaN,
        "Normalized Income": NaN,
        "Net Income From Continuing And Discontinued Operation": NaN,
        "Total Expenses": NaN,
        "Diluted Average Shares": NaN,
        "Basic Average Shares": NaN,
        "Diluted EPS": NaN,
        "Basic EPS": NaN,
        "Diluted NI Availto Com Stockholders": NaN,
        "Net Income Common Stockholders": NaN,
        "Net Income": NaN,
        "Minority Interests": NaN,
        "Net Income Including Noncontrolling Interests": NaN,
        "Net Income Continuous Operations": NaN,
        "Tax Provision": NaN,
        "Pretax Income": NaN,
        "Other Income Expense": NaN,
        "Other Non Operating Income Expenses": NaN,
        "Special Income Charges": 0.0,
        "Gain On Sale Of Business": 0.0,
        "Net Non Operating Interest Income Expense": NaN,
        "Interest Expense Non Operating": NaN,
        "Operating Income": NaN,
        "Operating Expense": NaN,
        "Research And Development": NaN,
        "Selling General And Administration": NaN,
        "Gross Profit": NaN,
        "Cost Of Revenue": NaN,
        "Total Revenue": NaN,
        "Operating Revenue": NaN
    },
    "2022-03-31": {
        "Diluted EPS": 1.33,
        "Total Revenue": NaN,
        "Gross Profit": NaN,
        "Operating Income": 619,
        "EBIT": 863,
        "Net Income": 532
    },
    "2021-12-31": {
        "Diluted EPS": 1.37,
        "Total Revenue": NaN,
        "Gross Profit": NaN,
        "Operating Income": 659,
        "EBIT": 897,
        "Net Income": 551
    },
    "2021-09-30": {
        "Diluted EPS": 1.57,
        "Total Revenue": NaN,
        "Gross Profit": NaN,
        "Operating Income": 599,
        "EBIT": 846,
        "Net Income": 629
    },
    "2021-06-30": {
        "Diluted EPS": 1.26,
        "Total Revenue": NaN,
        "Gross Profit": NaN,
        "Operating Income": 640,
        "EBIT": 869,
        "Net Income": 506
    },
    "2021-03-31": {
        "Diluted EPS": 1.14,
        "Total Revenue": NaN,
        "Gross Profit": NaN,
        "Operating Income": 565,
        "EBIT": 773,
        "Net Income": 458
    },
    "2020-12-31": {
        "Diluted EPS": 1.18,
        "Total Revenue": NaN,
        "Gross Profit": NaN,
        "Operating Income": 604,
        "EBIT": 812,
        "Net Income": 475
    },
    "2020-09-30": {
        "Diluted EPS": 1.11,
        "Total Revenue": NaN,
        "Gross Profit": NaN,
        "Operating Income": 589,
        "EBIT": 795,
        "Net Income": 446
    },
    "2020-06-30": {
        "Diluted EPS": 0.13,
        "Total Revenue": NaN,
        "Gross Profit": 979,
        "Operating Income": 162,
        "EBIT": 360,
        "Net Income": 51
    },
    "2020-03-31": {
        "Diluted EPS": 1.07,
        "Total Revenue": NaN,
        "Gross Profit": NaN,
        "Operating Income": 469,
        "EBIT": 668,
        "Net Income": 438
    },
    "2019-12-31": {
        "Diluted EPS": 1.08,
        "Total Revenue": NaN,
        "Gross Profit": NaN,
        "Operating Income": 656,
        "EBIT": 872,
        "Net Income": 452
    },
    "2019-09-30": {
        "Diluted EPS": 1.44,
        "Total Revenue": NaN,
        "Gross Profit": NaN,
        "Operating Income": 770,
        "EBIT": 996,
        "Net Income": 601
    },
    "2019-06-30": {
        "Diluted EPS": 1.5,
        "Total Revenue": NaN,
        "Gross Profit": NaN,
        "Operating Income": 778,
        "EBIT": 999,
        "Net Income": 636
    },
    "2019-03-31": {
        "Diluted EPS": 1.23,
        "Total Revenue": NaN,
        "Gross Profit": NaN,
        "Operating Income": 659,
        "EBIT": 880,
        "Net Income": 522
    },
    "2018-12-31": {
        "Diluted EPS": 1.47,
        "Total Revenue": NaN,
        "Gross Profit": NaN,
        "Operating Income": 775,
        "EBIT": 998,
        "Net Income": 631
    },
    "2018-09-30": {
        "Diluted EPS": 0.95,
        "Total Revenue": NaN,
        "Gross Profit": NaN,
        "Operating Income": 513,
        "EBIT": 736,
        "Net Income": 416
    },
    "2018-06-30": {
        "Diluted EPS": 1.39,
        "Total Revenue": NaN,
        "Gross Profit": NaN,
        "Operating Income": 770,
        "EBIT": 997,
        "Net Income": 610
    },
    "2018-03-31": {
        "Diluted EPS": 1.1,
        "Total Revenue": NaN,
        "Gross Profit": NaN,
        "Operating Income": 633,
        "EBIT": 863,
        "Net Income": 488
    },
    "2017-12-31": {
        "Diluted EPS": 1.43,
        "Total Revenue": NaN,
        "Gross Profit": NaN,
        "Operating Income": 677,
        "EBIT": 906,
        "Net Income": 634
    },
    "2017-09-30": {
        "Diluted EPS": 3.14,
        "Total Revenue": NaN,
        "Gross Profit": NaN,
        "Operating Income": 696,
        "EBIT": 928,
        "Net Income": NaN
    },
    "2017-06-30": {
        "Diluted EPS": 1.15,
        "Total Revenue": NaN,
        "Gross Profit": NaN,
        "Operating Income": 643,
        "EBIT": 871,
        "Net Income": 516
    },
    "2017-03-31": {
        "Diluted EPS": 0.96,
        "Total Revenue": NaN,
        "Gross Profit": NaN,
        "Operating Income": 522,
        "EBIT": 747,
        "Net Income": 434
    },
    "2016-12-31": {
        "Diluted EPS": 1.1,
        "Total Revenue": NaN,
        "Gross Profit": NaN,
        "Operating Income": 587,
        "EBIT": 816,
        "Net Income": 498
    },
    "2016-09-30": {
        "Diluted EPS": 1.15,
        "Total Revenue": NaN,
        "Gross Profit": NaN,
        "Operating Income": 617,
        "EBIT": 850,
        "Net Income": 523
    },
    "2016-06-30": {
        "Diluted EPS": 1.07,
        "Total Revenue": NaN,
        "Gross Profit": NaN,
        "Operating Income": 615,
        "EBIT": 849,
        "Net Income": 491
    },
    "2016-03-31": {
        "Diluted EPS": 0.88,
        "Total Revenue": NaN,
        "Gross Profit": NaN,
        "Operating Income": 481,
        "EBIT": 714,
        "Net Income": 404
    },
    "2015-12-31": {
        "Diluted EPS": 1.13,
        "Total Revenue": NaN,
        "Gross Profit": NaN,
        "Operating Income": 592,
        "EBIT": 825,
        "Net Income": 525
    },
    "2015-09-30": {
        "Diluted EPS": 0.96,
        "Total Revenue": NaN,
        "Gross Profit": NaN,
        "Operating Income": 543,
        "EBIT": 775,
        "Net Income": 446
    },
    "2015-06-30": {
        "Diluted EPS": 1.14,
        "Total Revenue": NaN,
        "Gross Profit": NaN,
        "Operating Income": 638,
        "EBIT": 872,
        "Net Income": 535
    },
    "2015-03-31": {
        "Diluted EPS": 0.99,
        "Total Revenue": NaN,
        "Gross Profit": NaN,
        "Operating Income": 557,
        "EBIT": 783,
        "Net Income": 466
    },
    "2014-12-31": {
        "Diluted EPS": 1.22,
        "Total Revenue": NaN,
        "Gross Profit": NaN,
        "Operating Income": 661,
        "EBIT": 901,
        "Net Income": 581
    },
    "2014-09-30": {
        "Diluted EPS": 1.26,
        "Total Revenue": NaN,
        "Gross Profit": NaN,
        "Operating Income": 688,
        "EBIT": 932,
        "Net Income": 602
    },
    "2014-06-30": {
        "Diluted EPS": 0.36,
        "Total Revenue": NaN,
        "Gross Profit": NaN,
        "Operating Income": -54,
        "EBIT": 196,
        "Net Income": 171
    },
    "2014-03-31": {
        "Diluted EPS": 0.92,
        "Total Revenue": NaN,
        "Gross Profit": NaN,
        "Operating Income": 510,
        "EBIT": 759,
        "Net Income": 439
    },
    "2013-12-31": {
        "Diluted EPS": 1.0,
        "Total Revenue": NaN,
        "Gross Profit": NaN,
        "Operating Income": 480,
        "EBIT": 737,
        "Net Income": 479
    },
    "2013-09-30": {
        "Diluted EPS": 1.07,
        "Total Revenue": NaN,
        "Gross Profit": NaN,
        "Operating Income": 591,
        "EBIT": 841,
        "Net Income": 510
    },
    "2013-06-30": {
        "Diluted EPS": 1.04,
        "Total Revenue": NaN,
        "Gross Profit": NaN,
        "Operating Income": 611,
        "EBIT": 856,
        "Net Income": 494
    },
    "2013-03-31": {
        "Diluted EPS": 0.79,
        "Total Revenue": NaN,
        "Gross Profit": NaN,
        "Operating Income": 465,
        "EBIT": 710,
        "Net Income": 378
    },
    "2012-12-31": {
        "Diluted EPS": 0.41,
        "Total Revenue": NaN,
        "Gross Profit": NaN,
        "Operating Income": 260,
        "EBIT": 439,
        "Net Income": 179
    },
    "2012-09-30": {
        "Diluted EPS": 1.02,
        "Total Revenue": NaN,
        "Gross Profit": NaN,
        "Operating Income": 414,
        "EBIT": 555,
        "Net Income": 345
    },
    "2012-06-30": {
        "Diluted EPS": 1.12,
        "Total Revenue": NaN,
        "Gross Profit": NaN,
        "Operating Income": 457,
        "EBIT": 595,
        "Net Income": 382
    },
    "2012-03-31": {
        "Diluted EPS": 0.91,
        "Total Revenue": NaN,
        "Gross Profit": NaN,
        "Operating Income": 399,
        "EBIT": 539,
        "Net Income": 311
    },
    "2011-12-31": {
        "Diluted EPS": 1.06,
        "Total Revenue": NaN,
        "Gross Profit": NaN,
        "Operating Income": 408,
        "EBIT": 545,
        "Net Income": 362
    },
    "2011-09-30": {
        "Diluted EPS": 1.07,
        "Total Revenue": NaN,
        "Gross Profit": NaN,
        "Operating Income": 451,
        "EBIT": 590,
        "Net Income": 365
    },
    "2011-06-30": {
        "Diluted EPS": 0.97,
        "Total Revenue": NaN,
        "Gross Profit": NaN,
        "Operating Income": 423,
        "EBIT": 564,
        "Net Income": 336
    },
    "2011-03-31": {
        "Diluted EPS": 0.83,
        "Total Revenue": NaN,
        "Gross Profit": NaN,
        "Operating Income": 351,
        "EBIT": 490,
        "Net Income": 287
    },
    "2010-12-31": {
        "Diluted EPS": 0.83,
        "Total Revenue": NaN,
        "Gross Profit": NaN,
        "Operating Income": 337,
        "EBIT": 475,
        "Net Income": 280
    },
    "2010-09-30": {
        "Diluted EPS": 0.78,
        "Total Revenue": NaN,
        "Gross Profit": NaN,
        "Operating Income": 336,
        "EBIT": 472,
        "Net Income": 268
    },
    "2010-06-30": {
        "Diluted EPS": 0.66,
        "Total Revenue": NaN,
        "Gross Profit": 991,
        "Operating Income": 284,
        "EBIT": 420,
        "Net Income": 226
    },
    "2010-03-31": {
        "Diluted EPS": 0.46,
        "Total Revenue": NaN,
        "Gross Profit": 902,
        "Operating Income": 214,
        "EBIT": 355,
        "Net Income": 155
    },
    "2009-12-31": {
        "Diluted EPS": 0.64,
        "Total Revenue": NaN,
        "Gross Profit": 890,
        "Operating Income": 200,
        "EBIT": 344,
        "Net Income": 211
    },
    "2009-09-30": {
        "Diluted EPS": 0.57,
        "Total Revenue": NaN,
        "Gross Profit": 850,
        "Operating Income": 198,
        "EBIT": 346,
        "Net Income": 193
    },
    "2009-06-30": {
        "Diluted EPS": 0.09,
        "Total Revenue": NaN,
        "Gross Profit": 712,
        "Operating Income": 63,
        "EBIT": 205,
        "Net Income": 29
    },
    "2009-03-31": {
        "Diluted EPS": -0.15,
        "Total Revenue": NaN,
        "Gross Profit": 639,
        "Operating Income": -17,
        "EBIT": 122,
        "Net Income": -50
    },
    "2023-09-30": {
        "Tax Effect Of Unusual Items": 0.0,
        "Tax Rate For Calcs": 0.173,
        "Normalized EBITDA": 1341000000.0,
        "Total Unusual Items": 0.0,
        "Total Unusual Items Excluding Goodwill": 0.0,
        "Net Income From Continuing Operation Net Minority Interest": 891000000.0,
        "Reconciled Depreciation": 229000000.0,
        "Reconciled Cost Of Revenue": 3684000000.0,
        "EBITDA": 1341000000.0,
        "EBIT": 1112000000.0,
        "Net Interest Income": -33000000.0,
        "Interest Expense": 33000000.0,
        "Normalized Income": 891000000.0,
        "Net Income From Continuing And Discontinued Operation": 891000000.0,
        "Total Expenses": 4820000000.0,
        "Diluted Average Shares": 401600000.0,
        "Basic Average Shares": 399400000.0,
        "Diluted EPS": 2.22,
        "Basic EPS": 2.23,
        "Diluted NI Availto Com Stockholders": 891000000.0,
        "Net Income Common Stockholders": 891000000.0,
        "Net Income": 891000000.0,
        "Minority Interests": -1000000.0,
        "Net Income Including Noncontrolling Interests": 892000000.0,
        "Net Income Continuous Operations": 892000000.0,
        "Tax Provision": 187000000.0,
        "Pretax Income": 1079000000.0,
        "Other Income Expense": 52000000.0,
        "Other Non Operating Income Expenses": 52000000.0,
        "Special Income Charges": 0.0,
        "Gain On Sale Of Business": 0.0,
        "Net Non Operating Interest Income Expense": -33000000.0,
        "Interest Expense Non Operating": 33000000.0,
        "Operating Income": 1060000000.0,
        "Operating Expense": 1136000000.0,
        "Research And Development": 187000000.0,
        "Selling General And Administration": 949000000.0,
        "Gross Profit": 2196000000.0,
        "Cost Of Revenue": 3684000000.0,
        "Total Revenue": 5880000000.0,
        "Operating Revenue": 5880000000.0
    },
    "2023-12-31": {
        "Tax Effect Of Unusual Items": 0.0,
        "Tax Rate For Calcs": 0.129596,
        "Normalized EBITDA": 1346000000.0,
        "Total Unusual Items": 0.0,
        "Total Unusual Items Excluding Goodwill": 0.0,
        "Net Income From Continuing Operation Net Minority Interest": 945000000.0,
        "Reconciled Depreciation": 231000000.0,
        "Reconciled Cost Of Revenue": 3732000000.0,
        "EBITDA": 1346000000.0,
        "EBIT": 1115000000.0,
        "Net Interest Income": -27000000.0,
        "Interest Expense": 27000000.0,
        "Normalized Income": 945000000.0,
        "Net Income From Continuing And Discontinued Operation": 945000000.0,
        "Total Expenses": 4889000000.0,
        "Diluted Average Shares": 401800000.0,
        "Basic Average Shares": 399600000.0,
        "Diluted EPS": 2.35,
        "Basic EPS": 2.37,
        "Diluted NI Availto Com Stockholders": 945000000.0,
        "Net Income Common Stockholders": 945000000.0,
        "Net Income": 945000000.0,
        "Minority Interests": -1000000.0,
        "Net Income Including Noncontrolling Interests": 946000000.0,
        "Net Income Continuous Operations": 947000000.0,
        "Tax Provision": 141000000.0,
        "Pretax Income": 1088000000.0,
        "Other Income Expense": 37000000.0,
        "Other Non Operating Income Expenses": 37000000.0,
        "Special Income Charges": 0.0,
        "Gain On Sale Of Business": 0.0,
        "Net Non Operating Interest Income Expense": -27000000.0,
        "Interest Expense Non Operating": 27000000.0,
        "Operating Income": 1078000000.0,
        "Operating Expense": 1157000000.0,
        "Research And Development": 201000000.0,
        "Selling General And Administration": 956000000.0,
        "Gross Profit": 2235000000.0,
        "Cost Of Revenue": 3732000000.0,
        "Total Revenue": 5967000000.0,
        "Operating Revenue": 5967000000.0
    },
    "2024-03-31": {
        "Tax Effect Of Unusual Items": 0.0,
        "Tax Rate For Calcs": 0.179,
        "Normalized EBITDA": 1256000000.0,
        "Total Unusual Items": NaN,
        "Total Unusual Items Excluding Goodwill": NaN,
        "Net Income From Continuing Operation Net Minority Interest": 821000000.0,
        "Reconciled Depreciation": 225000000.0,
        "Reconciled Cost Of Revenue": 3725000000.0,
        "EBITDA": 1256000000.0,
        "EBIT": 1031000000.0,
        "Net Interest Income": -30000000.0,
        "Interest Expense": 30000000.0,
        "Normalized Income": 821000000.0,
        "Net Income From Continuing And Discontinued Operation": 821000000.0,
        "Total Expenses": 4939000000.0,
        "Diluted Average Shares": 401900000.0,
        "Basic Average Shares": 399900000.0,
        "Diluted EPS": 2.04,
        "Basic EPS": 2.05,
        "Diluted NI Availto Com Stockholders": 821000000.0,
        "Net Income Common Stockholders": 821000000.0,
        "Net Income": 821000000.0,
        "Minority Interests": -1000000.0,
        "Net Income Including Noncontrolling Interests": 822000000.0,
        "Net Income Continuous Operations": 822000000.0,
        "Tax Provision": 179000000.0,
        "Pretax Income": 1001000000.0,
        "Other Income Expense": 26000000.0,
        "Other Non Operating Income Expenses": 26000000.0,
        "Special Income Charges": NaN,
        "Gain On Sale Of Business": NaN,
        "Net Non Operating Interest Income Expense": -30000000.0,
        "Interest Expense Non Operating": 30000000.0,
        "Operating Income": 1004000000.0,
        "Operating Expense": 1214000000.0,
        "Research And Development": 189000000.0,
        "Selling General And Administration": 1025000000.0,
        "Gross Profit": 2218000000.0,
        "Cost Of Revenue": 3725000000.0,
        "Total Revenue": 5943000000.0,
        "Operating Revenue": 5943000000.0
    },
    "2024-06-30": {
        "Tax Effect Of Unusual Items": 0.0,
        "Tax Rate For Calcs": 0.168,
        "Normalized EBITDA": 1451000000.0,
        "Total Unusual Items": NaN,
        "Total Unusual Items Excluding Goodwill": NaN,
        "Net Income From Continuing Operation Net Minority Interest": 993000000.0,
        "Reconciled Depreciation": 227000000.0,
        "Reconciled Cost Of Revenue": 3940000000.0,
        "EBITDA": 1451000000.0,
        "EBIT": 1224000000.0,
        "Net Interest Income": -29000000.0,
        "Interest Expense": 29000000.0,
        "Normalized Income": 993000000.0,
        "Net Income From Continuing And Discontinued Operation": 993000000.0,
        "Total Expenses": 5157000000.0,
        "Diluted Average Shares": 401000000.0,
        "Basic Average Shares": 399200000.0,
        "Diluted EPS": 2.48,
        "Basic EPS": 2.49,
        "Diluted NI Availto Com Stockholders": 993000000.0,
        "Net Income Common Stockholders": 993000000.0,
        "Net Income": 993000000.0,
        "Minority Interests": -1000000.0,
        "Net Income Including Noncontrolling Interests": 994000000.0,
        "Net Income Continuous Operations": 994000000.0,
        "Tax Provision": 201000000.0,
        "Pretax Income": 1195000000.0,
        "Other Income Expense": 32000000.0,
        "Other Non Operating Income Expenses": 32000000.0,
        "Special Income Charges": NaN,
        "Gain On Sale Of Business": NaN,
        "Net Non Operating Interest Income Expense": -29000000.0,
        "Interest Expense Non Operating": 29000000.0,
        "Operating Income": 1193000000.0,
        "Operating Expense": 1217000000.0,
        "Research And Development": 196000000.0,
        "Selling General And Administration": 1021000000.0,
        "Gross Profit": 2410000000.0,
        "Cost Of Revenue": 3940000000.0,
        "Total Revenue": 6350000000.0,
        "Operating Revenue": 6350000000.0
    },
    "2024-09-30": {
        "Tax Effect Of Unusual Items": 0.0,
        "Tax Rate For Calcs": 0.161,
        "Normalized EBITDA": 1468000000.0,
        "Total Unusual Items": NaN,
        "Total Unusual Items Excluding Goodwill": NaN,
        "Net Income From Continuing Operation Net Minority Interest": 1009000000.0,
        "Reconciled Depreciation": 235000000.0,
        "Reconciled Cost Of Revenue": 3899000000.0,
        "EBITDA": 1468000000.0,
        "EBIT": 1233000000.0,
        "Net Interest Income": -29000000.0,
        "Interest Expense": 29000000.0,
        "Normalized Income": 1009000000.0,
        "Net Income From Continuing And Discontinued Operation": 1009000000.0,
        "Total Expenses": 5134000000.0,
        "Diluted Average Shares": 398900000.0,
        "Basic Average Shares": 397100000.0,
        "Diluted EPS": 2.53,
        "Basic EPS": 2.54,
        "Diluted NI Availto Com Stockholders": 1009000000.0,
        "Net Income Common Stockholders": 1009000000.0,
        "Net Income": 1009000000.0,
        "Minority Interests": -1000000.0,
        "Net Income Including Noncontrolling Interests": 1011000000.0,
        "Net Income Continuous Operations": 1011000000.0,
        "Tax Provision": 193000000.0,
        "Pretax Income": 1204000000.0,
        "Other Income Expense": 22000000.0,
        "Other Non Operating Income Expenses": 22000000.0,
        "Special Income Charges": NaN,
        "Gain On Sale Of Business": NaN,
        "Net Non Operating Interest Income Expense": -29000000.0,
        "Interest Expense Non Operating": 29000000.0,
        "Operating Income": 1211000000.0,
        "Operating Expense": 1235000000.0,
        "Research And Development": 207000000.0,
        "Selling General And Administration": 1028000000.0,
        "Gross Profit": 2446000000.0,
        "Cost Of Revenue": 3899000000.0,
        "Total Revenue": 6345000000.0,
        "Operating Revenue": 6345000000.0
    }
}