{
    "2023-03-31": {
        "Tax Effect Of Unusual Items": NaN,
        "Tax Rate For Calcs": NaN,
        "Normalized EBITDA": NaN,
        "Net Income From Continuing Operation Net Minority Interest": NaN,
        "Reconciled Depreciation": NaN,
        "Reconciled Cost Of Revenue": NaN,
        "EBITDA": NaN,
        "EBIT": NaN,
        "Net Interest Income": NaN,
        "Interest Expense": 126000.0,
        "Normalized Income": NaN,
        "Net Income From Continuing And Discontinued Operation": NaN,
        "Total Expenses": NaN,
        "Total Operating Income As Reported": NaN,
        "Diluted Average Shares": 25525000.0,
        "Basic Average Shares": 25525000.0,
        "Diluted EPS": -0.1,
        "Basic EPS": -0.1,
        "Diluted NI Availto Com Stockholders": NaN,
        "Net Income Common Stockholders": NaN,
        "Net Income": NaN,
        "Net Income Including Noncontrolling Interests": NaN,
        "Net Income Continuous Operations": NaN,
        "Tax Provision": NaN,
        "Pretax Income": NaN,
        "Other Income Expense": NaN,
        "Other Non Operating Income Expenses": NaN,
        "Net Non Operating Interest Income Expense": NaN,
        "Interest Expense Non Operating": 126000.0,
        "Operating Income": NaN,
        "Operating Expense": NaN,
        "Research And Development": NaN,
        "Selling General And Administration": NaN,
        "General And Administrative Expense": NaN,
        "Other Gand A": NaN,
        "Gross Profit": NaN,
        "Cost Of Revenue": NaN,
        "Total Revenue": NaN,
        "Operating Revenue": NaN
    },
    "2022-12-31": {
        "Tax Effect Of Unusual Items": NaN,
        "Tax Rate For Calcs": NaN,
        "Normalized EBITDA": NaN,
        "Total Unusual Items": 0.0,
        "Total Unusual Items Excluding Goodwill": 0.0,
        "Net Income From Continuing Operation Net Minority Interest": NaN,
        "Reconciled Depreciation": NaN,
        "Reconciled Cost Of Revenue": NaN,
        "EBITDA": NaN,
        "EBIT": NaN,
        "Net Interest Income": NaN,
        "Interest Expense": NaN,
        "Normalized Income": NaN,
        "Net Income From Continuing And Discontinued Operation": NaN,
        "Total Expenses": NaN,
        "Total Operating Income As Reported": NaN,
        "Diluted Average Shares": NaN,
        "Basic Average Shares": NaN,
        "Diluted EPS": NaN,
        "Basic EPS": NaN,
        "Diluted NI Availto Com Stockholders": NaN,
        "Net Income Common Stockholders": NaN,
        "Net Income": NaN,
        "Net Income Including Noncontrolling Interests": NaN,
        "Net Income Continuous Operations": NaN,
        "Tax Provision": NaN,
        "Pretax Income": NaN,
        "Other Income Expense": NaN,
        "Other Non Operating Income Expenses": NaN,
        "Special Income Charges": 0.0,
        "Gain On Sale Of Ppe": 0.0,
        "Net Non Operating Interest Income Expense": NaN,
        "Interest Expense Non Operating": NaN,
        "Operating Income": NaN,
        "Operating Expense": NaN,
        "Research And Development": NaN,
        "Selling General And Administration": NaN,
        "General And Administrative Expense": NaN,
        "Other Gand A": NaN,
        "Gross Profit": NaN,
        "Cost Of Revenue": NaN,
        "Total Revenue": NaN,
        "Operating Revenue": NaN
    },
    "2022-09-30": {
        "Tax Effect Of Unusual Items": NaN,
        "Tax Rate For Calcs": NaN,
        "Normalized EBITDA": NaN,
        "Total Unusual Items": 0.0,
        "Total Unusual Items Excluding Goodwill": 0.0,
        "Net Income From Continuing Operation Net Minority Interest": NaN,
        "Reconciled Depreciation": NaN,
        "Reconciled Cost Of Revenue": NaN,
        "EBITDA": NaN,
        "EBIT": NaN,
        "Net Interest Income": NaN,
        "Interest Expense": 150000.0,
        "Normalized Income": NaN,
        "Net Income From Continuing And Discontinued Operation": NaN,
        "Total Expenses": NaN,
        "Total Operating Income As Reported": NaN,
        "Diluted Average Shares": NaN,
        "Basic Average Shares": NaN,
        "Diluted EPS": NaN,
        "Basic EPS": NaN,
        "Diluted NI Availto Com Stockholders": NaN,
        "Net Income Common Stockholders": NaN,
        "Net Income": NaN,
        "Net Income Including Noncontrolling Interests": NaN,
        "Net Income Continuous Operations": NaN,
        "Tax Provision": NaN,
        "Pretax Income": NaN,
        "Other Income Expense": NaN,
        "Other Non Operating Income Expenses": NaN,
        "Special Income Charges": 0.0,
        "Gain On Sale Of Ppe": 0.0,
        "Net Non Operating Interest Income Expense": NaN,
        "Interest Expense Non Operating": 150000.0,
        "Operating Income": NaN,
        "Operating Expense": NaN,
        "Research And Development": NaN,
        "Selling General And Administration": NaN,
        "General And Administrative Expense": NaN,
        "Other Gand A": NaN,
        "Gross Profit": NaN,
        "Cost Of Revenue": NaN,
        "Total Revenue": NaN,
        "Operating Revenue": NaN
    },
    "2022-06-30": {
        "Tax Effect Of Unusual Items": 0.0,
        "Tax Rate For Calcs": 0.0,
        "Normalized EBITDA": -169000.0,
        "Total Unusual Items": 0.0,
        "Total Unusual Items Excluding Goodwill": 0.0,
        "Net Income From Continuing Operation Net Minority Interest": -1558000.0,
        "Reconciled Depreciation": 1171000.0,
        "Reconciled Cost Of Revenue": 2745000.0,
        "EBITDA": -169000.0,
        "EBIT": -1340000.0,
        "Net Interest Income": -218000.0,
        "Interest Expense": 218000.0,
        "Normalized Income": -1558000.0,
        "Net Income From Continuing And Discontinued Operation": -1558000.0,
        "Total Expenses": 8698000.0,
        "Total Operating Income As Reported": -1340000.0,
        "Diluted Average Shares": 25126000.0,
        "Basic Average Shares": 25126000.0,
        "Diluted EPS": -0.06,
        "Basic EPS": -0.06,
        "Diluted NI Availto Com Stockholders": -1558000.0,
        "Net Income Common Stockholders": -1558000.0,
        "Net Income": -1558000.0,
        "Net Income Including Noncontrolling Interests": -1558000.0,
        "Net Income Continuous Operations": -1558000.0,
        "Tax Provision": 0.0,
        "Pretax Income": -1558000.0,
        "Other Income Expense": NaN,
        "Other Non Operating Income Expenses": NaN,
        "Special Income Charges": 0.0,
        "Gain On Sale Of Ppe": 0.0,
        "Net Non Operating Interest Income Expense": -218000.0,
        "Total Other Finance Cost": NaN,
        "Interest Expense Non Operating": 218000.0,
        "Operating Income": -1340000.0,
        "Operating Expense": 5953000.0,
        "Research And Development": 690000.0,
        "Selling General And Administration": 5263000.0,
        "General And Administrative Expense": 5263000.0,
        "Other Gand A": 5263000.0,
        "Gross Profit": 4613000.0,
        "Cost Of Revenue": 2745000.0,
        "Total Revenue": 7358000.0,
        "Operating Revenue": 7358000.0
    },
    "2022-03-31": {
        "Diluted EPS": -0.21,
        "Total Revenue": 2,
        "Gross Profit": 1,
        "Operating Income": -5,
        "EBIT": -5,
        "Net Income": -5
    },
    "2021-12-31": {
        "Diluted EPS": 0.05,
        "Total Revenue": 6,
        "Gross Profit": 6,
        "Operating Income": 1,
        "EBIT": 1,
        "Net Income": 1
    },
    "2021-09-30": {
        "Diluted EPS": -0.24,
        "Total Revenue": 1,
        "Gross Profit": 0,
        "Operating Income": -6,
        "EBIT": -6,
        "Net Income": -6
    },
    "2021-06-30": {
        "Diluted EPS": -0.08,
        "Total Revenue": 3,
        "Gross Profit": 3,
        "Operating Income": -2,
        "EBIT": -2,
        "Net Income": -2
    },
    "2021-03-31": {
        "Diluted EPS": 0.19,
        "Total Revenue": 12,
        "Gross Profit": 10,
        "Operating Income": 5,
        "EBIT": 6,
        "Net Income": 5
    },
    "2020-12-31": {
        "Diluted EPS": -0.29,
        "Total Revenue": 0,
        "Gross Profit": 0,
        "Operating Income": -7,
        "EBIT": -7,
        "Net Income": -8
    },
    "2020-09-30": {
        "Diluted EPS": -0.31,
        "Total Revenue": 0,
        "Gross Profit": 0,
        "Operating Income": -6,
        "EBIT": -6,
        "Net Income": -7
    },
    "2020-06-30": {
        "Diluted EPS": -0.23,
        "Total Revenue": 0,
        "Gross Profit": 0,
        "Operating Income": -5,
        "EBIT": -4,
        "Net Income": -5
    },
    "2020-03-31": {
        "Diluted EPS": -0.5,
        "Total Revenue": 0,
        "Gross Profit": 0,
        "Operating Income": -9,
        "EBIT": -9,
        "Net Income": -9
    },
    "2019-12-31": {
        "Diluted EPS": -0.15,
        "Total Revenue": 0,
        "Gross Profit": 0,
        "Operating Income": -3,
        "EBIT": -2,
        "Net Income": -3
    },
    "2019-09-30": {
        "Diluted EPS": -0.28,
        "Total Revenue": NaN,
        "Gross Profit": NaN,
        "Operating Income": -5,
        "EBIT": -5,
        "Net Income": -5
    },
    "2019-06-30": {
        "Diluted EPS": -0.18,
        "Total Revenue": NaN,
        "Gross Profit": NaN,
        "Operating Income": -3,
        "EBIT": -3,
        "Net Income": -3
    },
    "2019-03-31": {
        "Diluted EPS": -0.42,
        "Total Revenue": 1,
        "Gross Profit": 1,
        "Operating Income": -8,
        "EBIT": -7,
        "Net Income": -7
    },
    "2018-12-31": {
        "Diluted EPS": -3.31,
        "Total Revenue": NaN,
        "Gross Profit": NaN,
        "Operating Income": -2,
        "EBIT": -2,
        "Net Income": -26
    },
    "2018-09-30": {
        "Diluted EPS": -0.65,
        "Total Revenue": NaN,
        "Gross Profit": NaN,
        "Operating Income": -2,
        "EBIT": -2,
        "Net Income": -4
    },
    "2018-06-30": {
        "Diluted EPS": -0.79,
        "Total Revenue": NaN,
        "Gross Profit": NaN,
        "Operating Income": -3,
        "EBIT": -3,
        "Net Income": -4
    },
    "2018-03-31": {
        "Diluted EPS": -1.05,
        "Total Revenue": NaN,
        "Gross Profit": NaN,
        "Operating Income": -3,
        "EBIT": -3,
        "Net Income": -4
    },
    "2017-12-31": {
        "Diluted EPS": 0.0,
        "Total Revenue": NaN,
        "Gross Profit": NaN,
        "Operating Income": NaN,
        "EBIT": NaN,
        "Net Income": NaN
    },
    "2017-09-30": {
        "Diluted EPS": -1.0,
        "Total Revenue": NaN,
        "Gross Profit": NaN,
        "Operating Income": -3,
        "EBIT": -3,
        "Net Income": -3
    },
    "2023-06-30": {
        "Tax Effect Of Unusual Items": 0.0,
        "Tax Rate For Calcs": 0.0,
        "Normalized EBITDA": 4855000.0,
        "Net Income From Continuing Operation Net Minority Interest": 4559000.0,
        "Reconciled Depreciation": 172000.0,
        "Reconciled Cost Of Revenue": 2315000.0,
        "EBITDA": 4855000.0,
        "EBIT": 4683000.0,
        "Net Interest Income": -124000.0,
        "Interest Expense": 124000.0,
        "Normalized Income": 4559000.0,
        "Net Income From Continuing And Discontinued Operation": 4559000.0,
        "Total Expenses": 8114000.0,
        "Total Operating Income As Reported": 3883000.0,
        "Diluted Average Shares": 25983000.0,
        "Basic Average Shares": 25593000.0,
        "Diluted EPS": 0.18,
        "Basic EPS": 0.18,
        "Diluted NI Availto Com Stockholders": 4559000.0,
        "Net Income Common Stockholders": 4559000.0,
        "Net Income": 4559000.0,
        "Net Income Including Noncontrolling Interests": 4559000.0,
        "Net Income Continuous Operations": 4559000.0,
        "Tax Provision": 0.0,
        "Pretax Income": 4559000.0,
        "Other Income Expense": 800000.0,
        "Other Non Operating Income Expenses": 800000.0,
        "Net Non Operating Interest Income Expense": -124000.0,
        "Interest Expense Non Operating": 124000.0,
        "Operating Income": 3883000.0,
        "Operating Expense": 5799000.0,
        "Research And Development": 1125000.0,
        "Selling General And Administration": 4674000.0,
        "General And Administrative Expense": 4674000.0,
        "Other Gand A": 4674000.0,
        "Gross Profit": 9682000.0,
        "Cost Of Revenue": 2315000.0,
        "Total Revenue": 11997000.0,
        "Operating Revenue": 11997000.0
    },
    "2023-09-30": {
        "Tax Effect Of Unusual Items": 0.0,
        "Tax Rate For Calcs": 0.0,
        "Normalized EBITDA": -307000.0,
        "Net Income From Continuing Operation Net Minority Interest": -579000.0,
        "Reconciled Depreciation": 241000.0,
        "Reconciled Cost Of Revenue": 2625000.0,
        "EBITDA": -307000.0,
        "EBIT": -548000.0,
        "Net Interest Income": -31000.0,
        "Interest Expense": 31000.0,
        "Normalized Income": -579000.0,
        "Net Income From Continuing And Discontinued Operation": -579000.0,
        "Total Expenses": 7576000.0,
        "Total Operating Income As Reported": -548000.0,
        "Diluted Average Shares": 25719000.0,
        "Basic Average Shares": 25719000.0,
        "Diluted EPS": -0.02,
        "Basic EPS": -0.02,
        "Diluted NI Availto Com Stockholders": -579000.0,
        "Net Income Common Stockholders": -579000.0,
        "Net Income": -579000.0,
        "Net Income Including Noncontrolling Interests": -579000.0,
        "Net Income Continuous Operations": -579000.0,
        "Tax Provision": 0.0,
        "Pretax Income": -579000.0,
        "Other Income Expense": NaN,
        "Other Non Operating Income Expenses": NaN,
        "Net Non Operating Interest Income Expense": -31000.0,
        "Interest Expense Non Operating": 31000.0,
        "Operating Income": -548000.0,
        "Operating Expense": 4951000.0,
        "Research And Development": 615000.0,
        "Selling General And Administration": 4336000.0,
        "General And Administrative Expense": 4336000.0,
        "Other Gand A": 4336000.0,
        "Gross Profit": 4403000.0,
        "Cost Of Revenue": 2625000.0,
        "Total Revenue": 7028000.0,
        "Operating Revenue": 7028000.0
    },
    "2023-12-31": {
        "Tax Effect Of Unusual Items": 0.0,
        "Tax Rate For Calcs": 0.21,
        "Normalized EBITDA": -2518000.0,
        "Net Income From Continuing Operation Net Minority Interest": -2256000.0,
        "Reconciled Depreciation": 275000.0,
        "Reconciled Cost Of Revenue": 3683000.0,
        "EBITDA": -2518000.0,
        "EBIT": -2793000.0,
        "Net Interest Income": 784000.0,
        "Interest Expense": NaN,
        "Normalized Income": -2256000.0,
        "Net Income From Continuing And Discontinued Operation": -2256000.0,
        "Total Expenses": 9306000.0,
        "Total Operating Income As Reported": -1993000.0,
        "Diluted Average Shares": NaN,
        "Basic Average Shares": NaN,
        "Diluted EPS": NaN,
        "Basic EPS": NaN,
        "Diluted NI Availto Com Stockholders": -2256000.0,
        "Net Income Common Stockholders": -2256000.0,
        "Net Income": -2256000.0,
        "Net Income Including Noncontrolling Interests": -2256000.0,
        "Net Income Continuous Operations": -2256000.0,
        "Tax Provision": 247000.0,
        "Pretax Income": -2009000.0,
        "Other Income Expense": NaN,
        "Other Non Operating Income Expenses": NaN,
        "Net Non Operating Interest Income Expense": 784000.0,
        "Interest Expense Non Operating": NaN,
        "Operating Income": -1993000.0,
        "Operating Expense": 5623000.0,
        "Research And Development": 1047000.0,
        "Selling General And Administration": 4576000.0,
        "General And Administrative Expense": 4576000.0,
        "Other Gand A": 4576000.0,
        "Gross Profit": 3630000.0,
        "Cost Of Revenue": 3683000.0,
        "Total Revenue": 7313000.0,
        "Operating Revenue": 7313000.0
    },
    "2024-03-31": {
        "Tax Effect Of Unusual Items": 0.0,
        "Tax Rate For Calcs": 0.0,
        "Normalized EBITDA": -548000.0,
        "Net Income From Continuing Operation Net Minority Interest": -811000.0,
        "Reconciled Depreciation": 252000.0,
        "Reconciled Cost Of Revenue": 2959000.0,
        "EBITDA": -548000.0,
        "EBIT": -800000.0,
        "Net Interest Income": -11000.0,
        "Interest Expense": 11000.0,
        "Normalized Income": -811000.0,
        "Net Income From Continuing And Discontinued Operation": -811000.0,
        "Total Expenses": 8766000.0,
        "Total Operating Income As Reported": -800000.0,
        "Diluted Average Shares": 25763000.0,
        "Basic Average Shares": 25763000.0,
        "Diluted EPS": -0.03,
        "Basic EPS": -0.03,
        "Diluted NI Availto Com Stockholders": -811000.0,
        "Net Income Common Stockholders": -811000.0,
        "Net Income": -811000.0,
        "Net Income Including Noncontrolling Interests": -811000.0,
        "Net Income Continuous Operations": -811000.0,
        "Tax Provision": 0.0,
        "Pretax Income": -811000.0,
        "Other Income Expense": NaN,
        "Other Non Operating Income Expenses": NaN,
        "Net Non Operating Interest Income Expense": -11000.0,
        "Interest Expense Non Operating": 11000.0,
        "Operating Income": -800000.0,
        "Operating Expense": 5807000.0,
        "Research And Development": 651000.0,
        "Selling General And Administration": 5156000.0,
        "General And Administrative Expense": 5156000.0,
        "Other Gand A": 5156000.0,
        "Gross Profit": 5007000.0,
        "Cost Of Revenue": 2959000.0,
        "Total Revenue": 7966000.0,
        "Operating Revenue": 7966000.0
    },
    "2024-06-30": {
        "Tax Effect Of Unusual Items": 0.0,
        "Tax Rate For Calcs": 0.21,
        "Normalized EBITDA": -2674000.0,
        "Net Income From Continuing Operation Net Minority Interest": -3041000.0,
        "Reconciled Depreciation": 261000.0,
        "Reconciled Cost Of Revenue": 3448000.0,
        "EBITDA": -2674000.0,
        "EBIT": -2935000.0,
        "Net Interest Income": -52000.0,
        "Interest Expense": 52000.0,
        "Normalized Income": -3041000.0,
        "Net Income From Continuing And Discontinued Operation": -3041000.0,
        "Total Expenses": 12009000.0,
        "Total Operating Income As Reported": -2935000.0,
        "Diluted Average Shares": 25778000.0,
        "Basic Average Shares": 25778000.0,
        "Diluted EPS": -0.12,
        "Basic EPS": -0.12,
        "Diluted NI Availto Com Stockholders": -3041000.0,
        "Net Income Common Stockholders": -3041000.0,
        "Net Income": -3041000.0,
        "Net Income Including Noncontrolling Interests": -3041000.0,
        "Net Income Continuous Operations": -3041000.0,
        "Tax Provision": 54000.0,
        "Pretax Income": -2987000.0,
        "Other Income Expense": NaN,
        "Other Non Operating Income Expenses": NaN,
        "Net Non Operating Interest Income Expense": -52000.0,
        "Interest Expense Non Operating": 52000.0,
        "Operating Income": -2935000.0,
        "Operating Expense": 8561000.0,
        "Research And Development": 2970000.0,
        "Selling General And Administration": 5591000.0,
        "General And Administrative Expense": 5591000.0,
        "Other Gand A": 5591000.0,
        "Gross Profit": 5626000.0,
        "Cost Of Revenue": 3448000.0,
        "Total Revenue": 9074000.0,
        "Operating Revenue": 9074000.0
    }
}