{
    "2023-03-31": {
        "Tax Effect Of Unusual Items": 4860660.0,
        "Tax Rate For Calcs": 0.21,
        "Normalized EBITDA": 1009140000.0,
        "Total Unusual Items": 23146000.0,
        "Total Unusual Items Excluding Goodwill": 23146000.0,
        "Net Income From Continuing Operation Net Minority Interest": 312299000.0,
        "Reconciled Depreciation": 553224000.0,
        "Reconciled Cost Of Revenue": 1706123000.0,
        "EBITDA": 1032286000.0,
        "EBIT": 479062000.0,
        "Net Interest Income": -197479000.0,
        "Interest Expense": 245738000.0,
        "Interest Income": 48259000.0,
        "Normalized Income": 294013660.0,
        "Net Income From Continuing And Discontinued Operation": 312299000.0,
        "Total Expenses": 2518950000.0,
        "Total Operating Income As Reported": 462109000.0,
        "Diluted Average Shares": 212146507.0,
        "Basic Average Shares": 211350705.0,
        "Diluted EPS": 1.47,
        "Basic EPS": 1.47,
        "Diluted NI Availto Com Stockholders": 310935000.0,
        "Net Income Common Stockholders": 310935000.0,
        "Preferred Stock Dividends": 1364000.0,
        "Net Income": 312299000.0,
        "Net Income Including Noncontrolling Interests": 312299000.0,
        "Net Income Continuous Operations": 312299000.0,
        "Tax Provision": -78975000.0,
        "Pretax Income": 233324000.0,
        "Other Income Expense": -31306000.0,
        "Other Non Operating Income Expenses": -54452000.0,
        "Special Income Charges": 23146000.0,
        "Other Special Charges": -23146000.0,
        "Write Off": 0.0,
        "Net Non Operating Interest Income Expense": -197479000.0,
        "Interest Expense Non Operating": 245738000.0,
        "Interest Income Non Operating": 48259000.0,
        "Operating Income": 462109000.0,
        "Operating Expense": 713519000.0,
        "Other Operating Expenses": 74166000.0,
        "Other Taxes": 185437000.0,
        "Depreciation Amortization Depletion Income Statement": 453916000.0,
        "Depreciation And Amortization In Income Statement": 453916000.0,
        "Gross Profit": 1175628000.0,
        "Cost Of Revenue": 1805431000.0,
        "Total Revenue": 2981059000.0,
        "Operating Revenue": 2947992000.0
    },
    "2022-12-31": {
        "Tax Effect Of Unusual Items": 4860870.0,
        "Tax Rate For Calcs": 0.21,
        "Normalized EBITDA": 903565000.0,
        "Total Unusual Items": 23147000.0,
        "Total Unusual Items Excluding Goodwill": 23147000.0,
        "Net Income From Continuing Operation Net Minority Interest": 97652000.0,
        "Reconciled Depreciation": 522615000.0,
        "Reconciled Cost Of Revenue": 2079965000.0,
        "EBITDA": 926712000.0,
        "EBIT": 404097000.0,
        "Net Interest Income": -193969000.0,
        "Interest Expense": 236389000.0,
        "Interest Income": 42420000.0,
        "Normalized Income": 79365870.0,
        "Net Income From Continuing And Discontinued Operation": 97652000.0,
        "Total Expenses": 2823623000.0,
        "Total Operating Income As Reported": 448877000.0,
        "Diluted Average Shares": 209104938.0,
        "Basic Average Shares": 207984460.0,
        "Diluted EPS": 0.51,
        "Basic EPS": 0.51,
        "Diluted NI Availto Com Stockholders": 106474000.0,
        "Net Income Common Stockholders": 106474000.0,
        "Preferred Stock Dividends": -8822000.0,
        "Net Income": 97652000.0,
        "Net Income Including Noncontrolling Interests": 97652000.0,
        "Net Income Continuous Operations": 97652000.0,
        "Tax Provision": 70056000.0,
        "Pretax Income": 167708000.0,
        "Other Income Expense": -87200000.0,
        "Other Non Operating Income Expenses": -110347000.0,
        "Special Income Charges": 23147000.0,
        "Other Special Charges": -23147000.0,
        "Write Off": 0.0,
        "Net Non Operating Interest Income Expense": -193969000.0,
        "Interest Expense Non Operating": 236389000.0,
        "Interest Income Non Operating": 42420000.0,
        "Operating Income": 448877000.0,
        "Operating Expense": 645047000.0,
        "Other Operating Expenses": 29953000.0,
        "Other Taxes": 191090000.0,
        "Depreciation Amortization Depletion Income Statement": 424004000.0,
        "Depreciation And Amortization In Income Statement": 424004000.0,
        "Gross Profit": 1093924000.0,
        "Cost Of Revenue": 2178576000.0,
        "Total Revenue": 3272500000.0,
        "Operating Revenue": 3272500000.0
    },
    "2022-09-30": {
        "Tax Effect Of Unusual Items": 5072575.528991,
        "Tax Rate For Calcs": 0.248802,
        "Normalized EBITDA": 1500868000.0,
        "Total Unusual Items": 20388000.0,
        "Total Unusual Items Excluding Goodwill": 20388000.0,
        "Net Income From Continuing Operation Net Minority Interest": 555882000.0,
        "Reconciled Depreciation": 553802000.0,
        "Reconciled Cost Of Revenue": 2514215000.0,
        "EBITDA": 1521256000.0,
        "EBIT": 967454000.0,
        "Net Interest Income": -224494000.0,
        "Interest Expense": 227460000.0,
        "Interest Income": 2966000.0,
        "Normalized Income": 540566575.528991,
        "Net Income From Continuing And Discontinued Operation": 555882000.0,
        "Total Expenses": 3264053000.0,
        "Total Operating Income As Reported": 954705000.0,
        "Diluted Average Shares": 204578013.0,
        "Basic Average Shares": 203445773.0,
        "Diluted EPS": 2.74,
        "Basic EPS": 2.76,
        "Diluted NI Availto Com Stockholders": 560589000.0,
        "Net Income Common Stockholders": 560589000.0,
        "Preferred Stock Dividends": -4707000.0,
        "Net Income": 555882000.0,
        "Net Income Including Noncontrolling Interests": 555882000.0,
        "Net Income Continuous Operations": 555882000.0,
        "Tax Provision": 184112000.0,
        "Pretax Income": 739994000.0,
        "Other Income Expense": 9926000.0,
        "Other Non Operating Income Expenses": -10462000.0,
        "Special Income Charges": 20388000.0,
        "Other Special Charges": -20245000.0,
        "Write Off": -143000.0,
        "Net Non Operating Interest Income Expense": -224494000.0,
        "Interest Expense Non Operating": 227460000.0,
        "Interest Income Non Operating": 2966000.0,
        "Operating Income": 954562000.0,
        "Operating Expense": 649324000.0,
        "Other Operating Expenses": 5980000.0,
        "Other Taxes": 190056000.0,
        "Depreciation Amortization Depletion Income Statement": 453288000.0,
        "Depreciation And Amortization In Income Statement": 453288000.0,
        "Gross Profit": 1603886000.0,
        "Cost Of Revenue": 2614729000.0,
        "Total Revenue": 4218615000.0,
        "Operating Revenue": 4218615000.0
    },
    "2022-06-30": {
        "Tax Effect Of Unusual Items": 71053600.0,
        "Tax Rate For Calcs": 0.4,
        "Normalized EBITDA": 504867000.0,
        "Total Unusual Items": 177634000.0,
        "Total Unusual Items Excluding Goodwill": 177634000.0,
        "Net Income From Continuing Operation Net Minority Interest": 164011000.0,
        "Reconciled Depreciation": 552223000.0,
        "Reconciled Cost Of Revenue": 1929741000.0,
        "EBITDA": 682501000.0,
        "EBIT": 130278000.0,
        "Net Interest Income": -325910000.0,
        "Interest Expense": 325910000.0,
        "Interest Income": NaN,
        "Normalized Income": 57430600.0,
        "Net Income From Continuing And Discontinued Operation": 164011000.0,
        "Total Expenses": 3478130000.0,
        "Total Operating Income As Reported": 81132000.0,
        "Diluted Average Shares": 204712242.0,
        "Basic Average Shares": 203383199.0,
        "Diluted EPS": 0.78,
        "Basic EPS": 0.79,
        "Diluted NI Availto Com Stockholders": 159703000.0,
        "Net Income Common Stockholders": 159703000.0,
        "Preferred Stock Dividends": 4308000.0,
        "Net Income": 164011000.0,
        "Net Income Including Noncontrolling Interests": 164011000.0,
        "Net Income Continuous Operations": 164011000.0,
        "Tax Provision": -359643000.0,
        "Pretax Income": -195632000.0,
        "Other Income Expense": 213212000.0,
        "Other Non Operating Income Expenses": 35578000.0,
        "Special Income Charges": 177634000.0,
        "Other Special Charges": -13568000.0,
        "Write Off": -164066000.0,
        "Net Non Operating Interest Income Expense": -325910000.0,
        "Interest Expense Non Operating": 325910000.0,
        "Interest Income Non Operating": NaN,
        "Operating Income": -82934000.0,
        "Operating Expense": 1440925000.0,
        "Other Operating Expenses": 823922000.0,
        "Other Taxes": 172244000.0,
        "Depreciation Amortization Depletion Income Statement": 444759000.0,
        "Depreciation And Amortization In Income Statement": 444759000.0,
        "Gross Profit": 1357991000.0,
        "Cost Of Revenue": 2037205000.0,
        "Total Revenue": 3395196000.0,
        "Operating Revenue": 3395196000.0
    },
    "2023-06-30": {
        "Tax Effect Of Unusual Items": 6362772.407509,
        "Tax Rate For Calcs": 0.255872,
        "Normalized EBITDA": 1316430000.0,
        "Total Unusual Items": 24867000.0,
        "Total Unusual Items Excluding Goodwill": 24867000.0,
        "Net Income From Continuing Operation Net Minority Interest": 392014000.0,
        "Reconciled Depreciation": 563619000.0,
        "Reconciled Cost Of Revenue": 1390251000.0,
        "EBITDA": 1341297000.0,
        "EBIT": 777678000.0,
        "Net Interest Income": -205440000.0,
        "Interest Expense": 250868000.0,
        "Interest Income": 45428000.0,
        "Normalized Income": 373509772.407509,
        "Net Income From Continuing And Discontinued Operation": 392014000.0,
        "Total Expenses": 2090099000.0,
        "Total Operating Income As Reported": 755927000.0,
        "Diluted Average Shares": 212201529.0,
        "Basic Average Shares": 211449211.0,
        "Diluted EPS": 1.84,
        "Basic EPS": 1.85,
        "Diluted NI Availto Com Stockholders": 391244000.0,
        "Net Income Common Stockholders": 391244000.0,
        "Preferred Stock Dividends": 770000.0,
        "Net Income": 392014000.0,
        "Net Income Including Noncontrolling Interests": 392014000.0,
        "Net Income Continuous Operations": 392014000.0,
        "Tax Provision": 134796000.0,
        "Pretax Income": 526810000.0,
        "Other Income Expense": -23677000.0,
        "Other Non Operating Income Expenses": -48544000.0,
        "Special Income Charges": 24867000.0,
        "Other Special Charges": -24867000.0,
        "Write Off": 0.0,
        "Net Non Operating Interest Income Expense": -205440000.0,
        "Interest Expense Non Operating": 250868000.0,
        "Interest Income Non Operating": 45428000.0,
        "Operating Income": 755927000.0,
        "Operating Expense": 605167000.0,
        "Other Operating Expenses": -47349000.0,
        "Other Taxes": 183578000.0,
        "Depreciation Amortization Depletion Income Statement": 468938000.0,
        "Depreciation And Amortization In Income Statement": 468938000.0,
        "Gross Profit": 1361094000.0,
        "Cost Of Revenue": 1484932000.0,
        "Total Revenue": 2846026000.0,
        "Operating Revenue": 2818747000.0
    },
    "2022-03-31": {
        "Diluted EPS": 1.36,
        "Total Revenue": NaN,
        "Gross Profit": NaN,
        "Operating Income": 566,
        "EBIT": NaN,
        "Net Income": 276
    },
    "2021-12-31": {
        "Diluted EPS": 1.28,
        "Total Revenue": NaN,
        "Gross Profit": NaN,
        "Operating Income": 342,
        "EBIT": 888,
        "Net Income": 259
    },
    "2021-09-30": {
        "Diluted EPS": 2.63,
        "Total Revenue": NaN,
        "Gross Profit": NaN,
        "Operating Income": 828,
        "EBIT": NaN,
        "Net Income": 531
    },
    "2021-06-30": {
        "Diluted EPS": -0.03,
        "Total Revenue": NaN,
        "Gross Profit": NaN,
        "Operating Income": 168,
        "EBIT": 738,
        "Net Income": -6
    },
    "2021-03-31": {
        "Diluted EPS": 1.66,
        "Total Revenue": NaN,
        "Gross Profit": NaN,
        "Operating Income": 508,
        "EBIT": NaN,
        "Net Income": 335
    },
    "2020-12-31": {
        "Diluted EPS": 1.93,
        "Total Revenue": NaN,
        "Gross Profit": NaN,
        "Operating Income": 152,
        "EBIT": 715,
        "Net Income": 388
    },
    "2020-09-30": {
        "Diluted EPS": 2.59,
        "Total Revenue": NaN,
        "Gross Profit": NaN,
        "Operating Income": 778,
        "EBIT": NaN,
        "Net Income": 521
    },
    "2020-06-30": {
        "Diluted EPS": 1.79,
        "Total Revenue": NaN,
        "Gross Profit": NaN,
        "Operating Income": 439,
        "EBIT": NaN,
        "Net Income": 361
    },
    "2020-03-31": {
        "Diluted EPS": 0.59,
        "Total Revenue": NaN,
        "Gross Profit": NaN,
        "Operating Income": 400,
        "EBIT": 968,
        "Net Income": 119
    },
    "2019-12-31": {
        "Diluted EPS": 1.94,
        "Total Revenue": NaN,
        "Gross Profit": NaN,
        "Operating Income": 249,
        "EBIT": 796,
        "Net Income": 385
    },
    "2019-09-30": {
        "Diluted EPS": 1.82,
        "Total Revenue": NaN,
        "Gross Profit": NaN,
        "Operating Income": 520,
        "EBIT": NaN,
        "Net Income": 365
    },
    "2019-06-30": {
        "Diluted EPS": 1.22,
        "Total Revenue": NaN,
        "Gross Profit": NaN,
        "Operating Income": 339,
        "EBIT": 877,
        "Net Income": 236
    },
    "2019-03-31": {
        "Diluted EPS": 1.32,
        "Total Revenue": NaN,
        "Gross Profit": NaN,
        "Operating Income": 283,
        "EBIT": 813,
        "Net Income": 255
    },
    "2018-12-31": {
        "Diluted EPS": -0.36,
        "Total Revenue": NaN,
        "Gross Profit": NaN,
        "Operating Income": -229,
        "EBIT": 294,
        "Net Income": -66
    },
    "2018-09-30": {
        "Diluted EPS": 2.92,
        "Total Revenue": NaN,
        "Gross Profit": NaN,
        "Operating Income": 271,
        "EBIT": 761,
        "Net Income": 536
    },
    "2018-06-30": {
        "Diluted EPS": 1.34,
        "Total Revenue": NaN,
        "Gross Profit": NaN,
        "Operating Income": 92,
        "EBIT": 594,
        "Net Income": 245
    },
    "2018-03-31": {
        "Diluted EPS": 0.73,
        "Total Revenue": NaN,
        "Gross Profit": NaN,
        "Operating Income": 336,
        "EBIT": 861,
        "Net Income": 133
    },
    "2017-12-31": {
        "Diluted EPS": -2.66,
        "Total Revenue": NaN,
        "Gross Profit": NaN,
        "Operating Income": 237,
        "EBIT": 754,
        "Net Income": -479
    },
    "2017-09-30": {
        "Diluted EPS": 2.21,
        "Total Revenue": NaN,
        "Gross Profit": NaN,
        "Operating Income": 759,
        "EBIT": NaN,
        "Net Income": 398
    },
    "2017-06-30": {
        "Diluted EPS": 2.27,
        "Total Revenue": NaN,
        "Gross Profit": NaN,
        "Operating Income": 169,
        "EBIT": 680,
        "Net Income": 410
    },
    "2017-03-31": {
        "Diluted EPS": 0.46,
        "Total Revenue": NaN,
        "Gross Profit": NaN,
        "Operating Income": 195,
        "EBIT": 727,
        "Net Income": 83
    },
    "2016-12-31": {
        "Diluted EPS": -9.86,
        "Total Revenue": NaN,
        "Gross Profit": NaN,
        "Operating Income": NaN,
        "EBIT": NaN,
        "Net Income": NaN
    },
    "2016-09-30": {
        "Diluted EPS": 2.16,
        "Total Revenue": NaN,
        "Gross Profit": NaN,
        "Operating Income": 772,
        "EBIT": NaN,
        "Net Income": 388
    },
    "2016-06-30": {
        "Diluted EPS": 3.16,
        "Total Revenue": NaN,
        "Gross Profit": NaN,
        "Operating Income": 442,
        "EBIT": 955,
        "Net Income": 567
    },
    "2016-03-31": {
        "Diluted EPS": 1.28,
        "Total Revenue": NaN,
        "Gross Profit": NaN,
        "Operating Income": 498,
        "EBIT": 998,
        "Net Income": 230
    },
    "2015-12-31": {
        "Diluted EPS": 0.57,
        "Total Revenue": NaN,
        "Gross Profit": NaN,
        "Operating Income": -254,
        "EBIT": 250,
        "Net Income": 100
    },
    "2015-09-30": {
        "Diluted EPS": -4.04,
        "Total Revenue": NaN,
        "Gross Profit": NaN,
        "Operating Income": -965,
        "EBIT": -422,
        "Net Income": -723
    },
    "2015-06-30": {
        "Diluted EPS": 0.83,
        "Total Revenue": NaN,
        "Gross Profit": NaN,
        "Operating Income": 377,
        "EBIT": 921,
        "Net Income": 149
    },
    "2015-03-31": {
        "Diluted EPS": 1.65,
        "Total Revenue": NaN,
        "Gross Profit": NaN,
        "Operating Income": 543,
        "EBIT": NaN,
        "Net Income": 298
    },
    "2014-12-31": {
        "Diluted EPS": 0.66,
        "Total Revenue": NaN,
        "Gross Profit": NaN,
        "Operating Income": 320,
        "EBIT": 862,
        "Net Income": 120
    },
    "2014-09-30": {
        "Diluted EPS": 1.27,
        "Total Revenue": NaN,
        "Gross Profit": NaN,
        "Operating Income": 493,
        "EBIT": NaN,
        "Net Income": 230
    },
    "2014-06-30": {
        "Diluted EPS": 1.05,
        "Total Revenue": NaN,
        "Gross Profit": NaN,
        "Operating Income": 454,
        "EBIT": 980,
        "Net Income": 189
    },
    "2014-03-31": {
        "Diluted EPS": 2.24,
        "Total Revenue": NaN,
        "Gross Profit": NaN,
        "Operating Income": 740,
        "EBIT": NaN,
        "Net Income": 401
    },
    "2013-12-31": {
        "Diluted EPS": 0.83,
        "Total Revenue": NaN,
        "Gross Profit": NaN,
        "Operating Income": 226,
        "EBIT": 765,
        "Net Income": 147
    },
    "2013-09-30": {
        "Diluted EPS": 1.34,
        "Total Revenue": NaN,
        "Gross Profit": NaN,
        "Operating Income": 389,
        "EBIT": 913,
        "Net Income": 240
    },
    "2013-06-30": {
        "Diluted EPS": 0.92,
        "Total Revenue": NaN,
        "Gross Profit": NaN,
        "Operating Income": 347,
        "EBIT": 823,
        "Net Income": 164
    },
    "2013-03-31": {
        "Diluted EPS": 0.9,
        "Total Revenue": NaN,
        "Gross Profit": NaN,
        "Operating Income": 394,
        "EBIT": 867,
        "Net Income": 161
    },
    "2012-12-31": {
        "Diluted EPS": 1.67,
        "Total Revenue": NaN,
        "Gross Profit": NaN,
        "Operating Income": 324,
        "EBIT": 802,
        "Net Income": 296
    },
    "2012-09-30": {
        "Diluted EPS": 1.89,
        "Total Revenue": NaN,
        "Gross Profit": NaN,
        "Operating Income": 691,
        "EBIT": NaN,
        "Net Income": 337
    },
    "2012-06-30": {
        "Diluted EPS": 2.06,
        "Total Revenue": NaN,
        "Gross Profit": NaN,
        "Operating Income": 343,
        "EBIT": 726,
        "Net Income": 365
    },
    "2012-03-31": {
        "Diluted EPS": -0.86,
        "Total Revenue": NaN,
        "Gross Profit": NaN,
        "Operating Income": -57,
        "EBIT": 393,
        "Net Income": -152
    },
    "2011-12-31": {
        "Diluted EPS": 0.88,
        "Total Revenue": NaN,
        "Gross Profit": NaN,
        "Operating Income": 343,
        "EBIT": 772,
        "Net Income": 154
    },
    "2011-09-30": {
        "Diluted EPS": 3.53,
        "Total Revenue": NaN,
        "Gross Profit": NaN,
        "Operating Income": 601,
        "EBIT": NaN,
        "Net Income": 628
    },
    "2011-06-30": {
        "Diluted EPS": 1.76,
        "Total Revenue": NaN,
        "Gross Profit": NaN,
        "Operating Income": 559,
        "EBIT": 988,
        "Net Income": 316
    },
    "2011-03-31": {
        "Diluted EPS": 1.38,
        "Total Revenue": NaN,
        "Gross Profit": NaN,
        "Operating Income": 511,
        "EBIT": 933,
        "Net Income": 249
    },
    "2010-12-31": {
        "Diluted EPS": 1.27,
        "Total Revenue": NaN,
        "Gross Profit": NaN,
        "Operating Income": 394,
        "EBIT": 840,
        "Net Income": 228
    },
    "2010-09-30": {
        "Diluted EPS": 2.62,
        "Total Revenue": NaN,
        "Gross Profit": NaN,
        "Operating Income": 771,
        "EBIT": NaN,
        "Net Income": 493
    },
    "2010-06-30": {
        "Diluted EPS": 1.65,
        "Total Revenue": NaN,
        "Gross Profit": NaN,
        "Operating Income": 626,
        "EBIT": NaN,
        "Net Income": 315
    },
    "2010-03-31": {
        "Diluted EPS": 1.12,
        "Total Revenue": NaN,
        "Gross Profit": NaN,
        "Operating Income": 477,
        "EBIT": 900,
        "Net Income": 214
    },
    "2009-12-31": {
        "Diluted EPS": 1.64,
        "Total Revenue": NaN,
        "Gross Profit": NaN,
        "Operating Income": 503,
        "EBIT": 886,
        "Net Income": 314
    },
    "2009-09-30": {
        "Diluted EPS": 2.32,
        "Total Revenue": NaN,
        "Gross Profit": NaN,
        "Operating Income": 800,
        "EBIT": NaN,
        "Net Income": 455
    },
    "2009-06-30": {
        "Diluted EPS": 1.14,
        "Total Revenue": NaN,
        "Gross Profit": NaN,
        "Operating Income": 474,
        "EBIT": 823,
        "Net Income": 227
    },
    "2009-03-31": {
        "Diluted EPS": 1.2,
        "Total Revenue": NaN,
        "Gross Profit": NaN,
        "Operating Income": 507,
        "EBIT": 855,
        "Net Income": 235
    },
    "2023-09-30": {
        "Tax Effect Of Unusual Items": -3506803.68703,
        "Tax Rate For Calcs": 0.253144,
        "Normalized EBITDA": 1717702000.0,
        "Total Unusual Items": -13853000.0,
        "Total Unusual Items Excluding Goodwill": -13853000.0,
        "Net Income From Continuing Operation Net Minority Interest": 669714000.0,
        "Reconciled Depreciation": 551697000.0,
        "Reconciled Cost Of Revenue": 1695863000.0,
        "EBITDA": 1703849000.0,
        "EBIT": 1152152000.0,
        "Net Interest Income": -252879000.0,
        "Interest Expense": 255441000.0,
        "Interest Income": 2562000.0,
        "Normalized Income": 680060196.31297,
        "Net Income From Continuing And Discontinued Operation": 669714000.0,
        "Total Expenses": 2414061000.0,
        "Total Operating Income As Reported": 1143383000.0,
        "Diluted Average Shares": 212238117.0,
        "Basic Average Shares": 211459244.0,
        "Diluted EPS": 3.14,
        "Basic EPS": 3.15,
        "Diluted NI Availto Com Stockholders": 666755000.0,
        "Net Income Common Stockholders": 666755000.0,
        "Preferred Stock Dividends": 2959000.0,
        "Net Income": 669714000.0,
        "Net Income Including Noncontrolling Interests": 669714000.0,
        "Net Income Continuous Operations": 669714000.0,
        "Tax Provision": 226997000.0,
        "Pretax Income": 896711000.0,
        "Other Income Expense": -31871000.0,
        "Other Non Operating Income Expenses": -18018000.0,
        "Special Income Charges": -13853000.0,
        "Other Special Charges": -24225000.0,
        "Write Off": 38078000.0,
        "Net Non Operating Interest Income Expense": -252879000.0,
        "Interest Expense Non Operating": 255441000.0,
        "Interest Income Non Operating": 2562000.0,
        "Operating Income": 1181461000.0,
        "Operating Expense": 606374000.0,
        "Other Operating Expenses": -31153000.0,
        "Other Taxes": 197654000.0,
        "Depreciation Amortization Depletion Income Statement": 439873000.0,
        "Depreciation And Amortization In Income Statement": 439873000.0,
        "Gross Profit": 1787835000.0,
        "Cost Of Revenue": 1807687000.0,
        "Total Revenue": 3595522000.0,
        "Operating Revenue": 3559240000.0
    }
}