{
    "2023-03-31": {
        "Tax Effect Of Unusual Items": NaN,
        "Tax Rate For Calcs": NaN,
        "Normalized EBITDA": NaN,
        "Total Unusual Items": NaN,
        "Total Unusual Items Excluding Goodwill": NaN,
        "Net Income From Continuing Operation Net Minority Interest": NaN,
        "EBITDA": NaN,
        "EBIT": NaN,
        "Net Interest Income": NaN,
        "Interest Expense": NaN,
        "Interest Income": NaN,
        "Normalized Income": NaN,
        "Net Income From Continuing And Discontinued Operation": NaN,
        "Total Expenses": NaN,
        "Total Operating Income As Reported": NaN,
        "Diluted Average Shares": 2578385.0,
        "Basic Average Shares": 2578385.0,
        "Diluted EPS": -2.4,
        "Basic EPS": -2.4,
        "Diluted NI Availto Com Stockholders": NaN,
        "Net Income Common Stockholders": NaN,
        "Net Income": NaN,
        "Net Income Including Noncontrolling Interests": NaN,
        "Net Income Continuous Operations": NaN,
        "Tax Provision": NaN,
        "Pretax Income": NaN,
        "Other Income Expense": NaN,
        "Gain On Sale Of Security": NaN,
        "Net Non Operating Interest Income Expense": NaN,
        "Interest Expense Non Operating": NaN,
        "Interest Income Non Operating": NaN,
        "Operating Income": NaN,
        "Operating Expense": NaN,
        "Research And Development": NaN,
        "Selling General And Administration": NaN,
        "General And Administrative Expense": NaN,
        "Other Gand A": NaN,
        "Total Revenue": NaN,
        "Operating Revenue": NaN
    },
    "2022-12-31": {
        "Tax Effect Of Unusual Items": NaN,
        "Tax Rate For Calcs": NaN,
        "Normalized EBITDA": NaN,
        "Net Income From Continuing Operation Net Minority Interest": NaN,
        "EBITDA": NaN,
        "EBIT": NaN,
        "Net Interest Income": NaN,
        "Interest Expense": NaN,
        "Interest Income": NaN,
        "Normalized Income": NaN,
        "Net Income From Continuing And Discontinued Operation": NaN,
        "Total Expenses": NaN,
        "Total Operating Income As Reported": NaN,
        "Diluted Average Shares": 2408225.0,
        "Basic Average Shares": 2408225.0,
        "Diluted EPS": -2.9,
        "Basic EPS": -2.9,
        "Diluted NI Availto Com Stockholders": NaN,
        "Net Income Common Stockholders": NaN,
        "Net Income": NaN,
        "Net Income Including Noncontrolling Interests": NaN,
        "Net Income Continuous Operations": NaN,
        "Tax Provision": NaN,
        "Pretax Income": NaN,
        "Net Non Operating Interest Income Expense": NaN,
        "Interest Expense Non Operating": NaN,
        "Interest Income Non Operating": NaN,
        "Operating Income": NaN,
        "Operating Expense": NaN,
        "Research And Development": NaN,
        "Selling General And Administration": NaN,
        "General And Administrative Expense": NaN,
        "Other Gand A": NaN,
        "Total Revenue": NaN,
        "Operating Revenue": NaN
    },
    "2022-09-30": {
        "Tax Effect Of Unusual Items": NaN,
        "Tax Rate For Calcs": NaN,
        "Normalized EBITDA": NaN,
        "Net Income From Continuing Operation Net Minority Interest": NaN,
        "EBITDA": NaN,
        "EBIT": NaN,
        "Net Interest Income": NaN,
        "Interest Expense": NaN,
        "Interest Income": NaN,
        "Normalized Income": NaN,
        "Net Income From Continuing And Discontinued Operation": NaN,
        "Total Expenses": NaN,
        "Total Operating Income As Reported": NaN,
        "Diluted Average Shares": 2389468.0,
        "Basic Average Shares": 2389468.0,
        "Diluted EPS": -2.4,
        "Basic EPS": -2.4,
        "Diluted NI Availto Com Stockholders": NaN,
        "Net Income Common Stockholders": NaN,
        "Net Income": NaN,
        "Net Income Including Noncontrolling Interests": NaN,
        "Net Income Continuous Operations": NaN,
        "Tax Provision": NaN,
        "Pretax Income": NaN,
        "Net Non Operating Interest Income Expense": NaN,
        "Interest Expense Non Operating": NaN,
        "Interest Income Non Operating": NaN,
        "Operating Income": NaN,
        "Operating Expense": NaN,
        "Research And Development": NaN,
        "Selling General And Administration": NaN,
        "General And Administrative Expense": NaN,
        "Other Gand A": NaN,
        "Total Revenue": NaN,
        "Operating Revenue": NaN
    },
    "2022-06-30": {
        "Tax Effect Of Unusual Items": 0.0,
        "Tax Rate For Calcs": 0.035794,
        "Normalized EBITDA": -4720000.0,
        "Net Income From Continuing Operation Net Minority Interest": -4768000.0,
        "EBITDA": -4720000.0,
        "EBIT": -4720000.0,
        "Net Interest Income": 1314000.0,
        "Interest Expense": 225000.0,
        "Interest Income": 1539000.0,
        "Normalized Income": -4768000.0,
        "Net Income From Continuing And Discontinued Operation": -4768000.0,
        "Total Expenses": 6259000.0,
        "Total Operating Income As Reported": -6259000.0,
        "Diluted Average Shares": 23840000.0,
        "Basic Average Shares": 23840000.0,
        "Diluted EPS": -0.2,
        "Basic EPS": -0.2,
        "Diluted NI Availto Com Stockholders": -4768000.0,
        "Net Income Common Stockholders": -4768000.0,
        "Net Income": -4768000.0,
        "Net Income Including Noncontrolling Interests": -4768000.0,
        "Net Income Continuous Operations": -4768000.0,
        "Tax Provision": -177000.0,
        "Pretax Income": -4945000.0,
        "Net Non Operating Interest Income Expense": 1314000.0,
        "Interest Expense Non Operating": 225000.0,
        "Interest Income Non Operating": 1539000.0,
        "Operating Income": -6259000.0,
        "Operating Expense": 6259000.0,
        "Research And Development": 4112000.0,
        "Selling General And Administration": 2147000.0,
        "General And Administrative Expense": 2147000.0,
        "Other Gand A": 2147000.0,
        "Total Revenue": 0.0,
        "Operating Revenue": 0.0
    },
    "2022-03-31": {
        "Diluted EPS": -0.25,
        "Total Revenue": NaN,
        "Gross Profit": NaN,
        "Operating Income": -6,
        "EBIT": -6,
        "Net Income": -6
    },
    "2021-12-31": {
        "Diluted EPS": -0.4,
        "Total Revenue": NaN,
        "Gross Profit": NaN,
        "Operating Income": -8,
        "EBIT": -8,
        "Net Income": -8
    },
    "2021-09-30": {
        "Diluted EPS": -0.27,
        "Total Revenue": NaN,
        "Gross Profit": NaN,
        "Operating Income": -6,
        "EBIT": -6,
        "Net Income": -5
    },
    "2021-06-30": {
        "Diluted EPS": -0.36,
        "Total Revenue": NaN,
        "Gross Profit": NaN,
        "Operating Income": -7,
        "EBIT": -7,
        "Net Income": -7
    },
    "2021-03-31": {
        "Diluted EPS": -0.23,
        "Total Revenue": NaN,
        "Gross Profit": NaN,
        "Operating Income": -5,
        "EBIT": -5,
        "Net Income": -4
    },
    "2020-12-31": {
        "Diluted EPS": -0.27,
        "Total Revenue": NaN,
        "Gross Profit": NaN,
        "Operating Income": -5,
        "EBIT": -5,
        "Net Income": -4
    },
    "2020-09-30": {
        "Diluted EPS": -0.26,
        "Total Revenue": NaN,
        "Gross Profit": NaN,
        "Operating Income": -5,
        "EBIT": -5,
        "Net Income": -4
    },
    "2020-06-30": {
        "Diluted EPS": -0.24,
        "Total Revenue": NaN,
        "Gross Profit": NaN,
        "Operating Income": -4,
        "EBIT": -4,
        "Net Income": -4
    },
    "2020-03-31": {
        "Diluted EPS": -0.2,
        "Total Revenue": NaN,
        "Gross Profit": NaN,
        "Operating Income": -3,
        "EBIT": -3,
        "Net Income": -3
    },
    "2019-12-31": {
        "Diluted EPS": 0.0,
        "Total Revenue": NaN,
        "Gross Profit": NaN,
        "Operating Income": NaN,
        "EBIT": NaN,
        "Net Income": NaN
    },
    "2023-06-30": {
        "Tax Effect Of Unusual Items": -2170.785376,
        "Tax Rate For Calcs": 0.038084,
        "Normalized EBITDA": -5630000.0,
        "Total Unusual Items": -57000.0,
        "Total Unusual Items Excluding Goodwill": -57000.0,
        "Net Income From Continuing Operation Net Minority Interest": -5683000.0,
        "EBITDA": -5687000.0,
        "EBIT": -5687000.0,
        "Net Interest Income": -174000.0,
        "Interest Expense": 221000.0,
        "Interest Income": 47000.0,
        "Normalized Income": -5628170.785376,
        "Net Income From Continuing And Discontinued Operation": -5683000.0,
        "Total Expenses": 5677000.0,
        "Total Operating Income As Reported": -5677000.0,
        "Diluted Average Shares": 2706190.0,
        "Basic Average Shares": 2706190.0,
        "Diluted EPS": -2.1,
        "Basic EPS": -2.1,
        "Diluted NI Availto Com Stockholders": -5683000.0,
        "Net Income Common Stockholders": -5683000.0,
        "Net Income": -5683000.0,
        "Net Income Including Noncontrolling Interests": -5683000.0,
        "Net Income Continuous Operations": -5683000.0,
        "Tax Provision": -225000.0,
        "Pretax Income": -5908000.0,
        "Other Income Expense": -57000.0,
        "Gain On Sale Of Security": -57000.0,
        "Net Non Operating Interest Income Expense": -174000.0,
        "Interest Expense Non Operating": 221000.0,
        "Interest Income Non Operating": 47000.0,
        "Operating Income": -5677000.0,
        "Operating Expense": 5677000.0,
        "Research And Development": 2936000.0,
        "Selling General And Administration": 2741000.0,
        "General And Administrative Expense": 2741000.0,
        "Other Gand A": 2741000.0,
        "Total Revenue": 0.0,
        "Operating Revenue": 0.0
    },
    "2023-09-30": {
        "Tax Effect Of Unusual Items": 0.0,
        "Tax Rate For Calcs": 0.033038,
        "Normalized EBITDA": -5690000.0,
        "Total Unusual Items": NaN,
        "Total Unusual Items Excluding Goodwill": NaN,
        "Net Income From Continuing Operation Net Minority Interest": -5678000.0,
        "EBITDA": -5690000.0,
        "EBIT": -5690000.0,
        "Net Interest Income": -110000.0,
        "Interest Expense": 182000.0,
        "Interest Income": 72000.0,
        "Normalized Income": -5678000.0,
        "Net Income From Continuing And Discontinued Operation": -5678000.0,
        "Total Expenses": 5762000.0,
        "Total Operating Income As Reported": -5762000.0,
        "Diluted Average Shares": 2765988.0,
        "Basic Average Shares": 2765988.0,
        "Diluted EPS": -2.1,
        "Basic EPS": -2.1,
        "Diluted NI Availto Com Stockholders": -5678000.0,
        "Net Income Common Stockholders": -5678000.0,
        "Net Income": -5678000.0,
        "Net Income Including Noncontrolling Interests": -5678000.0,
        "Net Income Continuous Operations": -5678000.0,
        "Tax Provision": -194000.0,
        "Pretax Income": -5872000.0,
        "Other Income Expense": NaN,
        "Gain On Sale Of Security": NaN,
        "Net Non Operating Interest Income Expense": -110000.0,
        "Interest Expense Non Operating": 182000.0,
        "Interest Income Non Operating": 72000.0,
        "Operating Income": -5762000.0,
        "Operating Expense": 5762000.0,
        "Research And Development": 2830000.0,
        "Selling General And Administration": 2932000.0,
        "General And Administrative Expense": 2932000.0,
        "Other Gand A": 2932000.0,
        "Total Revenue": 0.0,
        "Operating Revenue": 0.0
    },
    "2023-12-31": {
        "Tax Effect Of Unusual Items": 0.0,
        "Tax Rate For Calcs": 0.03766,
        "Normalized EBITDA": -4589000.0,
        "Total Unusual Items": NaN,
        "Total Unusual Items Excluding Goodwill": NaN,
        "Net Income From Continuing Operation Net Minority Interest": -4523000.0,
        "EBITDA": -4589000.0,
        "EBIT": -4589000.0,
        "Net Interest Income": -361000.0,
        "Interest Expense": 111000.0,
        "Interest Income": -250000.0,
        "Normalized Income": -4523000.0,
        "Net Income From Continuing And Discontinued Operation": -4523000.0,
        "Total Expenses": 4437000.0,
        "Total Operating Income As Reported": -4364000.0,
        "Diluted Average Shares": NaN,
        "Basic Average Shares": NaN,
        "Diluted EPS": NaN,
        "Basic EPS": NaN,
        "Diluted NI Availto Com Stockholders": -4523000.0,
        "Net Income Common Stockholders": -4523000.0,
        "Net Income": -4523000.0,
        "Net Income Including Noncontrolling Interests": -4523000.0,
        "Net Income Continuous Operations": -4523000.0,
        "Tax Provision": -177000.0,
        "Pretax Income": -4700000.0,
        "Other Income Expense": NaN,
        "Gain On Sale Of Security": NaN,
        "Net Non Operating Interest Income Expense": -361000.0,
        "Interest Expense Non Operating": 111000.0,
        "Interest Income Non Operating": -250000.0,
        "Operating Income": -4364000.0,
        "Operating Expense": 4437000.0,
        "Research And Development": 2298000.0,
        "Selling General And Administration": 1864000.0,
        "General And Administrative Expense": 1864000.0,
        "Other Gand A": -1268000.0,
        "Total Revenue": 73000.0,
        "Operating Revenue": 73000.0
    },
    "2024-03-31": {
        "Tax Effect Of Unusual Items": 0.0,
        "Tax Rate For Calcs": 0.22,
        "Normalized EBITDA": 1222000.0,
        "Total Unusual Items": NaN,
        "Total Unusual Items Excluding Goodwill": NaN,
        "Net Income From Continuing Operation Net Minority Interest": 1194000.0,
        "EBITDA": 1222000.0,
        "EBIT": 1222000.0,
        "Net Interest Income": 5372000.0,
        "Interest Expense": 246000.0,
        "Interest Income": 5618000.0,
        "Normalized Income": 1194000.0,
        "Net Income From Continuing And Discontinued Operation": 1194000.0,
        "Total Expenses": 4447000.0,
        "Total Operating Income As Reported": -4396000.0,
        "Diluted Average Shares": 4663824.0,
        "Basic Average Shares": 4663824.0,
        "Diluted EPS": 0.3,
        "Basic EPS": 0.3,
        "Diluted NI Availto Com Stockholders": 1194000.0,
        "Net Income Common Stockholders": 1194000.0,
        "Net Income": 1194000.0,
        "Net Income Including Noncontrolling Interests": 1194000.0,
        "Net Income Continuous Operations": 1194000.0,
        "Tax Provision": -218000.0,
        "Pretax Income": 976000.0,
        "Other Income Expense": NaN,
        "Gain On Sale Of Security": NaN,
        "Net Non Operating Interest Income Expense": 5372000.0,
        "Interest Expense Non Operating": 246000.0,
        "Interest Income Non Operating": 5618000.0,
        "Operating Income": -4396000.0,
        "Operating Expense": 4447000.0,
        "Research And Development": 2836000.0,
        "Selling General And Administration": 1611000.0,
        "General And Administrative Expense": 1611000.0,
        "Other Gand A": 1611000.0,
        "Total Revenue": 51000.0,
        "Operating Revenue": 51000.0
    },
    "2024-06-30": {
        "Tax Effect Of Unusual Items": -50768.797874,
        "Tax Rate For Calcs": 0.031108,
        "Normalized EBITDA": -4540000.0,
        "Total Unusual Items": -1632000.0,
        "Total Unusual Items Excluding Goodwill": -1632000.0,
        "Net Income From Continuing Operation Net Minority Interest": -6198000.0,
        "EBITDA": -6172000.0,
        "EBIT": -6172000.0,
        "Net Interest Income": -184000.0,
        "Interest Expense": 225000.0,
        "Interest Income": 41000.0,
        "Normalized Income": -4616768.797874,
        "Net Income From Continuing And Discontinued Operation": -6198000.0,
        "Total Expenses": 4735000.0,
        "Total Operating Income As Reported": -4581000.0,
        "Diluted Average Shares": 5165000.0,
        "Basic Average Shares": 5165000.0,
        "Diluted EPS": -1.2,
        "Basic EPS": -1.2,
        "Diluted NI Availto Com Stockholders": -6198000.0,
        "Net Income Common Stockholders": -6198000.0,
        "Net Income": -6198000.0,
        "Net Income Including Noncontrolling Interests": -6198000.0,
        "Net Income Continuous Operations": -6198000.0,
        "Tax Provision": -199000.0,
        "Pretax Income": -6397000.0,
        "Other Income Expense": -1632000.0,
        "Gain On Sale Of Security": -1632000.0,
        "Net Non Operating Interest Income Expense": -184000.0,
        "Interest Expense Non Operating": 225000.0,
        "Interest Income Non Operating": 41000.0,
        "Operating Income": -4581000.0,
        "Operating Expense": 4735000.0,
        "Research And Development": 2752000.0,
        "Selling General And Administration": 1983000.0,
        "General And Administrative Expense": 1983000.0,
        "Other Gand A": 1983000.0,
        "Total Revenue": 154000.0,
        "Operating Revenue": 154000.0
    }
}