{
    "2023-03-31": {
        "Tax Effect Of Unusual Items": 0.0,
        "Tax Rate For Calcs": 0.006405,
        "Normalized EBITDA": -5847000.0,
        "Net Income From Continuing Operation Net Minority Interest": -6271000.0,
        "Reconciled Depreciation": 641000.0,
        "Reconciled Cost Of Revenue": 322000.0,
        "EBITDA": -5847000.0,
        "EBIT": -6488000.0,
        "Net Interest Income": -230000.0,
        "Interest Expense": 538000.0,
        "Interest Income": 308000.0,
        "Normalized Income": -6271000.0,
        "Net Income From Continuing And Discontinued Operation": -6271000.0,
        "Total Expenses": 7437000.0,
        "Total Operating Income As Reported": -6796000.0,
        "Diluted Average Shares": 41489001.0,
        "Basic Average Shares": 41489001.0,
        "Diluted EPS": -0.15,
        "Basic EPS": -0.15,
        "Diluted NI Availto Com Stockholders": -6271000.0,
        "Net Income Common Stockholders": -6271000.0,
        "Net Income": -6271000.0,
        "Minority Interests": 710000.0,
        "Net Income Including Noncontrolling Interests": -6981000.0,
        "Net Income Continuous Operations": -6981000.0,
        "Tax Provision": -45000.0,
        "Pretax Income": -7026000.0,
        "Net Non Operating Interest Income Expense": -230000.0,
        "Interest Expense Non Operating": 538000.0,
        "Interest Income Non Operating": 308000.0,
        "Operating Income": -6796000.0,
        "Operating Expense": 7115000.0,
        "Other Operating Expenses": NaN,
        "Research And Development": 4800000.0,
        "Selling General And Administration": 2315000.0,
        "Selling And Marketing Expense": 800000.0,
        "General And Administrative Expense": 1515000.0,
        "Other Gand A": 1515000.0,
        "Gross Profit": 319000.0,
        "Cost Of Revenue": 322000.0,
        "Total Revenue": 641000.0,
        "Operating Revenue": 641000.0
    },
    "2022-12-31": {
        "Tax Effect Of Unusual Items": 0.0,
        "Tax Rate For Calcs": 0.23,
        "Normalized EBITDA": -6468000.0,
        "Net Income From Continuing Operation Net Minority Interest": -2998000.0,
        "Reconciled Depreciation": 641000.0,
        "Reconciled Cost Of Revenue": 364000.0,
        "EBITDA": -6468000.0,
        "EBIT": -7109000.0,
        "Net Interest Income": 2582000.0,
        "Interest Expense": -3333000.0,
        "Interest Income": -497000.0,
        "Normalized Income": -2998000.0,
        "Net Income From Continuing And Discontinued Operation": -2998000.0,
        "Total Expenses": 4442000.0,
        "Total Operating Income As Reported": -3782000.0,
        "Diluted Average Shares": 41234438.0,
        "Basic Average Shares": 41234438.0,
        "Diluted EPS": -0.07,
        "Basic EPS": -0.07,
        "Diluted NI Availto Com Stockholders": -2998000.0,
        "Net Income Common Stockholders": -2998000.0,
        "Net Income": -2998000.0,
        "Minority Interests": 823000.0,
        "Net Income Including Noncontrolling Interests": -3821000.0,
        "Net Income Continuous Operations": -3821000.0,
        "Tax Provision": 45000.0,
        "Pretax Income": -3776000.0,
        "Net Non Operating Interest Income Expense": 2582000.0,
        "Interest Expense Non Operating": -3333000.0,
        "Interest Income Non Operating": -497000.0,
        "Operating Income": -3782000.0,
        "Operating Expense": 4078000.0,
        "Research And Development": 1988000.0,
        "Selling General And Administration": 5590000.0,
        "Selling And Marketing Expense": NaN,
        "General And Administrative Expense": 4575000.0,
        "Other Gand A": -1422000.0,
        "Gross Profit": 296000.0,
        "Cost Of Revenue": 364000.0,
        "Total Revenue": 660000.0,
        "Operating Revenue": 660000.0
    },
    "2022-09-30": {
        "Tax Effect Of Unusual Items": NaN,
        "Tax Rate For Calcs": NaN,
        "Normalized EBITDA": NaN,
        "Net Income From Continuing Operation Net Minority Interest": NaN,
        "Reconciled Depreciation": NaN,
        "Reconciled Cost Of Revenue": NaN,
        "EBITDA": NaN,
        "EBIT": NaN,
        "Net Interest Income": NaN,
        "Interest Expense": NaN,
        "Interest Income": NaN,
        "Normalized Income": NaN,
        "Net Income From Continuing And Discontinued Operation": NaN,
        "Total Expenses": NaN,
        "Total Operating Income As Reported": NaN,
        "Diluted Average Shares": NaN,
        "Basic Average Shares": NaN,
        "Diluted EPS": NaN,
        "Basic EPS": NaN,
        "Diluted NI Availto Com Stockholders": NaN,
        "Net Income Common Stockholders": NaN,
        "Net Income": NaN,
        "Minority Interests": NaN,
        "Net Income Including Noncontrolling Interests": NaN,
        "Net Income Continuous Operations": NaN,
        "Tax Provision": NaN,
        "Pretax Income": NaN,
        "Net Non Operating Interest Income Expense": NaN,
        "Interest Expense Non Operating": NaN,
        "Interest Income Non Operating": NaN,
        "Operating Income": NaN,
        "Operating Expense": NaN,
        "Research And Development": NaN,
        "Selling General And Administration": NaN,
        "Selling And Marketing Expense": 895000.0,
        "General And Administrative Expense": NaN,
        "Other Gand A": NaN,
        "Gross Profit": NaN,
        "Cost Of Revenue": NaN,
        "Total Revenue": NaN,
        "Operating Revenue": NaN
    },
    "2022-06-30": {
        "Tax Effect Of Unusual Items": 0.0,
        "Tax Rate For Calcs": 0.4,
        "Normalized EBITDA": -6950000.0,
        "Net Income From Continuing Operation Net Minority Interest": -8821000.0,
        "Reconciled Depreciation": 613000.0,
        "Reconciled Cost Of Revenue": 262000.0,
        "EBITDA": -6950000.0,
        "EBIT": -7563000.0,
        "Net Interest Income": -1709000.0,
        "Interest Expense": 2153000.0,
        "Interest Income": 444000.0,
        "Normalized Income": -8821000.0,
        "Net Income From Continuing And Discontinued Operation": -8821000.0,
        "Total Expenses": 8319000.0,
        "Total Operating Income As Reported": -8007000.0,
        "Diluted Average Shares": 41202018.0,
        "Basic Average Shares": 41202018.0,
        "Diluted EPS": -0.21,
        "Basic EPS": -0.21,
        "Diluted NI Availto Com Stockholders": -8821000.0,
        "Net Income Common Stockholders": -8821000.0,
        "Net Income": -8821000.0,
        "Minority Interests": 933000.0,
        "Net Income Including Noncontrolling Interests": -9754000.0,
        "Net Income Continuous Operations": -9754000.0,
        "Tax Provision": 38000.0,
        "Pretax Income": -9716000.0,
        "Net Non Operating Interest Income Expense": -1709000.0,
        "Interest Expense Non Operating": 2153000.0,
        "Interest Income Non Operating": 444000.0,
        "Operating Income": -8007000.0,
        "Operating Expense": 8057000.0,
        "Other Operating Expenses": NaN,
        "Research And Development": 6379000.0,
        "Selling General And Administration": 1678000.0,
        "Selling And Marketing Expense": NaN,
        "General And Administrative Expense": 1678000.0,
        "Other Gand A": 1678000.0,
        "Gross Profit": 50000.0,
        "Cost Of Revenue": 262000.0,
        "Total Revenue": 312000.0,
        "Operating Revenue": 312000.0
    },
    "2022-03-31": {
        "Diluted EPS": -0.2,
        "Total Revenue": 0,
        "Gross Profit": 0,
        "Operating Income": -8,
        "EBIT": -7,
        "Net Income": -8
    },
    "2021-12-31": {
        "Diluted EPS": -0.18,
        "Total Revenue": 0,
        "Gross Profit": 0,
        "Operating Income": -9,
        "EBIT": -8,
        "Net Income": -7
    },
    "2021-09-30": {
        "Diluted EPS": -0.19,
        "Total Revenue": 0,
        "Gross Profit": 0,
        "Operating Income": -9,
        "EBIT": -8,
        "Net Income": -8
    },
    "2021-06-30": {
        "Diluted EPS": -0.15,
        "Total Revenue": 0,
        "Gross Profit": 0,
        "Operating Income": -7,
        "EBIT": -7,
        "Net Income": -6
    },
    "2021-03-31": {
        "Diluted EPS": -0.17,
        "Total Revenue": 0,
        "Gross Profit": 0,
        "Operating Income": -6,
        "EBIT": -6,
        "Net Income": -7
    },
    "2020-12-31": {
        "Diluted EPS": -0.26,
        "Total Revenue": 0,
        "Gross Profit": 0,
        "Operating Income": -7,
        "EBIT": -7,
        "Net Income": -8
    },
    "2020-09-30": {
        "Diluted EPS": -0.17,
        "Total Revenue": 0,
        "Gross Profit": 0,
        "Operating Income": -6,
        "EBIT": -5,
        "Net Income": -5
    },
    "2020-06-30": {
        "Diluted EPS": -0.16,
        "Total Revenue": 0,
        "Gross Profit": 0,
        "Operating Income": -5,
        "EBIT": -4,
        "Net Income": -4
    },
    "2020-03-31": {
        "Diluted EPS": -0.24,
        "Total Revenue": 0,
        "Gross Profit": 0,
        "Operating Income": -7,
        "EBIT": -6,
        "Net Income": -6
    },
    "2019-12-31": {
        "Diluted EPS": -0.23,
        "Total Revenue": 0,
        "Gross Profit": 0,
        "Operating Income": -7,
        "EBIT": -6,
        "Net Income": -6
    },
    "2019-09-30": {
        "Diluted EPS": -0.16,
        "Total Revenue": 0,
        "Gross Profit": 0,
        "Operating Income": -5,
        "EBIT": -4,
        "Net Income": -4
    },
    "2019-06-30": {
        "Diluted EPS": -0.16,
        "Total Revenue": 0,
        "Gross Profit": 0,
        "Operating Income": -5,
        "EBIT": -4,
        "Net Income": -4
    },
    "2019-03-31": {
        "Diluted EPS": -0.15,
        "Total Revenue": 0,
        "Gross Profit": 0,
        "Operating Income": -5,
        "EBIT": -4,
        "Net Income": -4
    },
    "2018-12-31": {
        "Diluted EPS": -0.22,
        "Total Revenue": 1,
        "Gross Profit": 0,
        "Operating Income": -5,
        "EBIT": -6,
        "Net Income": -6
    },
    "2018-09-30": {
        "Diluted EPS": -0.19,
        "Total Revenue": 0,
        "Gross Profit": 0,
        "Operating Income": -5,
        "EBIT": -5,
        "Net Income": -5
    },
    "2018-06-30": {
        "Diluted EPS": -0.19,
        "Total Revenue": 0,
        "Gross Profit": 0,
        "Operating Income": -5,
        "EBIT": -4,
        "Net Income": -5
    },
    "2018-03-31": {
        "Diluted EPS": -0.21,
        "Total Revenue": 0,
        "Gross Profit": 0,
        "Operating Income": -5,
        "EBIT": -4,
        "Net Income": -5
    },
    "2017-12-31": {
        "Diluted EPS": -0.24,
        "Total Revenue": 1,
        "Gross Profit": 0,
        "Operating Income": -6,
        "EBIT": -5,
        "Net Income": -6
    },
    "2017-09-30": {
        "Diluted EPS": -0.2,
        "Total Revenue": 1,
        "Gross Profit": 0,
        "Operating Income": -6,
        "EBIT": -5,
        "Net Income": -5
    },
    "2017-06-30": {
        "Diluted EPS": -0.18,
        "Total Revenue": 1,
        "Gross Profit": 0,
        "Operating Income": -5,
        "EBIT": -5,
        "Net Income": -5
    },
    "2017-03-31": {
        "Diluted EPS": -0.19,
        "Total Revenue": 1,
        "Gross Profit": 0,
        "Operating Income": -5,
        "EBIT": -5,
        "Net Income": -5
    },
    "2016-12-31": {
        "Diluted EPS": -0.26,
        "Total Revenue": 1,
        "Gross Profit": 0,
        "Operating Income": -6,
        "EBIT": -6,
        "Net Income": -7
    },
    "2016-09-30": {
        "Diluted EPS": -0.2,
        "Total Revenue": 2,
        "Gross Profit": 0,
        "Operating Income": -5,
        "EBIT": -5,
        "Net Income": -5
    },
    "2016-06-30": {
        "Diluted EPS": -0.18,
        "Total Revenue": 2,
        "Gross Profit": 0,
        "Operating Income": -5,
        "EBIT": -5,
        "Net Income": -4
    },
    "2016-03-31": {
        "Diluted EPS": -0.13,
        "Total Revenue": 2,
        "Gross Profit": 1,
        "Operating Income": -5,
        "EBIT": -4,
        "Net Income": -3
    },
    "2015-12-31": {
        "Diluted EPS": -0.22,
        "Total Revenue": 2,
        "Gross Profit": 0,
        "Operating Income": -4,
        "EBIT": -4,
        "Net Income": -5
    },
    "2015-09-30": {
        "Diluted EPS": -0.13,
        "Total Revenue": 3,
        "Gross Profit": 1,
        "Operating Income": -4,
        "EBIT": -3,
        "Net Income": -3
    },
    "2015-06-30": {
        "Diluted EPS": -0.2,
        "Total Revenue": 3,
        "Gross Profit": 1,
        "Operating Income": -5,
        "EBIT": -4,
        "Net Income": -5
    },
    "2015-03-31": {
        "Diluted EPS": -0.13,
        "Total Revenue": 3,
        "Gross Profit": 1,
        "Operating Income": -4,
        "EBIT": -3,
        "Net Income": -3
    },
    "2014-12-31": {
        "Diluted EPS": -0.19,
        "Total Revenue": 4,
        "Gross Profit": 1,
        "Operating Income": -6,
        "EBIT": -6,
        "Net Income": -5
    },
    "2014-09-30": {
        "Diluted EPS": -0.17,
        "Total Revenue": 3,
        "Gross Profit": 1,
        "Operating Income": -4,
        "EBIT": -3,
        "Net Income": -4
    },
    "2014-06-30": {
        "Diluted EPS": -0.13,
        "Total Revenue": 4,
        "Gross Profit": 1,
        "Operating Income": -4,
        "EBIT": -4,
        "Net Income": -3
    },
    "2014-03-31": {
        "Diluted EPS": -0.09,
        "Total Revenue": 4,
        "Gross Profit": 1,
        "Operating Income": -3,
        "EBIT": -2,
        "Net Income": -2
    },
    "2013-12-31": {
        "Diluted EPS": -0.2,
        "Total Revenue": 4,
        "Gross Profit": 2,
        "Operating Income": -6,
        "EBIT": -5,
        "Net Income": -4
    },
    "2013-09-30": {
        "Diluted EPS": -0.06,
        "Total Revenue": 4,
        "Gross Profit": 2,
        "Operating Income": -3,
        "EBIT": -2,
        "Net Income": -2
    },
    "2013-06-30": {
        "Diluted EPS": -0.05,
        "Total Revenue": 4,
        "Gross Profit": 2,
        "Operating Income": -2,
        "EBIT": -1,
        "Net Income": -2
    },
    "2013-03-31": {
        "Diluted EPS": -0.01,
        "Total Revenue": 5,
        "Gross Profit": 2,
        "Operating Income": -1,
        "EBIT": 0,
        "Net Income": 0
    },
    "2012-12-31": {
        "Diluted EPS": -0.02,
        "Total Revenue": 5,
        "Gross Profit": 2,
        "Operating Income": -1,
        "EBIT": 0,
        "Net Income": -1
    },
    "2012-09-30": {
        "Diluted EPS": -0.03,
        "Total Revenue": 4,
        "Gross Profit": 2,
        "Operating Income": -1,
        "EBIT": -1,
        "Net Income": -1
    },
    "2012-06-30": {
        "Diluted EPS": -0.03,
        "Total Revenue": 4,
        "Gross Profit": 2,
        "Operating Income": -1,
        "EBIT": -1,
        "Net Income": -1
    },
    "2012-03-31": {
        "Diluted EPS": 0.01,
        "Total Revenue": 4,
        "Gross Profit": 2,
        "Operating Income": 0,
        "EBIT": 0,
        "Net Income": 0
    },
    "2011-12-31": {
        "Diluted EPS": 0.09,
        "Total Revenue": 12,
        "Gross Profit": 12,
        "Operating Income": 12,
        "EBIT": 12,
        "Net Income": 3
    },
    "2023-06-30": {
        "Tax Effect Of Unusual Items": NaN,
        "Tax Rate For Calcs": NaN,
        "Normalized EBITDA": NaN,
        "Net Income From Continuing Operation Net Minority Interest": NaN,
        "Reconciled Depreciation": NaN,
        "Reconciled Cost Of Revenue": NaN,
        "EBITDA": NaN,
        "EBIT": NaN,
        "Net Interest Income": NaN,
        "Interest Expense": NaN,
        "Interest Income": NaN,
        "Normalized Income": NaN,
        "Net Income From Continuing And Discontinued Operation": NaN,
        "Total Expenses": NaN,
        "Total Operating Income As Reported": NaN,
        "Diluted Average Shares": NaN,
        "Basic Average Shares": NaN,
        "Diluted EPS": NaN,
        "Basic EPS": NaN,
        "Diluted NI Availto Com Stockholders": NaN,
        "Net Income Common Stockholders": NaN,
        "Net Income": NaN,
        "Minority Interests": NaN,
        "Net Income Including Noncontrolling Interests": NaN,
        "Net Income Continuous Operations": NaN,
        "Tax Provision": NaN,
        "Pretax Income": NaN,
        "Other Income Expense": NaN,
        "Earnings From Equity Interest": 0.0,
        "Net Non Operating Interest Income Expense": NaN,
        "Interest Expense Non Operating": NaN,
        "Interest Income Non Operating": NaN,
        "Operating Income": NaN,
        "Operating Expense": NaN,
        "Other Operating Expenses": NaN,
        "Research And Development": NaN,
        "Selling General And Administration": NaN,
        "Selling And Marketing Expense": NaN,
        "General And Administrative Expense": NaN,
        "Other Gand A": NaN,
        "Gross Profit": NaN,
        "Cost Of Revenue": NaN,
        "Total Revenue": NaN,
        "Operating Revenue": NaN
    },
    "2023-09-30": {
        "Tax Effect Of Unusual Items": 0.0,
        "Tax Rate For Calcs": 0.001294,
        "Normalized EBITDA": -3093000.0,
        "Net Income From Continuing Operation Net Minority Interest": -3984000.0,
        "Reconciled Depreciation": 661000.0,
        "Reconciled Cost Of Revenue": 511000.0,
        "EBITDA": -3093000.0,
        "EBIT": -3754000.0,
        "Net Interest Income": 320000.0,
        "Interest Expense": 109000.0,
        "Interest Income": 429000.0,
        "Normalized Income": -3984000.0,
        "Net Income From Continuing And Discontinued Operation": -3984000.0,
        "Total Expenses": 7950000.0,
        "Total Operating Income As Reported": -4183000.0,
        "Diluted Average Shares": 4913052.0,
        "Basic Average Shares": 4913052.0,
        "Diluted EPS": -0.81,
        "Basic EPS": -0.81,
        "Diluted NI Availto Com Stockholders": -3984000.0,
        "Net Income Common Stockholders": -3984000.0,
        "Net Income": -3984000.0,
        "Minority Interests": -126000.0,
        "Net Income Including Noncontrolling Interests": -3858000.0,
        "Net Income Continuous Operations": -3858000.0,
        "Tax Provision": -5000.0,
        "Pretax Income": -3863000.0,
        "Other Income Expense": NaN,
        "Earnings From Equity Interest": 0.0,
        "Net Non Operating Interest Income Expense": 320000.0,
        "Interest Expense Non Operating": 109000.0,
        "Interest Income Non Operating": 429000.0,
        "Operating Income": -4183000.0,
        "Operating Expense": 7439000.0,
        "Other Operating Expenses": NaN,
        "Research And Development": 5063000.0,
        "Selling General And Administration": 2376000.0,
        "Selling And Marketing Expense": 850000.0,
        "General And Administrative Expense": 1526000.0,
        "Other Gand A": 1526000.0,
        "Gross Profit": 3256000.0,
        "Cost Of Revenue": 511000.0,
        "Total Revenue": 3767000.0,
        "Operating Revenue": 3767000.0
    },
    "2023-12-31": {
        "Tax Effect Of Unusual Items": 0.0,
        "Tax Rate For Calcs": 0.000545,
        "Normalized EBITDA": -7457000.0,
        "Net Income From Continuing Operation Net Minority Interest": -6601000.0,
        "Reconciled Depreciation": 663000.0,
        "Reconciled Cost Of Revenue": 398000.0,
        "EBITDA": -7457000.0,
        "EBIT": -8120000.0,
        "Net Interest Income": 741000.0,
        "Interest Expense": -779000.0,
        "Interest Income": 120000.0,
        "Normalized Income": -6601000.0,
        "Net Income From Continuing And Discontinued Operation": -6601000.0,
        "Total Expenses": 8206000.0,
        "Total Operating Income As Reported": -7628000.0,
        "Diluted Average Shares": 5058488.0,
        "Basic Average Shares": 5058488.0,
        "Diluted EPS": -1.3,
        "Basic EPS": -1.3,
        "Diluted NI Availto Com Stockholders": -6601000.0,
        "Net Income Common Stockholders": -6601000.0,
        "Net Income": -6601000.0,
        "Minority Interests": 736000.0,
        "Net Income Including Noncontrolling Interests": -7337000.0,
        "Net Income Continuous Operations": -7337000.0,
        "Tax Provision": -4000.0,
        "Pretax Income": -7341000.0,
        "Other Income Expense": NaN,
        "Earnings From Equity Interest": NaN,
        "Net Non Operating Interest Income Expense": 741000.0,
        "Interest Expense Non Operating": -779000.0,
        "Interest Income Non Operating": 120000.0,
        "Operating Income": -7628000.0,
        "Operating Expense": 7808000.0,
        "Other Operating Expenses": NaN,
        "Research And Development": 5545000.0,
        "Selling General And Administration": 2263000.0,
        "Selling And Marketing Expense": -1568000.0,
        "General And Administrative Expense": 3831000.0,
        "Other Gand A": -2180000.0,
        "Gross Profit": 180000.0,
        "Cost Of Revenue": 398000.0,
        "Total Revenue": 578000.0,
        "Operating Revenue": 578000.0
    },
    "2024-03-31": {
        "Tax Effect Of Unusual Items": 0.0,
        "Tax Rate For Calcs": 0.0,
        "Normalized EBITDA": -3008000.0,
        "Net Income From Continuing Operation Net Minority Interest": -3863000.0,
        "Reconciled Depreciation": 671000.0,
        "Reconciled Cost Of Revenue": 310000.0,
        "EBITDA": -3008000.0,
        "EBIT": -3679000.0,
        "Net Interest Income": 241000.0,
        "Interest Expense": 166000.0,
        "Interest Income": 407000.0,
        "Normalized Income": -3863000.0,
        "Net Income From Continuing And Discontinued Operation": -3863000.0,
        "Total Expenses": 8276000.0,
        "Total Operating Income As Reported": -4086000.0,
        "Diluted Average Shares": 5062292.0,
        "Basic Average Shares": 5062292.0,
        "Diluted EPS": -0.8,
        "Basic EPS": -0.8,
        "Diluted NI Availto Com Stockholders": -3863000.0,
        "Net Income Common Stockholders": -3863000.0,
        "Net Income": -3863000.0,
        "Minority Interests": -18000.0,
        "Net Income Including Noncontrolling Interests": -3845000.0,
        "Net Income Continuous Operations": -3845000.0,
        "Tax Provision": 0.0,
        "Pretax Income": -3845000.0,
        "Other Income Expense": NaN,
        "Earnings From Equity Interest": NaN,
        "Net Non Operating Interest Income Expense": 241000.0,
        "Interest Expense Non Operating": 166000.0,
        "Interest Income Non Operating": 407000.0,
        "Operating Income": -4086000.0,
        "Operating Expense": 7966000.0,
        "Other Operating Expenses": 519000.0,
        "Research And Development": 4801000.0,
        "Selling General And Administration": 2646000.0,
        "Selling And Marketing Expense": 992000.0,
        "General And Administrative Expense": 1654000.0,
        "Other Gand A": 1654000.0,
        "Gross Profit": 3880000.0,
        "Cost Of Revenue": 310000.0,
        "Total Revenue": 4190000.0,
        "Operating Revenue": 4190000.0
    },
    "2024-06-30": {
        "Tax Effect Of Unusual Items": 0.0,
        "Tax Rate For Calcs": 0.23,
        "Normalized EBITDA": -5249000.0,
        "Net Income From Continuing Operation Net Minority Interest": -5419000.0,
        "Reconciled Depreciation": 613000.0,
        "Reconciled Cost Of Revenue": 537000.0,
        "EBITDA": -5249000.0,
        "EBIT": -5862000.0,
        "Net Interest Income": 138000.0,
        "Interest Expense": 122000.0,
        "Interest Income": 260000.0,
        "Normalized Income": -5419000.0,
        "Net Income From Continuing And Discontinued Operation": -5419000.0,
        "Total Expenses": 7016000.0,
        "Total Operating Income As Reported": -6102000.0,
        "Diluted Average Shares": 509099.0,
        "Basic Average Shares": 509099.0,
        "Diluted EPS": -10.6,
        "Basic EPS": -10.6,
        "Diluted NI Availto Com Stockholders": -5419000.0,
        "Net Income Common Stockholders": -5419000.0,
        "Net Income": -5419000.0,
        "Minority Interests": 566000.0,
        "Net Income Including Noncontrolling Interests": -5985000.0,
        "Net Income Continuous Operations": -5985000.0,
        "Tax Provision": 1000.0,
        "Pretax Income": -5984000.0,
        "Other Income Expense": -20000.0,
        "Earnings From Equity Interest": -20000.0,
        "Net Non Operating Interest Income Expense": 138000.0,
        "Interest Expense Non Operating": 122000.0,
        "Interest Income Non Operating": 260000.0,
        "Operating Income": -6102000.0,
        "Operating Expense": 6479000.0,
        "Other Operating Expenses": 5000.0,
        "Research And Development": 4016000.0,
        "Selling General And Administration": 2458000.0,
        "Selling And Marketing Expense": 928000.0,
        "General And Administrative Expense": 1530000.0,
        "Other Gand A": 1530000.0,
        "Gross Profit": 377000.0,
        "Cost Of Revenue": 537000.0,
        "Total Revenue": 914000.0,
        "Operating Revenue": 914000.0
    },
    "2024-09-30": {
        "Tax Effect Of Unusual Items": 0.0,
        "Tax Rate For Calcs": 0.23,
        "Normalized EBITDA": -4681000.0,
        "Net Income From Continuing Operation Net Minority Interest": -7630000.0,
        "Reconciled Depreciation": 627000.0,
        "Reconciled Cost Of Revenue": 1081000.0,
        "EBITDA": -4681000.0,
        "EBIT": -5308000.0,
        "Net Interest Income": -757000.0,
        "Interest Expense": 2910000.0,
        "Interest Income": 2153000.0,
        "Normalized Income": -7630000.0,
        "Net Income From Continuing And Discontinued Operation": -7630000.0,
        "Total Expenses": 9251000.0,
        "Total Operating Income As Reported": -7455000.0,
        "Diluted Average Shares": 5807128.0,
        "Basic Average Shares": 5807128.0,
        "Diluted EPS": -1.31,
        "Basic EPS": -1.31,
        "Diluted NI Availto Com Stockholders": -7630000.0,
        "Net Income Common Stockholders": -7630000.0,
        "Net Income": -7630000.0,
        "Minority Interests": 589000.0,
        "Net Income Including Noncontrolling Interests": -8219000.0,
        "Net Income Continuous Operations": -8219000.0,
        "Tax Provision": 1000.0,
        "Pretax Income": -8218000.0,
        "Other Income Expense": -6000.0,
        "Earnings From Equity Interest": -6000.0,
        "Net Non Operating Interest Income Expense": -757000.0,
        "Interest Expense Non Operating": 2910000.0,
        "Interest Income Non Operating": 2153000.0,
        "Operating Income": -7455000.0,
        "Operating Expense": 8170000.0,
        "Other Operating Expenses": NaN,
        "Research And Development": 4430000.0,
        "Selling General And Administration": 3740000.0,
        "Selling And Marketing Expense": 855000.0,
        "General And Administrative Expense": 2885000.0,
        "Other Gand A": 2885000.0,
        "Gross Profit": 715000.0,
        "Cost Of Revenue": 1081000.0,
        "Total Revenue": 1796000.0,
        "Operating Revenue": 1796000.0
    }
}